3504 5566
541 579 627 624 araas
649 578 798 624 secaneos
819 579 1038 625 accamanus.
1316 562 1374 626 llo

201 705 314 784 cepta3
341 703 456 765 tamen
481 697 693 762 consuetudo
723 697 845 764 alicubi
872 698 1018 764 obtinuit
1046 705 1085 764 ut
1112 699 1288 784 episcopus
1315 720 1376 784 per

202 809 306 874 alium
321 806 525 873 sententiam
539 807 681 872 recitare
694 807 804 871 iaciat.

241 916 274 980 l⁰
286 916 327 980 Ut
340 915 509 979 sententia
520 914 728 997 concipiatur
742 917 860 978 contra
874 914 970 978 illum
985 916 1043 998 qui
1056 915 1152 980 litem
1166 921 1376 982 contestatus

203 1030 255 1090 est
271 1045 278 1087 :
295 1024 342 1088 ita
357 1025 415 1105 jus
436 1022 533 1086 Rom.
550 1021 615 1086 Sed
635 1022 677 1086 de
696 1023 775 1104 jura
794 1021 968 1098 canonico,
986 1025 1156 1088 sententia
1169 1024 1249 1088 ferri
1264 1029 1377 1107 potest

204 1133 257 1196 vel
271 1132 306 1196 in
316 1135 570 1216 procuratorem
581 1128 637 1196 vel
649 1129 683 1194 in
695 1130 916 1214 principalem
926 1132 1117 1216 litigantem
1130 1133 1168 1214 (c.
1182 1134 1201 1198 6
1214 1133 1255 1198 de
1268 1133 1373 1218 Heliq.

203 1244 313 1317 Dona,
327 1261 355 1307 c.
374 1243 412 1306 ll
427 1243 467 1306 dc
480 1241 592 1320 Cena,
607 1242 699 1324 etc.);
718 1241 933 1325 excipiuntur
946 1243 1050 1327 aliqui
1068 1261 1167 1308 casus
1187 1243 1221 1307 in
1241 1244 1373 1328 quibus,

203 1351 246 1416 ob
262 1350 443 1435 specialem
461 1350 639 1424 rationem,
661 1351 830 1414 sententia
847 1369 919 1416 non
932 1355 1047 1436 potest
1060 1351 1191 1434 concipi
1205 1351 1240 1414 in
1254 1369 1373 1434 procn-

202 1463 362 1533 ratorem,
376 1477 408 1522 v.
425 1477 458 1539 g.
473 1458 508 1521 in
523 1457 841 1534 matrimonialibus,
858 1458 1100 1535 criminalibus,
1117 1463 1181 1524 etc.

242 1569 269 1650 c)
285 1567 460 1632 Sententia
474 1566 597 1630 nonsit
611 1566 646 1628 in
659 1585 730 1630 rem
744 1566 950 1647 jndicetom,
968 1585 1009 1630 eo
1032 1571 1184 1651 tempore
1208 1585 1276 1651 qno
1297 1585 1376 1650 pars

203 1677 291 1741 victa
300 1673 483 1758 acquiescit
494 1673 748 1748 sententiae,val
759 1692 930 1758 expresse,
941 1673 1180 1758 pntapetendo
1191 1676 1375 1738 terminum

203 1783 393 1857 solutionis,
410 1780 467 1846 vel
486 1781 597 1856 tacite,
614 1799 684 1846 non
706 1781 907 1865 appellando
926 1782 1015 1847 intra
1029 1782 1197 1847 delectum
1213 1786 1349 1865 tempus
1366 1803 1373 1844 :

203 1891 330 1956 etenim
344 1893 411 1954 stat
424 1907 485 1973 pro
499 1889 632 1971 justitia
648 1890 825 1954 sententiae
845 1890 1065 1974 presumptio
1080 1889 1167 1973 juris
1181 1894 1216 1955 et
1230 1890 1271 1954 de
1285 1891 1373 1974 jure,

201 2003 434 2082 contraquam
450 2015 519 2062 non
532 1997 720 2062 admittitur
731 1997 896 2081 probatio.

243 2106 371 2171 llantur
384 2110 499 2170 lamen
513 2105 740 2188 exceptiones,
753 2123 814 2169 sen
829 2122 928 2170 casus
942 2105 978 2170 in
994 2104 1116 2189 quibua
1127 2105 1296 2170 sententia
1307 2123 1376 2171 non
1491 2187 1495 2194 ι

204 2217 324 2282 transit
335 2217 369 2280 in
384 2234 458 2281 rem
469 2215 666 2299 judicatam.
680 2215 858 2299 Praecipuae
874 2220 955 2280 sunt
968 2219 1151 2300 sequentes
1165 2235 1172 2278 ε
1185 2217 1216 2279 l⁰
1226 2215 1263 2280 ln
1275 2233 1377 2280 cansa

202 2323 453 2398 matrimoniali,
471 2324 499 2386 si
523 2322 645 2388 deinde
669 2342 731 2406 pro
755 2323 976 2388 dissolutione
999 2323 1055 2388 vel
1079 2327 1198 2388 contra
1220 2322 1376 2388 eamdem

202 2431 410 2496 matrimonii
439 2431 658 2516 probationes
683 2431 871 2496 afferantur
886 2433 924 2513 (c.
941 2433 970 2506 7,
987 2433 1026 2495 ro
1044 2432 1078 2494 b.
1096 2432 1144 2514 t).
1159 2432 1191 2494 9⁰
1205 2430 1243 2495 ln
1266 2430 1376 2495 causis

203 2539 465 2616 beneficialibus,
483 2541 512 2602 si
535 2540 773 2605 ostenderetur
792 2545 911 2605 contra
933 2540 1098 2605 victorem
1120 2539 1266 2604 inanitas
1289 2539 1374 2603 tituli

203 2651 242 2730 (o.
258 2649 298 2712 lo
311 2650 352 2713 de
367 2648 524 2733 Appellz).
540 2649 573 2712 3ο
592 2649 626 2711 Si
641 2648 812 2713 sententia
831 2645 901 2713 lata
924 2652 977 2712 est
1000 2667 1043 2712 cx
1066 2649 1301 2712 instrumentis
1317 2653 1376 2712 aut

205 2757 408 2822 testimoniis
430 2758 563 2822 notorie
585 2757 677 2822 falsis
699 2759 740 2841 (c.
755 2759 839 2822 tlh.
856 2760 903 2838 t).
919 2759 952 2822 4⁰
969 2757 1005 2822 ln
1029 2777 1132 2823 causa
1154 2777 1375 2822 censurarum

204 2869 243 2946 (c.
260 2867 300 2930 36
314 2866 356 2929 de
372 2865 465 2947 Offic.
483 2867 606 2950 deleq,
619 2885 647 2931 c.
663 2866 704 2930 48
716 2867 758 2930 de
772 2867 866 2932 Sent.
884 2885 1023 2945 eccam„
1040 2869 1132 2949 etc.);
1148 2872 1267 2950 petens
1280 2869 1376 2932 abso-

203 2975 369 3041 lutionem
398 2995 534 3060 semper
561 2977 697 3042 auditur
722 2978 750 3041 si
779 2977 862 3041 velit
891 2979 1033 3062 probare
1062 2979 1268 3042 sententiam
1301 2997 1376 3042 essa

204 3085 377 3167 injustam.
388 3085 421 3148 5⁰
435 3085 473 3150 ln
487 3087 598 3150 causis
610 3087 851 3161 criminalibus,
865 3086 893 3150 si
906 3091 1050 3169 repertae
1066 3091 1146 3151 sunt
1160 3087 1377 3169 probationes

204 3195 395 3277 prosevere
410 3197 460 3260 rei
475 3197 676 3280 (jusRom.).
693 3199 725 3261 6ο
741 3197 778 3260 ln
793 3197 903 3262 causis
919 3197 1092 3261 minorum
1109 3214 1295 3280 eorumque
1312 3197 1379 3279 pri-

204 3302 337 3384 vilegiis
351 3303 575 3386 gaudentium
589 3305 681 3388 (Vide
697 3305 909 3388 expositores
921 3305 1012 3388 juris
1025 3302 1146 3386 Rom).

613 3549 630 3622 §
649 3549 693 3606 ΙΙΙ.
714 3550 756 3608 lle
773 3563 807 3608 re
821 3547 971 3620 judicato.

246 3733 280 3814 α)
293 3731 355 3798 Rei
359 3733 525 3815 judicate
539 3751 667 3799 nomen
681 3733 842 3817 accipitur
860 3735 931 3797 sive
952 3751 1013 3816 pro
1035 3733 1109 3816 ipsa
1121 3729 1180 3794 lite
1195 3745 1379 3812 superque

207 3841 447 3907 sententialata
457 3847 519 3918 est,
531 3847 565 3907 et
574 3843 771 3907 asententia
781 3841 985 3906 ditiertsicut
994 3841 1136 3906 effectus
1146 3855 1293 3914 acansa;
1306 3835 1377 3900 sive

206 3967 267 4030 pro
288 3951 360 4034 ipsa
380 3952 559 4028 sententis,
576 3969 646 4016 non
666 3956 781 4016 nmen
800 3953 915 4016 statim
938 3969 976 4015 ac
997 3947 1215 4034 pronuntiate
1238 3949 1300 4022 est,
1318 3943 1378 4008 sed

206 4077 284 4123 cum
296 4061 446 4144 primum
458 4061 515 4128 illa
529 4061 674 4146 amplius
688 4061 849 4148 suspendi
865 4061 1001 4146 nequit:
1020 4059 1142 4124 transit
1155 4059 1191 4122 in
1205 4075 1278 4122 rem
1289 4054 1379 4139 judi-

208 4173 328 4234 catam.

249 4280 278 4362 t)
293 4279 440 4362 Effectus
454 4281 503 4346 rei
515 4282 675 4364 judicatae
694 4281 725 4344 1⁰
740 4299 783 4344 ex
802 4283 896 4364 parte
910 4277 1037 4360 judicis
1056 4279 1119 4350 est,
1137 4273 1228 4359 quod
1244 4274 1380 4337 iunctus

209 4389 253 4452 sit
266 4405 329 4453 suc
343 4390 469 4466 officio,
485 4392 517 4454 9⁰
534 4410 577 4454 ex
592 4395 687 4474 parte
698 4389 866 4474 partium,
882 4386 974 4471 quod
995 4386 1083 4448 inter
1105 4382 1181 4448 illos
1202 4384 1260 4465 jus
1281 4379 1382 4444 iaciat

209 4502 244 4560 et
258 4497 386 4579 obliget
399 4500 441 4564 ad
455 4499 644 4583 parendum
659 4499 698 4580 (c.
716 4497 754 4561 la
767 4497 800 4560 h.
819 4498 867 4578 t).
885 4495 917 4558 3⁰
933 4493 981 4558 Ex
993 4475 1096 4576 perte¹
1106 4508 1225 4566 cauae,
1240 4491 1293 4553 est
1303 4485 1380 4548 ilnis

209 4607 460 4672 controversie.
484 4607 624 4684 Quando
644 4607 837 4672 conformes
861 4607 942 4672 sunt
960 4599 1187 4667 communiter
1204 4593 1381 4662 sententiae

210 4715 410 4780 interiorum
421 4715 587 4798 judicum,
605 4734 673 4782 non
688 4715 817 4782 iaciunt
832 4711 969 4798 quidem
981 4711 1039 4795 jus
1057 4725 1251 4782 commune,
1268 4709 1382 4769 nmen
