3504 5566
365 585 422 650 190
820 601 872 652 rus
891 595 1071 652 msomcmt.

400 721 433 782 3ο
448 717 628 784 Interdicis
653 725 706 785 est
729 720 859 784 clericis
874 722 1029 802 gestatio
1055 735 1246 796 armorum,
1273 723 1309 784 et
1330 714 1540 784 contrarium

361 828 524 892 facientes
549 828 900 905 excommunicantur,
927 848 997 894 non
1021 835 1135 893 tamon
1157 827 1233 910 ipsc
1256 827 1357 906 lacto,
1377 829 1442 891 nisi
1465 827 1541 890 reli-

361 935 447 1016 giosi
463 936 542 1012 siut,
560 935 616 1019 qui
632 935 714 1000 olim
729 953 772 1000 ex
785 955 814 1000 c.
839 938 860 1000 2
882 955 932 1019 pr.
949 938 999 1000 tit.
1017 941 1115 1001 erant
1136 937 1210 1019 ipso
1233 936 1322 1000 lacto
1345 953 1541 999 excommu-

361 1043 473 1108 nicati.
491 1043 578 1108 Sunt
593 1044 686 1108 enim
699 1043 827 1108 milites
841 1044 1009 1122 ooelestes,
1026 1043 1083 1128 qui
1100 1044 1238 1108 studere
1254 1043 1381 1134 debent
1396 1043 1540 1108 orationi

361 1157 396 1214 et
408 1151 696 1234 contemplationi,
708 1169 779 1218 non
796 1152 1041 1234 digladiationi.
1056 1152 1217 1216 silanion
1230 1157 1323 1216 esset
1334 1155 1429 1234 justa
1438 1170 1541 1217 causa

360 1277 455 1324 orme
468 1259 610 1336 ferendi,
628 1279 661 1323 v.
679 1279 711 1341 g.
728 1261 765 1324 in
779 1260 957 1324 obsidione
972 1259 1028 1325 vel
1047 1259 1170 1324 itinere
1185 1277 1247 1342 per
1260 1259 1336 1324 loca
1349 1259 1540 1324 latronibus

361 1367 493 1442 infesta,
509 1372 650 1450 possent
664 1385 760 1432 erma
773 1368 913 1451 impune
936 1373 1083 1450 gesture,
1099 1367 1348 1432 consuetudine
1362 1367 1444 1432 illud
1465 1387 1541 1450 per-

361 1476 517 1539 mittente
532 1474 623 1557 (Vide
638 1475 787 1557 Pirbing,
804 1475 837 1538 lr.
857 1482 880 1539 l.
897 1495 931 1540 n.
946 1477 1008 1557 92).

400 1584 427 1664 c)
444 1581 561 1662 Quuls's
575 1601 644 1646 esse
659 1583 779 1646 debeat
793 1584 893 1646 uestis
908 1583 1130 1648 clericorum?
1143 1585 1221 1650 llaec
1235 1585 1384 1650 maxime
1405 1585 1539 1650 contor-

360 1690 486 1754 mauda
500 1695 553 1754 eet
565 1691 805 1756 consuetudini
819 1697 854 1755 et
869 1693 948 1756 usui
968 1695 1135 1778 cujusque
1156 1693 1316 1776 regionis.
1333 1693 1417 1757 Nam
1430 1693 1541 1758 formu

361 1815 431 1863 non
453 1803 506 1863 est
526 1797 680 1864 absolute
697 1798 963 1864 determinatae
986 1799 1042 1864 SS.
1063 1801 1267 1876 canonibus,
1290 1806 1325 1866 et
1344 1799 1422 1864 ideo
1441 1800 1542 1863 desu-

336 1887 345 1916 ⁸
360 1907 487 1974 menda
500 1915 553 1972 est
571 1927 614 1974 ex
636 1907 828 1973 rationabili
847 1909 1096 1974 consuetudine
1114 1911 1271 1976 dioecesis
1291 1918 1326 1976 et
1344 1913 1541 1995 praescriplo

362 2015 511 2099 episcopi
523 2013 614 2098 (Vide
629 2015 754 2080 Bened.
768 2015 848 2092 XIV,
863 2015 993 2100 Synod.
1007 2017 1116 2094 dioen,
1135 2018 1192 2082 lib.
1207 2017 1261 2095 lll,
1275 2037 1303 2082 c.
1320 2021 1396 2100 vus).
1410 2018 1543 2102 Specie·

363 2125 424 2188 tim
440 2131 556 2188 tumen
571 2125 604 2186 1ο
620 2123 722 2188 debet
734 2142 810 2188 esse
820 2124 947 2200 talaris,
959 2131 1061 2208 prout
1072 2131 1239 2190 statutum
1254 2133 1340 2191 esta
1359 2127 1453 2190 Sixto
1466 2126 1491 2188 V
1507 2125 1541 2188 iu

360 2233 496 2296 constit.
517 2232 760 2310 Sinuessanum
778 2231 811 2295 2⁰
827 2250 898 2296 non
910 2233 1054 2314 virgata,
1069 2233 1125 2298 vel
1139 2235 1272 2317 pertita,
1288 2235 1322 2298 b.
1340 2253 1370 2298 e.
1389 2235 1542 2299 diversos

361 2338 492 2404 colores
512 2345 571 2402 aut
588 2339 801 2421 acupicturas
816 2339 964 2415 habens;
983 2339 1016 2402 3·
1032 2341 1120 2421 nigri
1134 2339 1268 2416 coloris,
1286 2341 1350 2404 nisi
1365 2347 1487 2422 agatur
1500 2341 1542 2403 de

362 2447 528 2530 episcopis
542 2445 597 2510 vol
615 2445 861 2511 cardinalibus:
875 2465 955 2512 nam
969 2447 1070 2530 primi
1088 2453 1232 2512 utuntur
1246 2449 1359 2514 colore
1374 2449 1541 2524 violace03

362 2553 649 2621 secundislnn.lV
659 2555 796 2618 iucouc.
811 2555 1030 2635 Lugdunensi
1040 2553 1128 2637 golei
1140 2561 1342 2639 etpurpurae
1354 2575 1454 2620 usum
1466 2574 1544 2620 cou-

361 2665 479 2740 oessit;
497 2663 530 2726 4⁰
545 2663 690 2728 annulos
709 2663 744 2726 in
760 2663 875 2745 digitis
895 2669 1030 2745 gestare
1048 2681 1118 2727 non
1138 2663 1274 2740 debent,
1298 2665 1363 2727 nisi
1382 2664 1450 2728 sint
1472 2664 1541 2746 epi·

363 2772 455 2854 scopi
463 2771 517 2836 vel
530 2771 565 2834 in
575 2771 792 2836 ecclesiastici
803 2773 905 2836 oltlcii
919 2772 1083 2853 dignitate
1096 2771 1453 2850 constituti-Quoad
1464 2772 1541 2836 doc·

363 2887 464 2956 tores,
477 2880 706 2944 communiter
715 2881 954 2962 distinguitur:
970 2879 1019 2943 illi
1032 2881 1181 2964 quisunt
1195 2881 1405 2964 professores
1425 2881 1460 2944 in
1470 2899 1544 2945 aca-

363 2988 500 3064 demiis,
522 2989 645 3072 quibus
663 2989 855 3072 jurisdictio
874 2987 930 3053 vel
944 2989 1163 3071 superioritss
1185 2987 1298 3072 aliqua
1318 2988 1543 3053 instudiosus

362 3098 539 3179 competit,
558 3096 724 3162 annulum
737 3103 873 3178 gestare
887 3103 1047 3180 possunt,
1064 3103 1125 3161 aut
1138 3095 1260 3162 sellem
1274 3097 1309 3161 in
1325 3097 1395 3160 suis
1409 3097 1544 3180 praelec-

364 3204 511 3269 tionibus
521 3226 528 3282 ;
539 3205 1431 3290 nunquamveroinmissaecelebratione,quodetiam
1441 3207 1545 3269 inter-

363 3313 484 3378 dicitur
496 3315 737 3398 protonotarlis
750 3333 820 3380 non
833 3315 1125 3400 participantibus.
1144 3316 1263 3392 Quoad
1278 3320 1420 3380 caeteros
1432 3315 1544 3380 docto-

362 3439 428 3496 res,
445 3423 665 3487 communius
679 3429 835 3504 negetur,
853 3423 932 3488 licet
951 3424 1099 3488 annulus
1114 3425 1158 3488 sit
1172 3443 1281 3488 unum
1296 3443 1339 3488 ex
1354 3423 1544 3504 insignibus

363 3531 487 3612 quibus
501 3530 754 3610 inaugurantur
772 3531 939 3596 doctores.
959 3533 1017 3596 llis
1033 3533 1125 3596 enim
1147 3533 1251 3597 etium
1274 3537 1354 3596 tuno
1372 3533 1545 3596 confertur

364 3644 503 3722 torques
515 3658 651 3715 eureus,
666 3659 769 3724 quem
781 3647 908 3719 tamen,
919 3659 962 3706 ex
972 3648 1108 3726 recepta
1117 3641 1273 3707 Ecclesiae
1283 3641 1542 3714 consuetudine,

369 3763 392 3808 n
406 3745 543 3829 publico
553 3752 689 3828 gestare
703 3755 881 3832 nequeunt
894 3749 1016 3814 clerici.

403 3856 432 3936 b)
450 3855 576 3935 Quibus
589 3857 720 3920 casibus
736 3857 891 3922 habitum
906 3867 939 3922 et
953 3867 1130 3923 tonsuram
1152 3860 1288 3924 clericus
1305 3858 1392 3922 licite
1414 3856 1469 3920 vel
1479 3855 1546 3919 sal-

363 3971 431 4026 tem
446 3965 583 4048 impune
595 3983 662 4028 con
676 3966 835 4048 deserat?
848 3967 948 4051 Resp.
971 3969 1002 4032 1ο
1018 3968 1046 4032 si
1061 3969 1125 4032 hoo
1145 3985 1213 4032 una
1235 3972 1369 4031 tautum
1380 3965 1453 4030 vice
1468 3983 1545 4029 con-

364 4071 488 4154 tingat;
500 4075 589 4157 quia,
603 4081 642 4138 ut
656 4076 806 4141 incurrat
816 4095 947 4160 poenos,
963 4079 1148 4162 requiritur
1158 4083 1275 4142 utnon
1287 4080 1547 4160 perseveranter

363 4197 434 4244 non
448 4181 535 4246 terat
548 4181 712 4262 hobitum,
723 4184 771 4250 ita
785 4192 823 4249 ut
835 4185 968 4269 publice
978 4205 1017 4251 ac
1027 4187 1256 4252 communiter
1263 4185 1478 4249 existimetur
1488 4183 1548 4246 lai-

363 4305 441 4364 cus;
457 4275 490 4352 ᾧ
506 4291 534 4353 si
549 4291 705 4356 habitum
715 4292 907 4358 clericalem
922 4295 1063 4372 deserat,
1079 4295 1223 4359 sednon
1238 4299 1431 4368 tonsurom;
1448 4291 1543 4375 quia,

364 4395 399 4459 in
413 4395 471 4460 tuli
480 4415 572 4475 casu,
585 4417 656 4464 non
665 4401 753 4465 loret
762 4403 956 4484 puniendus
968 4403 1080 4486 poenis
1091 4421 1111 4468 a
1119 4405 1197 4486 jure
1212 4402 1360 4477 statutis,
1372 4399 1452 4464 licet
1461 4399 1547 4463 arbi·

364 4505 429 4568 trio
453 4507 602 4590 episcopi
617 4510 730 4592 puniri
749 4512 877 4593 possit;
900 4513 933 4575 3ο
956 4513 984 4575 si
1005 4509 1137 4576 ratione
1164 4509 1373 4594 paupertatis
1389 4509 1545 4572 habitum

363 4612 474 4676 ordini
486 4632 549 4679 suo
560 4621 808 4697 congruentem
821 4625 956 4700 gestare
973 4637 1044 4683 non
1054 4619 1187 4695 valeet3
1202 4619 1235 4682 4ο
1247 4619 1276 4682 si
1286 4618 1440 4682 habitum
1450 4616 1546 4680 cleri-

363 4718 471 4784 calem
482 4722 574 4786 domi
589 4743 659 4786 sue
673 4729 707 4786 et
718 4726 753 4787 iu
765 4727 896 4792 occulto
910 4732 1118 4806 nongestel:
1133 4729 1166 4790 δ”
1181 4727 1207 4790 sl
1221 4726 1381 4790 eumdem
1399 4725 1545 4788 dimittat
