3498 5572
366 579 426 644 llll
826 597 878 643 rus
898 597 1079 644 canonicus.

367 714 427 778 sed
454 733 497 778 ex
519 715 618 780 bonis
645 713 951 798 patrimonialibus,
968 716 1129 778 tenentur
1151 711 1301 778 decimas
1327 713 1407 778 dare
1423 711 1544 795 (capi

365 821 437 904 huj.
455 821 530 904 tit).
546 823 776 898 Quamobrem
790 823 896 887 verba
911 821 1090 906 sequentia
1104 821 1197 885 citati
1221 821 1339 904 capitis
1357 841 1364 884 :
1383 821 1543 886 «Novum

365 947 476 1010 genus
489 930 675 995 exactionis
692 934 754 1004 est,
771 935 810 994 ut
821 929 933 994 clerici
948 947 968 994 a
982 927 1112 994 clericis
1126 928 1276 995 decimas
1290 930 1431 1012 exigant
1447 953 1475 1006 a,
1492 929 1543 994 in-

366 1035 472 1118 telligi
494 1035 621 1102 debent
643 1038 684 1104 de
707 1039 806 1103 bonis
831 1037 929 1102 titulo
952 1035 1117 1122 spirituali
1143 1037 1327 1121 acquisitis.
1344 1035 1424 1102 lmo·
1438 1037 1542 1102 etiam

364 1145 574 1230 monasteria
587 1145 704 1210 omnia
717 1144 759 1209 de
773 1147 851 1228 jure
864 1144 1039 1210 communi
1055 1144 1137 1228 (cap.
1152 1145 1183 1220 3,
1197 1143 1228 1219 l,
1245 1145 1265 1207 8
1279 1149 1315 1208 et
1331 1145 1369 1210 ta
1383 1145 1454 1226 huj.
1478 1143 1541 1224 tit.)

363 1250 569 1334 obligantur.
587 1253 653 1316 Sed
664 1255 723 1336 jus
737 1252 822 1317 illud
836 1255 1057 1317 immutatum
1072 1251 1253 1318 sairrariis
1267 1251 1464 1336 privilegiis.

403 1359 624 1424 urebantur
645 1379 689 1424 ex
709 1361 870 1426 omuibus
889 1361 988 1425 bouis
1009 1365 1133 1425 natura
1158 1359 1213 1424 vel
1238 1358 1406 1424 industria
1431 1359 1542 1443 acqui·

362 1468 435 1531 sitis
461 1470 546 1552 (cap.
565 1469 635 1533 bet
648 1469 685 1534 21
703 1471 775 1553 buj.
799 1469 874 1552 tit).
898 1469 946 1534 Ex
972 1469 1109 1553 prediis
1140 1468 1356 1534 decimationi
1384 1467 1541 1534 obnoxiis

362 1595 499 1660 semper
513 1575 686 1642 solveudae
699 1583 780 1641 sunt
791 1576 943 1654 decimae,
959 1577 1091 1642 etiamsi
1106 1577 1179 1642 baec
1192 1576 1319 1660 predia
1332 1575 1375 1642 ad
1387 1575 1542 1660 judaeum

362 1682 564 1750 devenirent
590 1684 677 1768 (cap.
695 1685 734 1748 16
755 1683 1127 1768 attenuationem
1154 1701 1210 1749 res
1238 1701 1317 1748 oum
1345 1700 1450 1748 onere
1479 1700 1541 1747 auo

363 1792 493 1857 transit.

401 1899 619 1980 dilaceratio
635 1921 657 1966 u
672 1902 809 1968 decimis
830 1902 1007 1968 solvendis
1030 1906 1177 1987 quatuor
1197 1901 1309 1967 modis
1333 1899 1540 1986 acquiritur:

359 2008 537 2091 privilegio
561 2009 759 2094 apostolico,
775 2011 1036 2086 consuetudine,
1059 2009 1315 2094 prescriptione
1337 2013 1372 2074 et
1393 2013 1542 2074 transac-

361 2117 464 2181 tione.
483 2117 549 2181 Sed
571 2117 615 2182 ad
638 2117 875 2182 liberationem
897 2116 1087 2198 legitimam
1111 2118 1296 2202 requiritur
1315 2121 1354 2180 ut
1376 2115 1541 2180 ministris

359 2221 515 2288 Eoolesiee
531 2242 684 2306 congrua
703 2225 907 2290 sustentatio
922 2224 1059 2290 aliunde
1075 2229 1263 2306 competat;
1279 2241 1371 2300 nam,
1389 2227 1427 2287 ut
1440 2227 1542 2288 autea

360 2329 521 2409 diximus,
538 2331 678 2398 decimae
693 2331 916 2398 materialiter
936 2335 1096 2414 spectatae
1116 2335 1200 2394 sunt
1216 2333 1294 2414 jura
1316 2329 1464 2395 naturali
1485 2329 1542 2394 de·

358 2437 448 2514 bitae,
465 2438 611 2523 ideoque
634 2439 728 2506 nullo
749 2437 928 2523 privilegio
946 2443 1007 2506 aut
1026 2437 1115 2504 lacto
1129 2438 1278 2504 bominis
1297 2437 1386 2516 citra
1408 2437 1541 2520 injusti-

364 2547 445 2610 tiam
461 2547 532 2612 tolli
547 2551 702 2631 possunt.

298 2655 301 2660 '
402 2653 654 2720 Consuetudiue
677 2655 732 2720 vel
751 2656 982 2721 transactione
996 2655 1033 2720 in
1047 2653 1206 2720 omnibus
1229 2655 1301 2718 iere
1322 2653 1407 2720 locis
1427 2671 1539 2719 cessa-

362 2764 413 2827 vit
431 2765 490 2847 jus
514 2763 716 2841 decimandi,
731 2768 766 2828 et
787 2763 934 2828 ministri
961 2763 1118 2828 Ecclesiae
1146 2781 1189 2827 ex
1215 2761 1289 2828 aliis
1316 2763 1539 2846 proventibus

360 2871 488 2937 habent
510 2873 599 2936 unde
623 2873 768 2938 honeste
793 2872 990 2936 subsistant.
1007 2871 1076 2937 lloc
1096 2871 1223 2936 mirum
1243 2887 1313 2935 non
1332 2876 1395 2947 est,
1411 2887 1491 2935 cum
1505 2876 1541 2936 et

231 3027 234 3042 .
361 2977 549 3042 universim
561 2979 662 3044 hodie
676 2979 856 3062 vectigalia
866 2979 1016 3042 nummis
1026 2977 1176 3061 persolvi
1186 2975 1329 3054 soleant,
1343 2995 1413 3043 nou
1422 2979 1537 3052 rebus;

361 3086 465 3168 igitur
481 3107 640 3154 unacum
654 3090 806 3173 prolenis
828 3089 1063 3155 ecclesiasticae
1080 3087 1232 3163 decimae,
1249 3088 1440 3170 prasertim
1453 3105 1539 3170 pree·

361 3195 483 3272 diales,
513 3199 761 3264 consuetudine
789 3199 960 3263 contraria
979 3199 1156 3262 exstincta
1179 3201 1278 3272 sunt,
1304 3215 1375 3260 nou
1399 3194 1537 3280 quidem

360 3304 598 3382 materialiter,
618 3307 801 3392 siquidem·
816 3323 887 3372 non
913 3306 1011 3372 deest
1035 3305 1199 3370 ministris
1226 3323 1379 3386 congrua
1405 3307 1540 3368 susten·

360 3413 458 3488 tati03
481 3413 542 3478 sed
565 3413 762 3492 formaliter,
777 3435 839 3480 seu
862 3415 975 3500 quoad
998 3415 1224 3499 quantitatem
1245 3413 1445 3503 atmodum
1469 3428 1538 3494 quo

359 3521 612 3602 persolvuntur.
629 3523 755 3588 Verum
781 3523 921 3589 decima
936 3520 1146 3608 personales,
1164 3521 1222 3586 diu
1236 3525 1316 3587 ante
1329 3519 1452 3596 reales,
1468 3535 1540 3584 ces-

361 3633 489 3704 sarunt,
505 3633 540 3693 et
552 3629 627 3695 loco
642 3649 762 3695 earum
776 3633 1012 3696 subvenerunt
1019 3631 1105 3711 jma
1119 3629 1224 3694 stols.

400 3737 517 3813 Quoad
544 3739 772 3804 cessationem
790 3758 853 3824 ope
873 3739 1127 3814 transactionis,
1152 3737 1342 3804 notandum
1368 3738 1422 3798 est
1447 3732 1538 3818 quod

361 3863 464 3928 super
485 3845 624 3910 decimis
644 3847 767 3911 futuris
789 3848 1048 3932 inperpetuum
1070 3846 1212 3928 transigi
1235 3863 1305 3910 nou
1327 3845 1442 3926 potest
1464 3841 1537 3904 siue

360 3969 532 4018 consensu
554 3953 685 4018 Summi
706 3953 877 4020 Pontitlcis
894 3957 933 4042 (c.
950 3957 969 4020 8
985 3955 1172 4034 deiratio,
1189 3957 1275 4017 extr.
1290 3949 1486 4016 Ambitiosa
1497 3949 1538 4012 de

361 4060 427 4124 reb.
447 4059 548 4142 eccll.
565 4061 759 4128 Transactio
784 4063 876 4128 enirn
899 4067 1065 4146 perpetua
1085 4062 1157 4126 vim
1179 4061 1283 4125 babet
1310 4055 1535 4123 alienationis.

360 4156 449 4249 Ergo
471 4167 565 4234 solus
579 4168 669 4254 Papa
681 4175 796 4254 potest
806 4171 876 4254 juri
892 4169 1082 4236 decimandi
1095 4171 1131 4234 in
1147 4171 1353 4253 perpetuum
1373 4163 1537 4244 derogare

362 4293 424 4357 per
435 4275 648 4342 concordata.

840 4449 870 4500 u.
889 4427 1059 4500 curationes.

402 4595 435 4674 a)
450 4595 655 4674 Oblationes,
680 4599 815 4682 proprie
840 4598 937 4676 tales,
960 4601 1041 4662 sunt
1059 4597 1117 4663 illa
1133 4597 1223 4664 dona
1236 4615 1311 4681 quae
1326 4593 1444 4660 ildeles
1466 4597 1537 4658 sive

362 4721 422 4785 per
444 4721 492 4780 se,
516 4705 588 4770 sive
613 4723 673 4788 per
699 4723 813 4771 sacros
836 4706 1010 4772 ministros
1039 4705 1081 4770 ad
1107 4705 1212 4772 altare
1237 4705 1398 4780 offerunt,
1415 4701 1471 4767 vel
1494 4700 1536 4766 ad
