3504 5572
561 575 648 622 unm
668 575 795 622 renerus
817 571 1040 621 bernerium.
1191 589 1198 604 ·
1330 560 1390 624 365

252 692 432 776 b)Ge1·tum
447 698 500 758 est
513 695 545 758 1ο
562 662 767 760 testamenta
780 699 816 758 et
828 694 967 759 ultimas
982 693 1176 758 voluntates
1193 693 1291 758 valde
1311 713 1391 758 oon-

212 807 378 868 sentsnea
401 821 477 867 θεεθ
500 803 625 868 rationi
649 808 684 868 et
701 804 771 886 juri
794 803 956 879 naturali,
976 803 1126 867 maxime
1147 804 1183 866 in
1204 821 1245 868 eo
1263 809 1391 885 puneto

212 929 280 994 quo
299 911 452 994 prolibus
466 911 523 976 vel
537 911 640 975 etiam
653 911 727 975 aliis
746 912 940 976 necessaria
953 911 1156 976 sustentatio
1175 911 1389 996 relinquitur.

211 1017 308 1086 Ratio
324 1025 386 1096 est,
403 1021 483 1104 quia
495 1023 639 1086 testator
654 1025 707 1084 θεῖ
719 1019 895 1102 legitimus
909 1037 1089 1104 possessor
1103 1020 1145 1085 ad
1158 1001 1392 1084 exclusionem

211 1131 470 1213 cujuscumque,
489 1129 594 1194 etiam
613 1129 793 1214 potestatis
807 1129 961 1213 publicae,
979 1129 1112 1194 seoluso
1135 1147 1216 1192 easu
1238 1125 1391 1192 utilitatis

210 1236 370 1320 publioae3
381 1239 475 1322 atqui
487 1239 595 1303 sinon
606 1243 724 1322 posset
735 1238 916 1322 disponere
931 1256 992 1321 per
1006 1242 1261 1312 testamentum,
1275 1255 1393 1320 seque-

211 1349 306 1410 retur
322 1345 413 1430 quod
428 1347 519 1412 bona
533 1349 609 1430 ejus
623 1346 700 1427 lege
714 1351 845 1410 natura
860 1347 983 1410 flerent
997 1345 1154 1411 veoantia
1168 1364 1229 1409 seu
1241 1363 1393 1410 eommu-

212 1453 268 1517 nia
283 1460 522 1537 postmortem
537 1455 678 1530 domini,
695 1474 765 1521 non
780 1461 897 1520 autem
912 1455 1123 1538 proximiora
1142 1454 1295 1538 prolibus
1316 1457 1392 1518 sub-

212 1563 339 1626 stitutis
362 1563 468 1645 ipsius
494 1565 682 1639 testatoris3
699 1564 834 1643 deinde,
858 1564 1003 1628 cessatio
1022 1563 1191 1627 facultatis
1207 1563 1308 1628 dandi
1329 1581 1392 1645 pro

212 1674 366 1753 tempore
380 1663 502 1735 mortis
525 1673 750 1736 subsecuturo
770 1689 841 1736 non
861 1671 996 1736 videtur
1014 1671 1189 1736 ooniorme
1211 1670 1390 1752 eonoeptui

213 1777 369 1857 dominii,
393 1779 485 1863 quod
508 1785 561 1844 est
585 1779 720 1864 proprie
747 1779 866 1844 relotio
890 1779 1080 1844 seeundum
1103 1779 1335 1860 cognitionem
1359 1785 1394 1842 et

211 1885 440 1965 voluntatem;
456 1906 560 1972 porro
576 1906 746 1972 supremae
762 1887 957 1952 voluntates
977 1888 1137 1951 videntur
1155 1889 1304 1952 maxime
1326 1892 1394 1951 sta-

212 1993 307 2060 biles.
324 1995 486 2073 Tandem,
513 1997 541 2060 si
555 1995 699 2062 faeultas
717 1995 864 2060 testandi
885 2014 954 2060 non
973 1995 1108 2060 veniret
1127 1993 1358 2079 aliquomodo
1374 2015 1395 2059 a

208 2105 286 2184 jure
301 2110 443 2182 nature,
460 2111 664 2190 sequeretur
678 2105 770 2190 quod
780 2105 893 2188 proles
909 2105 982 2170 solo
988 2107 1068 2188 jure
1078 2106 1225 2188 positivo
1234 2104 1393 2168 suceede-

211 2215 491 2296 rentparentibus
499 2215 535 2279 in
547 2215 646 2280 bonis
658 2233 789 2292 eorum,
803 2215 906 2280 etiarn
919 2213 1393 2298 quoadalimentainiantibus

211 2322 414 2387 necessaria.

251 2429 283 2494 θ’
293 2431 420 2498 Tamen
431 2437 584 2517 potestas
599 2433 750 2499 testandi
766 2451 837 2497 non
851 2437 904 2496 est
917 2432 965 2497 ita
975 2431 1064 2516 juris
1078 2431 1254 2508 naturalis,
1266 2435 1304 2494 ut
1314 2429 1394 2494 dess-

212 2539 323 2604 eiente
333 2541 414 2630 lege
429 2542 586 2625 positiva,
604 2561 680 2626 quae
696 2541 859 2604 ellectum
874 2541 1048 2604 eliloaoem
1062 2539 1180 2604 tribuit
1193 2538 1323 2604 ultimis
1335 2557 1395 2603 vo-

211 2647 410 2728 luntatibus,
426 2655 632 2716 testamenta
649 2653 749 2716 itrma
762 2653 996 2736 persisterent.
1014 2653 1111 2716 Ratio
1129 2657 1192 2730 est,
1210 2651 1290 2734 quia
1303 2650 1394 2730 rigo-

212 2775 290 2822 rose
303 2758 487 2844 loquendo,
508 2764 651 2826 testator
660 2761 843 2826 nonhabet
852 2760 943 2826 reale
957 2766 990 2824 et
1001 2759 1188 2844 praetieum
1204 2759 1394 2822 dominium

142 2951 147 2960 ο
212 2886 275 2949 pro
298 2886 339 2933 eo
360 2873 515 2952 tempore
536 2887 683 2954 proquo
705 2870 746 2934 de
766 2889 803 2934 re
826 2869 991 2951 disponit;
1008 2869 1160 2934 moriens
1181 2873 1234 2932 est
1250 2867 1394 2948 incapax

209 2975 297 3056 Juris
313 2980 347 3038 et
361 2976 504 3042 dominii
517 2978 553 3040 in
568 2979 660 3042 bona
673 2977 872 3060 corporalia,
889 2995 971 3040 nam
990 2983 1100 3041 morte
1121 2975 1303 3040 solvuntur
1322 2991 1394 3038 om-

214 3081 355 3166 niajura
365 3084 577 3169 temporalia,
589 3085 739 3150 maxime
753 3084 865 3168 quoad
881 3103 937 3148 res
952 3083 1131 3150 sensibiles
1143 3089 1178 3147 et
1187 3081 1391 3166 corporales.

213 3191 300 3272 Ergo
329 3193 458 3259 ultimae
487 3195 697 3270 voluntates,
725 3199 876 3278 spectata
901 3193 975 3260 sola
1005 3212 1121 3257 rerum
1150 3197 1287 3266 natura,
1311 3188 1394 3254 nibil

214 3299 305 3364 aliud
327 3309 409 3366 sunt
429 3321 533 3387 quarn
550 3305 684 3386 justum
707 3303 880 3368 testatoris
904 3301 1113 3366 desiderium
1128 3300 1169 3364 de
1183 3319 1219 3364 se
1236 3317 1307 3364 non
1320 3316 1394 3382 per-

213 3407 552 3490 ieotetranalativum
567 3410 720 3476 dominii.
737 3409 845 3492 Igitur

253 3517 286 3580 3ο
301 3516 500 3582 Voluntates
526 3517 655 3582 ultimae
684 3524 765 3582 sunt
791 3520 946 3584 elfioaoes
971 3517 1096 3602 partim
1121 3519 1198 3600 jure
1222 3514 1312 3580 oivili
1334 3515 1395 3578 bu-

214 3643 329 3702 mano,
341 3628 464 3710 partim
477 3629 556 3711 jure
570 3627 738 3709 gentium.
750 3628 802 3692 bn
817 3627 988 3711 ejusmodi
1003 3625 1152 3694 eiileaeie
1164 3625 1281 3690 veniat
1290 3643 1311 3688 a
1316 3626 1394 3707 jure

214 3737 370 3816 gentium
388 3738 524 3821 proprie
546 3737 651 3812 dioto,
670 3738 763 3821 quod
784 3737 912 3802 scilieet
932 3743 1054 3819 gentes
1077 3752 1214 3800 servare
1236 3737 1397 3798 tenentur

214 3844 373 3910 intense?
387 3845 519 3926 Negant
533 3845 644 3923 multi,
662 3865 724 3911 seu
739 3865 861 3912 omnes
878 3847 936 3929 qui
949 3846 1154 3928 impugnant
1169 3843 1304 3906 tertiam
1319 3859 1396 3904 sen-

216 3955 369 4018 tentiam.

707 4078 843 4141 suerio
865 4079 903 4140 ll.

450 4218 498 4273 De
513 4223 678 4274 testatore
695 4225 731 4274 et
745 4221 854 4274 terme
869 4221 1163 4274 testamentorum.

637 4379 657 4428 1.
676 4375 745 4437 Quis
760 4375 849 4440 possit
862 4373 977 4428 testarii

259 4503 385 4568 Omnes
400 4503 457 4586 qui
473 4501 664 4586 specialiter
684 4520 754 4567 non
773 4501 998 4584 probibentur
1012 4517 1032 4564 a
1046 4503 1179 4575 natura,
1195 4503 1234 4561 ut
1248 4497 1396 4560 intentes

218 4621 252 4679 et
264 4620 430 4691 amentes,
442 4613 498 4679 vel
510 4633 530 4678 a
541 4611 756 4697 jure,testari
767 4615 921 4695 possunt.
934 4598 1020 4674 Nam
1031 4612 1277 4672 testamentum
1291 4611 1344 4669 est
1354 4605 1395 4668 de

218 4741 345 4804 genere
360 4723 618 4806 permissorum.
