3504 5566
370 555 429 620 lli
827 570 880 620 rus
899 569 1077 620 erroneus.

369 708 445 758 esse
459 707 573 766 verus,
590 687 650 756 sed
664 689 777 774 reipsa
790 707 860 756 non
878 694 940 766 est,
956 691 1095 774 propter
1112 687 1233 754 vitium
1252 685 1438 764 occultum3
1457 686 1543 754 ccd-

369 800 509 864 rimatus
535 817 596 864 seu
612 799 804 882 putativus,
827 797 964 884 quando
985 796 1203 882 probabiliter
1222 796 1372 862 creditur
1394 796 1542 864 interve·
1569 841 1572 852 ·

369 908 561 987 eumcum
573 911 688 974 tamen
703 907 744 972 de
756 907 845 974 lecto
861 925 932 974 non
946 907 1143 982 intervenit;
1149 913 1389 990 presumptor,
1401 903 1536 989 quando

368 1014 411 1080 ob
426 1014 687 1082 diuturnitatem
702 1015 864 1100 temporis
884 1018 942 1099 jus
954 1014 1131 1098 presumit
1147 1013 1373 1080 intervenisse
1388 1011 1534 1088 titulum,

368 1124 439 1190 sive
453 1125 566 1207 reipsa
578 1125 811 1202 intervenerit,
826 1125 901 1192 sive
911 1143 991 1190 non.

407 1233 436 1316 d)
452 1233 570 1314 Qualis
584 1235 703 1298 titulus
717 1235 910 1320 requiratur
924 1235 967 1300 ad
982 1231 1292 1318 percutiendum?

407 1344 439 1406 1⁰
449 1342 578 1407 Titrdus
588 1360 686 1406 verm
700 1359 770 1408 non
782 1343 975 1426 requiritur,
997 1340 1422 1426 cumsinepraescriptione
1435 1345 1541 1405 trans·

366 1455 453 1518 ierat
466 1453 657 1517 dominium
672 1457 707 1517 et
720 1451 786 1518 alia
796 1455 885 1535 jura.

405 1561 438 1626 Ψ
453 1560 582 1626 Titulus
597 1561 763 1626 coloratos
775 1560 818 1625 ad
832 1561 1121 1644 praescribendum
1131 1561 1265 1637 suflicit,
1276 1579 1356 1626 nam
1367 1559 1539 1630 mediante

366 1669 423 1734 illo
438 1669 536 1734 titulo
552 1669 759 1734 sufficienter
769 1670 975 1752 justificatur
988 1669 1171 1753 possessio,
1181 1675 1216 1734 et
1228 1670 1378 1736 conditio
1392 1670 1542 1754 praescri-

366 1779 467 1843 bendi
481 1777 674 1862 acquiritur.
690 1777 733 1840 At
746 1795 816 1842 uon
831 1777 1026 1860 requiritur,
1043 1779 1123 1862 quia

405 1889 438 1952 3⁰
459 1887 588 1952 Subicit
616 1886 733 1952 titulus
761 1889 988 1968 existimatus,
1011 1887 1199 1952 dummodo
1227 1889 1272 1952 sit
1293 1885 1539 1954 rationabiliter

368 1997 580 2062 existimatus
597 2017 604 2060 :
621 1996 668 2060 ita
681 1996 873 2062 communis
889 1996 1068 2062 sententia.
1085 1995 1142 2059 Est
1159 1995 1404 2061 rationabiliter
1422 1997 1537 2061 existi-

366 2112 489 2184 matus,
505 2108 588 2172 dum
606 2108 791 2173 intervenit
810 2125 904 2172 error
921 2106 1000 2172 iacti
1022 2105 1139 2182 alicni3
1155 2123 1236 2171 nam
1258 2123 1354 2171 error
1364 2105 1454 2172 circa
1472 2105 1539 2171 lac·

367 2221 440 2280 tum
453 2215 628 2299 proprium
640 2219 747 2300 ajure
760 2235 830 2280 non
845 2204 1019 2280 toleratur.

404 2325 437 2388 l·
451 2323 579 2390 Titulus
589 2335 818 2411 procumpens
840 2345 911 2392 non
932 2325 1058 2390 sufficit
1076 2325 1118 2390 ad
1139 2323 1430 2409 prescriptionem
1451 2325 1539 2391 ordi·

365 2434 507 2510 nariam,
524 2435 584 2498 sed
598 2433 736 2516 allegari
748 2441 783 2500 et
796 2437 931 2518 probari
946 2435 1047 2499 debet
1062 2437 1146 2518 (can.
1162 2435 1296 2500 Placuit
1309 2437 1358 2512 15,
1374 2435 1534 2510 causalo,

366 2563 398 2625 q.
413 2542 454 2625 ³).
471 2541 722 2608 Suiflcitautem
736 2543 780 2608 ad
794 2543 1086 2626 praescriptionem
1099 2543 1403 2609 extraordinariam
1412 2542 1537 2625 longis-

366 2651 443 2714 simi
457 2651 630 2736 temporis,
648 2657 682 2715 et
695 2651 804 2716 multo
822 2653 933 2733 magis
952 2652 988 2716 in
1007 2653 1202 2718 centenaria
1222 2659 1256 2716 ct
1279 2650 1536 2726 immemoriali;
1658 2671 1667 2682 ·

366 2760 507 2843 quiajos
521 2761 698 2844 praesumit
710 2760 846 2826 titulum
856 2761 1092 2838 intervenisse,
1105 2761 1225 2828 saltem
1238 2762 1374 2845 quando
1387 2759 1538 2844 praescri-
1632 2833 1635 2844 ,

366 2869 458 2934 beuti
471 2887 541 2934 non
555 2870 692 2934 resistit.

403 2979 446 3040 dt
456 2977 564 3061 qualis
575 2979 769 3044 resistentia
775 2980 862 3063 juris
872 2980 1064 3045 communis
1073 2981 1186 3044 obstet
1196 2979 1442 3064 proscriptioni
1458 2995 1536 3062 qua-

366 3086 594 3169 dragenaria?
613 3089 741 3154 Sufficit
768 3091 797 3153 si
824 3090 873 3155 ita
898 3090 1034 3155 resistat
1058 3091 1115 3172 jus
1143 3091 1348 3173 possessori,
1372 3093 1410 3152 ut
1436 3087 1536 3152 simul

366 3195 468 3260 etiarn
481 3197 618 3262 assistat
630 3198 766 3279 petitori
777 3216 839 3262 seu
849 3197 896 3260 illi
910 3203 1029 3262 contra
1043 3217 1146 3280 quem
1157 3198 1395 3281 praescribitur.
1409 3197 1442 3260 Si
1454 3213 1536 3260 vero

365 3304 538 3368 resisteret
553 3305 691 3388 quidem
711 3307 912 3389 possessori,
933 3305 992 3370 sed
1011 3307 1148 3389 petitori
1167 3325 1237 3372 non
1258 3305 1443 3380 assisteret,
1460 3321 1538 3388 pro-

365 3411 508 3508 babilius
521 3431 591 3478 non
604 3415 717 3479 obstat
729 3416 985 3499 proscriptioni,
1002 3417 1081 3500 quia
1096 3435 1215 3500 reapse
1236 3419 1294 3499 jus
1318 3433 1387 3480 non
1411 3413 1539 3479 resistit

364 3522 550 3602 possessori
562 3523 673 3605 quoad
685 3523 776 3588 hunc
785 3525 977 3608 petitorem,
990 3529 1281 3608 etconsequenter
1292 3527 1447 3589 remanet
1456 3540 1537 3606 prae-

365 3630 513 3712 sumptio
528 3631 625 3694 bonae
640 3631 730 3696 fidei.

403 3739 436 3801 δ’
451 3737 630 3822 Disputant
650 3739 707 3803 CG.
725 3759 769 3806 an
790 3741 833 3805 ad
852 3742 1119 3825 praescribendae
1142 3743 1324 3809 servitutes
1343 3740 1535 3826 requiratur

366 3846 481 3910 titulus
495 3848 661 3930 positivus
674 3847 766 3930 (Vide
779 3849 995 3933 Schmulzgr,
1006 3852 1040 3916 h.
1053 3857 1076 3916 t.
1092 3872 1125 3916 n.
1142 3853 1203 3934 91).

403 3957 435 4020 6⁰
450 3956 641 4022 Notandum
663 3963 715 4022 est
739 3958 793 4023 bic
820 3961 911 4042 quod
930 3961 1136 4045 prescriptio
1160 3961 1349 4044 longissimi
1373 3957 1535 4043 temporis

363 4071 423 4129 aut
441 4065 697 4131 immemor-lulis
720 4068 864 4146 corruit,
888 4069 1020 4134 detecto
1049 4070 1132 4135 vitio
1160 4088 1220 4135 seu
1245 4067 1384 4134 inhabili
1412 4065 1532 4132 titulo:

364 4173 442 4257 quia
454 4176 673 4259 praesumptio
688 4175 776 4240 tituli
791 4177 881 4242 cedit
895 4179 1040 4244 veritati.

592 4365 621 4414 11.
641 4364 680 4416 De
695 4362 769 4416 bons
782 4363 836 4417 tide
851 4364 887 4417 ad
901 4365 1144 4429 prescribendum
1159 4365 1302 4432 requisita.

402 4493 435 4573 c)
449 4491 498 4556 Dc
511 4501 637 4556 aalma
657 4500 690 4557 et
707 4495 902 4560 necesstiate
916 4494 1010 4560 done
1023 4495 1114 4576 fidet.
1132 4497 1163 4561 1ο
1178 4496 1280 4562 Bonae
1292 4495 1373 4562 fidei
1392 4495 1531 4563 nomine

362 4597 416 4688 bic
430 4598 629 4682 intelligitur
639 4601 805 4684 judicium
816 4603 977 4687 prudens,
989 4623 1057 4690 quo
1073 4605 1149 4690 quis
1159 4605 1290 4690 judicat
1304 4623 1340 4671 se
1351 4607 1444 4689 juste
1458 4621 1532 4670 rem

363 4709 547 4792 possidere.
567 4710 754 4795 Opponitur
772 4715 873 4780 mate
893 4717 985 4797 fidei,
1003 4733 1070 4800 qua
1092 4717 1167 4801 quis
1187 4717 1317 4800 judicet
1336 4735 1409 4782 rem
1430 4731 1533 4800 quarn
