3504 5568
575 537 661 584 risen
682 535 805 584 rrnrrus
826 537 1046 584 nrcnrrluuu.
1337 521 1394 586 501

225 653 394 737 ejusmodi
410 659 504 720 actas
519 655 667 737 delegari
681 655 846 738 nequitab
857 657 1025 740 episeopo,
1041 659 1219 722 utconstat
1229 677 1271 722 ex
1281 676 1310 723 c.
1324 659 1395 723 tide

227 761 377 829 Consecr.
395 765 469 829 eccl.
486 763 552 828 Nee
567 763 659 829 valet
673 765 885 830 consuetudo
898 766 1067 831 contraria
1082 785 1149 850 qua
1167 785 1203 830 se
1223 767 1310 832 tueri
1320 785 1398 851 pos-

226 873 303 934 sent
316 871 475 954 episcopi.
492 871 533 934 At
547 873 690 936 obscura
713 875 764 935 est
785 874 927 956 quaestio
955 873 996 938 de
1024 873 1196 940 validitate
1223 892 1398 940 consecra·
1493 903 1496 910 ·

227 978 328 1042 tionis
342 977 438 1042 factae
452 997 473 1044 a
485 979 627 1063 simplici
642 979 816 1044 sacerdote
828 998 871 1043 ex
884 979 1097 1061 delegatione
1106 982 1303 1066 episcopali:
1319 1001 1397 1048 con-

227 1087 370 1151 secratio
382 1086 440 1152 illa
454 1087 495 1151 de
512 1105 548 1152 se
558 1087 694 1152 videtur
704 1086 863 1162 invalida,
877 1089 940 1152 etsi
949 1087 1130 1172 aliquando
1144 1091 1399 1156 misericorditer

227 1197 397 1274 toleretur,
413 1201 451 1260 ut
463 1195 610 1278 legimus
626 1198 662 1260 in
673 1215 701 1260 c.
718 1197 783 1260 tlh.
802 1201 824 1260 t.
840 1197 906 1262 Sed
920 1195 1012 1262 aliud
1027 1202 1079 1262 est
1098 1198 1139 1263 de
1163 1199 1398 1266 benedictione

157 1292 162 1304 ’
227 1303 376 1368 ecelesiae
389 1323 396 1366 :
411 1303 484 1368 haee
494 1305 586 1368 enim
599 1303 741 1387 simplici
753 1305 919 1369 sacerdoti
928 1307 1095 1370 committi
1105 1311 1227 1389 potest,
1241 1309 1398 1390 quianon

228 1417 280 1476 est
293 1411 430 1494 alligata
441 1411 550 1476 ordini
564 1412 756 1496 episcopali,
775 1412 862 1476 sicut
875 1413 1084 1478 consecratio
1104 1433 1111 1476 ε
1135 1414 1183 1478 ita
1204 1431 1324 1479 omnes
1339 1415 1396 1478 CC.

226 1519 395 1585 Facultete
416 1519 638 1584 benedicendi
660 1538 740 1584 suas
764 1518 922 1584 ecclesias
945 1521 1097 1601 gaudent
1124 1539 1243 1586 omnes
1270 1521 1400 1604 praelati

227 1627 412 1709 regulares,
429 1633 467 1691 ut
479 1632 598 1692 monet
611 1627 769 1703 Ferraris,
786 1638 822 1692 v⁰
838 1627 1000 1703 Ecclesia,
1016 1647 1047 1694 a.
1060 1629 1091 1704 l,
1108 1647 1141 1691 n,
1155 1629 1185 1693 8.

266 1735 299 1799 4⁰
321 1735 481 1799 Summus
502 1735 659 1800 Pontifex
679 1739 792 1818 potest
812 1737 1077 1802 consecrationis
1105 1757 1231 1802 munus
1257 1737 1400 1820 simplici

227 1845 424 1927 presbytero
447 1844 670 1919 committere,
695 1847 734 1909 ut
756 1843 904 1909 declarat
925 1845 1016 1909 idem
1039 1845 1162 1911 bened.
1194 1845 1263 1911 XIV
1290 1845 1324 1910 in
1343 1846 1397 1910 cit.

227 1956 333 2018 const.

535 2117 578 2168 lv.
598 2115 635 2168 be
650 2116 734 2168 modo
750 2117 935 2170 consecrandi
950 2115 1093 2171 scelestas.

266 2283 297 2345 1·
312 2281 504 2346 Generatim
518 2281 603 2345 ritus
613 2282 851 2347 consecranda
862 2281 1011 2347 ecclesiae
1023 2284 1211 2348 servandus
1222 2287 1284 2358 est,
1297 2288 1401 2366 prout

226 2389 454 2471 praescribitur
467 2389 503 2452 in
517 2387 882 2470 PontificaliRomano,
895 2396 930 2453 et
942 2391 1097 2454 consistit
1110 2391 1144 2454 in
1160 2391 1351 2470 signatione
1366 2396 1400 2454 et

227 2496 386 2560 unctione
396 2497 565 2578 parietum
575 2513 654 2560 cum
663 2495 738 2560 oleo
752 2513 858 2561 sacro.
876 2496 1112 2562 substantialis
1125 2516 1209 2578 ergo
1221 2499 1306 2561 ritus
1319 2515 1400 2562 con-

228 2603 316 2666 sistit
329 2603 364 2666 in
378 2601 536 2667 liniendis
553 2621 649 2667 sacro
664 2603 845 2668 chrismate
861 2603 1039 2668 duodecim
1051 2605 1206 2669 crucibus
1221 2606 1398 2689 insculptis

227 2708 283 2774 vel
296 2710 436 2793 depictis
450 2713 486 2774 in
498 2711 694 2794 parietibus,
711 2729 790 2774 oum
803 2711 992 2794 prolatione
1008 2713 1192 2777 verborum
1202 2731 1399 2797 correspon-

228 2817 380 2882 dentiam
394 2839 401 2882 :
417 2820 508 2884 unde
525 2819 553 2882 si
568 2820 747 2903 episcopus
761 2824 839 2902 post
861 2819 957 2884 illum
977 2821 1080 2884 ritum
1104 2822 1152 2885 ite
1169 2822 1297 2884 viribus
1316 2821 1398 2886 defl-

226 2932 328 3002 ceret,
343 2932 463 2992 utnon
478 2931 594 3010 posset
605 2927 767 3011 perticere
775 2928 1077 3004 consecrationem,
1092 2930 1220 2992 functio
1232 2935 1323 2993 esset
1336 2949 1398 3012 per

226 3035 331 3100 alium
351 3035 600 3111 continuanda;
623 3037 651 3099 si
675 3054 758 3100 vero
780 3041 858 3101 ante
879 3036 1075 3120 praedictam
1095 3037 1292 3102 unctionem
1315 3038 1398 3102 dell-

225 3151 326 3221 ceret,
351 3149 422 3210 tota
442 3146 650 3210 consecratio
673 3151 765 3210 esset
785 3146 939 3212 iteranda
954 3145 997 3221 (S.
1016 3145 1240 3228 congregatio
1254 3147 1394 3212 llituum

225 3253 264 3316 lt
278 3253 372 3338 april.
388 3254 489 3336 loti).

265 3362 297 3424 9⁰
310 3360 490 3443 Speeiatim
502 3362 730 3445 praescribitur
746 3366 784 3426 ut
797 3361 1005 3426 consecratio
1026 3362 1086 3426 ssat
1106 3363 1194 3427 inter
1214 3363 1396 3428 missarum

227 3469 402 3546 solemnia,
416 3474 517 3554 prout
530 3470 646 3534 videre
657 3474 710 3534 est
723 3488 797 3534 can.
812 3469 934 3534 Omnes
949 3469 1104 3545 basilicae,
1120 3471 1150 3545 3,
1168 3471 1209 3534 de
1228 3470 1394 3550 Cousccr„

227 3577 302 3640 dist.
324 3577 354 3639 l.
377 3577 460 3641 Hinc
483 3578 659 3660 episcopus
678 3581 804 3660 peccat,
832 3577 860 3640 si
885 3578 1012 3660 absque
1036 3575 1262 3641 celebratione
1281 3579 1395 3642 missae

228 3683 403 3748 ecclesiam
417 3687 603 3760 consecrat,
623 3689 661 3747 ut
674 3683 797 3748 docent
809 3683 1038 3748 communiter
1053 3681 1109 3746 GC.
1134 3683 1260 3747 Tamen
1280 3701 1396 3748 conse-

226 3790 330 3854 cratio
345 3795 499 3854 remanet
512 3789 643 3855 valida:
660 3791 839 3874 episcopus
849 3791 968 3872 nequit
980 3790 1078 3854 alteri
1087 3790 1298 3854 committere
1309 3791 1397 3856 cele-

226 3898 417 3962 brationem
430 3898 532 3980 hujus
546 3897 671 3973 missae,
691 3897 755 3960 nisi
771 3897 812 3961 de
827 3915 996 3962 consensu
1012 3897 1141 3960 Summi
1157 3897 1337 3962 Pontilleis
1354 3899 1397 3962 At

225 4004 297 4068 baeo
311 4005 456 4081 licentia,
473 4011 510 4070 ut
523 4005 669 4070 advertit
684 4006 731 4069 lle
746 4005 936 4086 Angelis(b.
953 4010 976 4068 t.
993 4024 1027 4069 n.
1041 4006 1082 4085 3),
1099 4009 1212 4089 potest
1223 4007 1392 4088 praesumi,

228 4112 362 4195 quando
377 4131 579 4178 consecrans
598 4114 700 4177 nimis
724 4118 776 4177 est
798 4113 1012 4195 defatigatus,
1031 4113 1121 4197 quod
1134 4115 1230 4197 quasi
1255 4131 1316 4198 per
1330 4115 1395 4196 epi-

227 4219 340 4284 kelam
354 4221 479 4286 indicat
493 4221 687 4286 Pontillaale
701 4221 903 4286 Romanum.

267 4329 370 4394 Decet
384 4336 422 4394 ut
434 4333 643 4398 consecratio
657 4333 717 4398 tlat
731 4331 785 4397 die
799 4331 968 4397 dominico
984 4336 1044 4397 aut
1056 4333 1143 4396 testo
1157 4351 1165 4408 3
1182 4331 1242 4396 sed
1264 4332 1306 4396 de
1319 4334 1396 4415 jure

227 4443 340 4521 potest
353 4439 609 4524 omnitempore
624 4446 659 4504 et
675 4439 827 4526 quolibet
839 4440 905 4504 die.

268 4544 299 4608 3ο
310 4543 347 4608 ln
357 4546 506 4610 ecclesiae
514 4549 778 4625 consecratione,
788 4549 867 4632 poni
881 4549 915 4612 in
928 4548 985 4613 illa
997 4549 1122 4614 debent
1135 4549 1283 4632 reliquiae
1298 4568 1304 4610 :
1317 4565 1398 4612 nam

230 4671 287 4718 eas
301 4654 443 4739 requirit
459 4653 651 4720 laetificate
674 4657 885 4734 Romanum;
907 4662 941 4720 et
963 4657 1054 4721 idem
1075 4657 1212 4722 videtur.
1222 4655 1331 4737 colligi
1355 4674 1398 4719 ex
