3510 5574
559 593 646 641 arses
667 595 794 644 scurrus
815 597 1036 660 uncaersuuu.
1334 585 1390 650 rae
1477 560 1481 568 ¹

211 709 356 776 habetur
373 713 413 774 ut
433 710 550 787 laicus,
575 712 725 796 exceptis
739 714 874 782 casibus
886 717 964 799 jure
985 717 1195 783 enumeratis
1210 717 1250 800 (c.
1264 719 1292 794 t,
1310 718 1339 793 3,
1357 719 1387 793 5,

211 817 244 881 h.
265 821 288 882 t.
313 821 347 882 et
368 837 427 882 un.
451 819 485 884 h.
508 819 557 882 tit.
574 819 610 882 in
629 821 684 901 6⁰).
708 821 886 906 Necjuvat
907 823 1082 889 triennalis
1100 827 1284 908 possessio,
1312 844 1391 890 curn

210 925 467 992 matrimonium
481 925 602 992 reddat
611 927 797 994 inhabilem
811 929 854 994 ad
869 930 1103 1014 accipiendum
1117 933 1388 998 etretinendum.

251 1033 404 1098 Diximus
424 1058 440 1092 α
459 1038 633 1099 contrusio
661 1036 881 1101 matrimonio
912 1057 940 1114 »3
970 1055 1051 1103 nam
1080 1039 1109 1103 si
1133 1039 1392 1106 matrimonium

210 1141 331 1206 fuisset
351 1141 490 1206 nulliter
504 1146 727 1220 contractum,
752 1149 833 1210 tuuc
847 1145 1075 1229 privationem
1092 1147 1300 1232 probabilius
1322 1167 1391 1214 non

210 1248 396 1314 induceret.

251 1358 282 1440 d)
304 1358 406 1423 Juxta
432 1375 652 1424 communem
676 1363 893 1441 sententiam,
917 1364 1103 1430 minoristae
1126 1365 1238 1430 valide
1261 1370 1393 1432 contra-

209 1467 331 1532 hentes
350 1467 618 1547 matrimonium,
637 1471 669 1534 l·
683 1471 759 1554 ipso
777 1475 855 1555 jure
871 1475 905 1536 et
917 1473 1007 1536 iacto
1026 1474 1205 1558 privantur
1218 1473 1392 1538 beneficiis

210 1579 311 1640 antea
330 1575 473 1653 habitis;
501 1595 583 1642 nam
601 1578 860 1644 matrimonium
880 1577 1033 1644 validum
1058 1581 1311 1666 incompatibile
1340 1587 1393 1646 est

209 1699 288 1746 curn
315 1684 490 1749 beneflciis
514 1684 766 1762 ecclesiasticis3
789 1705 828 1752 ac
853 1687 997 1770 proinde
1024 1706 1104 1753 cum
1129 1690 1213 1754 sciat
1236 1688 1293 1754 vel
1306 1689 1391 1754 scire

211 1791 332 1858 debeat
356 1790 499 1857 clericus
529 1792 621 1877 quod
649 1793 752 1859 simul
780 1795 986 1860 beneficium
1013 1797 1162 1861 retinere
1187 1803 1220 1862 et
1246 1815 1391 1862 uxorem

208 1898 333 1965 babere
357 1917 428 1964 non
448 1901 567 1984 possit,
590 1901 656 1967 hoc
679 1902 754 1985 ipso
778 1902 869 1986 quod
887 1921 1031 1968 uxorem
1059 1904 1204 1980 duxerit,
1233 1909 1392 1968 censetur

208 2007 423 2073 renuntiasse
438 2008 615 2084 beneflci0;
635 2009 758 2074 deinde
774 2009 940 2076 beneficia
959 2011 1187 2077 ecclesiastica
1203 2011 1392 2078 concedun-

208 2120 265 2182 tur
277 2115 340 2180 sub
356 2105 457 2181 tacita
470 2116 665 2181 conditione
679 2115 868 2181 coelibatus.
885 2117 1011 2182 Verum

247 2223 279 2287 Ψ
289 2221 441 2288 Dubitari
455 2227 570 2307 potest
583 2243 628 2290 an
638 2225 711 2290 haec
726 2225 872 2309 privatio
887 2226 1043 2290 beneficii
1058 2245 1095 2291 se
1111 2227 1275 2292 extendat
1288 2228 1392 2294 etiam

208 2331 251 2397 ad
264 2331 448 2416 pensiones
463 2350 547 2416 quas
557 2337 664 2398 antea
683 2331 827 2398 clericus
842 2333 990 2398 obtinuit
1005 2335 1047 2400 ab
1062 2333 1229 2400 Ecclesia?
1243 2335 1393 2419 Respon-

208 2439 308 2504 detur
322 2457 401 2504 curn
416 2439 632 2506 distinctione
650 2461 658 2504 :
674 2441 880 2506 amittuntur
898 2443 1082 2526 pensiones
1107 2461 1183 2528 quar
1204 2443 1392 2510 minoristis

208 2547 391 2632 assignate
406 2551 488 2612 sunt
501 2547 600 2614 titulo
614 2548 771 2628 clericali,
783 2551 863 2634 quia
874 2551 948 2616 istae
958 2551 1133 2618 beneflciis
1145 2553 1389 2634 subrogantur,

114 2731 120 2737 ,
210 2661 244 2720 et
258 2656 335 2722 ideo
350 2661 509 2722 naturam
521 2656 767 2722 beneficiorum
782 2663 989 2743 sequentum
1005 2678 1075 2724 non
1090 2679 1172 2726 vero
1189 2661 1392 2725 amittuntur

208 2765 392 2847 pensiones
416 2761 675 2850 quasi-laicales,
699 2783 762 2831 seu
783 2766 965 2849 assignate
990 2786 1053 2851 pro
1080 2767 1270 2836 ministerio
1296 2786 1391 2834 mere

209 2871 399 2956 temporali.

250 2981 276 3064 r)
291 2980 476 3065 Episcopus
489 2991 569 3046 cuin
581 2981 710 3048 clericis
725 2984 918 3067 conjugatis
934 2984 1131 3068 dispensare
1144 2985 1263 3070 nequit
1277 2985 1320 3050 ad
1335 2986 1394 3048 be-

210 3088 531 3154 neosiaobtinends
551 3090 607 3154 vel
628 3087 818 3168 retinenda,
836 3091 897 3156 sed
922 3091 1015 3156 solus
1039 3093 1201 3157 Summus
1224 3093 1390 3157 Pontifex.

210 3196 394 3282 Episcopus
409 3197 502 3262 enim
516 3199 636 3282 nequit
653 3197 851 3282 dispensare
865 3204 984 3265 contra
994 3199 1230 3265 SScannnnm
1245 3201 1391 3276 decreta,

212 3305 276 3369 nisi
289 3305 324 3370 id
333 3323 493 3390 expresse
509 3307 541 3372 ei
553 3307 770 3372 concedatur.
780 3307 838 3372 Est
852 3307 993 3374 inferior
1004 3314 1162 3394 respectu
1176 3309 1263 3390 legis
1277 3309 1392 3384 istius;

212 3412 333 3478 deinde
357 3415 393 3478 in
413 3431 486 3497 cap.
504 3414 524 3478 5
545 3415 617 3498 huj.
640 3420 677 3491 t,
702 3415 845 3480 clericus
866 3416 1032 3498 spoliatur
1054 3417 1219 3482 beneficio
1245 3417 1336 3502 quod
1362 3417 1393 3483 ei

213 3547 227 3579 s
245 3523 421 3587 scienter»
437 3521 630 3588 contulerat
644 3523 834 3608 episcopus.

252 3631 285 3712 d)
294 3631 468 3696 biinorista
481 3633 698 3713 coniugatus,
710 3633 738 3696 si
745 3633 1041 3698 conueneritcum
1053 3634 1317 3716 unaetvirgine
1331 3653 1392 3699 seu

212 3757 439 3822 monogamus
459 3741 514 3816 sit,
529 3741 658 3822 gaudet
671 3740 850 3826 privilegio
863 3741 940 3816 sori,
957 3741 1077 3806 saltem
1098 3743 1133 3806 in
1147 3742 1391 3819 criminalibus

212 3847 432 3914 criminaliter
446 3847 502 3914 vel
514 3848 658 3913 civiliter
671 3833 827 3924 intentis,
857 3867 900 3912 ex
922 3849 1056 3914 constit.
1072 3849 1234 3915 Boniiacii
1252 3849 1321 3913 Vllt
1346 3851 1392 3932 (in

213 3973 284 4039 cap.
301 3974 360 4022 un.
377 3957 449 4040 huj.
467 3957 517 4021 tit.
539 3957 576 4020 in
594 3957 627 4020 6ο
641 3960 676 4019 et
689 3956 851 4034 Trident,
877 3974 962 4020 sess.
988 3958 1038 4033 23,
1055 3974 1084 4022 c.
1101 3959 1131 4034 6,
1149 3959 1190 4021 dc
1210 3957 1391 4040 Reform.);

213 4064 274 4128 sed
297 4065 341 4128 ad
363 4065 428 4130 boc
451 4064 635 4150 requiritur
650 4069 689 4127 ut
712 4065 743 4128 1⁰
759 4065 804 4128 sit
826 4083 1076 4146 monogamum
1103 4067 1135 4128 2⁰
1157 4070 1335 4131 tonsuram
1359 4071 1394 4130 ct

212 4171 367 4256 habitum
392 4171 582 4238 clericalem
608 4171 753 4248 deferar
776 4172 809 4234 3ο
826 4177 862 4236 et
885 4173 1034 4256 episcopi
1052 4173 1270 4256 deputatione
1293 4174 1393 4240 elicui

215 4279 364 4346 ecclesias
379 4279 551 4348 deserviat
560 4281 612 4364 (t).
622 4280 691 4344 Sub
703 4281 756 4344 his
764 4281 1027 4358 conditionibus,
1042 4283 1112 4346 imo
1121 4281 1390 4358 seclusaultima‚

214 4387 339 4452 retinet
357 4387 462 4454 etiam
484 4389 703 4473 privilegium
731 4389 883 4454 canonis.
908 4389 941 4453 Si
966 4393 1092 4466 tamen,
1114 4395 1390 4465 murtuensem,

215 4494 345 4560 iterum
363 4495 501 4580 incipiat
520 4497 638 4562 sivero
659 4495 868 4574 clericaliter,
893 4496 1072 4580 privilegia
1094 4495 1261 4566 clericalia
1278 4497 1394 4564 onmia

249 4747 282 4810 (t)
296 4747 363 4799 vide
377 4748 475 4800 ileum.
490 4749 557 4814 xlv,
572 4749 635 4814 Syn.
648 4751 731 4814 diora,
746 4749 764 4802 l.
779 4751 833 4814 bil,
849 4765 872 4802 e.
889 4761 927 4817 rr,
942 4763 970 4802 n.
985 4751 1010 4802 3.
