<?xml version="1.0" encoding="UTF-8"?>
<!DOCTYPE html PUBLIC "-//W3C//DTD XHTML 1.0 Transitional//EN"
    "http://www.w3.org/TR/xhtml1/DTD/xhtml1-transitional.dtd">
<html xmlns="http://www.w3.org/1999/xhtml" xml:lang="en" lang="en">
 <head>
  <title>
</title>
<meta http-equiv="Content-Type" content="text/html;charset=utf-8" />
  <meta name='ocr-system' content='tesseract 3.04.00' />
  <meta name='ocr-capabilities' content='ocr_page ocr_carea ocr_par ocr_line ocrx_word'/>
</head>
<body>
  <div class='ocr_page' id='page_1' title='image "./juscanonicumjux00grangoog_0033.png"; bbox 0 0 3488 5564; ppageno 0'>
   <div class='ocr_carea' id='block_1_1' title="bbox 513 614 1346 677">
    <p class='ocr_par' dir='ltr' id='par_1_1' title="bbox 513 614 1346 677">
     <span class='ocr_line' id='line_1_1' title="bbox 513 614 1346 677; baseline 0.011 -9"><span class='ocrx_word' id='word_1_1' title='bbox 513 624 600 670; x_wconf 80' lang='lat' dir='ltr'>urana</span> <span class='ocrx_word' id='word_1_2' title='bbox 622 626 773 672; x_wconf 81' lang='lat' dir='ltr'>sacunous</span> <span class='ocrx_word' id='word_1_3' title='bbox 793 625 1011 672; x_wconf 74' lang='lat' dir='ltr'>oncanrsuuu.</span> <span class='ocrx_word' id='word_1_4' title='bbox 1310 614 1346 677; x_wconf 70' lang='lat' dir='ltr'>ll</span> 
     </span>
    </p>
   </div>
   <div class='ocr_carea' id='block_1_2' title="bbox 165 739 1399 4600">
    <p class='ocr_par' dir='ltr' id='par_1_2' title="bbox 173 739 1349 1038">
     <span class='ocr_line' id='line_1_2' title="bbox 177 739 1349 832; baseline 0.009 -30"><span class='ocrx_word' id='word_1_5' title='bbox 177 739 269 814; x_wconf 84' lang='lat' dir='ltr'>tario,</span> <span class='ocrx_word' id='word_1_6' title='bbox 287 739 431 804; x_wconf 89' lang='lat' dir='ltr'>clericus</span> <span class='ocrx_word' id='word_1_7' title='bbox 446 741 481 804; x_wconf 92' lang='lat' dir='ltr'>in</span> <span class='ocrx_word' id='word_1_8' title='bbox 496 742 650 808; x_wconf 85' lang='lat' dir='ltr'>beneficii</span> <span class='ocrx_word' id='word_1_9' title='bbox 660 742 746 818; x_wconf 88' lang='lat' dir='ltr'>loco,</span> <span class='ocrx_word' id='word_1_10' title='bbox 763 762 850 826; x_wconf 85' lang='lat' dir='ltr'>uxor</span> <span class='ocrx_word' id='word_1_11' title='bbox 860 745 895 808; x_wconf 91' lang='lat' dir='ltr'>in</span> <span class='ocrx_word' id='word_1_12' title='bbox 911 744 1080 810; x_wconf 89' lang='lat' dir='ltr'>domicilio</span> <span class='ocrx_word' id='word_1_13' title='bbox 1092 747 1214 810; x_wconf 88' lang='lat' dir='ltr'>mariti.</span> <span class='ocrx_word' id='word_1_14' title='bbox 1232 747 1349 832; x_wconf 75' lang='lat' dir='ltr'>Appel-</span> 
     </span>
     <span class='ocr_line' id='line_1_3' title="bbox 173 845 1348 934; baseline 0.008 -25"><span class='ocrx_word' id='word_1_15' title='bbox 173 845 232 910; x_wconf 88' lang='lat' dir='ltr'>lari</span> <span class='ocrx_word' id='word_1_16' title='bbox 246 846 339 911; x_wconf 91' lang='lat' dir='ltr'>solet</span> <span class='ocrx_word' id='word_1_17' title='bbox 357 849 520 914; x_wconf 89' lang='lat' dir='ltr'>habitatio</span> <span class='ocrx_word' id='word_1_18' title='bbox 541 851 629 924; x_wconf 85' lang='lat' dir='ltr'>flcta,</span> <span class='ocrx_word' id='word_1_19' title='bbox 645 851 791 934; x_wconf 88' lang='lat' dir='ltr'>quiajus</span> <span class='ocrx_word' id='word_1_20' title='bbox 805 853 981 934; x_wconf 72' lang='lat' dir='ltr'>praesumit</span> <span class='ocrx_word' id='word_1_21' title='bbox 994 853 1249 930; x_wconf 71' lang='lat' dir='ltr'><strong>habitationem,</strong></span> <span class='ocrx_word' id='word_1_22' title='bbox 1267 855 1348 919; x_wconf 92' lang='lat' dir='ltr'>dum</span> 
     </span>
     <span class='ocr_line' id='line_1_4' title="bbox 174 955 583 1038; baseline 0.005 -22"><span class='ocrx_word' id='word_1_23' title='bbox 174 955 290 1018; x_wconf 87' lang='lat' dir='ltr'>tribuit</span> <span class='ocrx_word' id='word_1_24' title='bbox 305 955 515 1020; x_wconf 81' lang='lat' dir='ltr'>domicilium</span> <span class='ocrx_word' id='word_1_25' title='bbox 532 959 583 1038; x_wconf 88' lang='grc' dir='ltr'>(Ι).</span> 
     </span>
    </p>

    <p class='ocr_par' dir='ltr' id='par_1_3' title="bbox 168 1063 1348 1907">
     <span class='ocr_line' id='line_1_5' title="bbox 210 1063 1345 1154; baseline 0.008 -29"><span class='ocrx_word' id='word_1_26' title='bbox 210 1063 239 1143; x_wconf 86' lang='lat' dir='ltr'>d)</span> <span class='ocrx_word' id='word_1_27' title='bbox 262 1063 314 1127; x_wconf 87' lang='lat' dir='ltr'>De</span> <span class='ocrx_word' id='word_1_28' title='bbox 337 1064 627 1146; x_wconf 80' lang='lat' dir='ltr'>quasi-domicilio.</span> <span class='ocrx_word' id='word_1_29' title='bbox 661 1065 719 1129; x_wconf 88' lang='lat' dir='ltr'>Est</span> <span class='ocrx_word' id='word_1_30' title='bbox 739 1067 901 1132; x_wconf 88' lang='lat' dir='ltr'>habitatio</span> <span class='ocrx_word' id='word_1_31' title='bbox 937 1068 1102 1134; x_wconf 79' lang='lat' dir='ltr'><strong>duntaxat</strong></span> <span class='ocrx_word' id='word_1_32' title='bbox 1137 1071 1345 1154; x_wconf 88' lang='lat' dir='ltr'>temporalis,</span> 
     </span>
     <span class='ocr_line' id='line_1_6' title="bbox 170 1168 1348 1259; baseline 0.006 -27"><span class='ocrx_word' id='word_1_33' title='bbox 170 1168 309 1252; x_wconf 81' lang='lat' dir='ltr'>longior</span> <span class='ocrx_word' id='word_1_34' title='bbox 322 1175 448 1248; x_wconf 89' lang='lat' dir='ltr'>tamen,</span> <span class='ocrx_word' id='word_1_35' title='bbox 466 1191 528 1238; x_wconf 92' lang='lat' dir='ltr'>sen</span> <span class='ocrx_word' id='word_1_36' title='bbox 547 1191 609 1256; x_wconf 90' lang='lat' dir='ltr'>per</span> <span class='ocrx_word' id='word_1_37' title='bbox 623 1192 752 1238; x_wconf 90' lang='lat' dir='ltr'>annum</span> <span class='ocrx_word' id='word_1_38' title='bbox 760 1174 816 1239; x_wconf 89' lang='lat' dir='ltr'>vel</span> <span class='ocrx_word' id='word_1_39' title='bbox 830 1179 997 1259; x_wconf 86' lang='lat' dir='ltr'>majorem</span> <span class='ocrx_word' id='word_1_40' title='bbox 1010 1181 1070 1241; x_wconf 89' lang='lat' dir='ltr'>aut</span> <span class='ocrx_word' id='word_1_41' title='bbox 1084 1177 1205 1243; x_wconf 91' lang='lat' dir='ltr'>saltem</span> <span class='ocrx_word' id='word_1_42' title='bbox 1219 1177 1348 1243; x_wconf 91' lang='lat' dir='ltr'>notabi-</span> 
     </span>
     <span class='ocr_line' id='line_1_7' title="bbox 170 1277 1347 1369; baseline 0.008 -30"><span class='ocrx_word' id='word_1_43' title='bbox 170 1277 237 1344; x_wconf 89' lang='lat' dir='ltr'>lem</span> <span class='ocrx_word' id='word_1_44' title='bbox 252 1281 337 1343; x_wconf 90' lang='lat' dir='ltr'>anni</span> <span class='ocrx_word' id='word_1_45' title='bbox 360 1284 504 1364; x_wconf 88' lang='lat' dir='ltr'>partem,</span> <span class='ocrx_word' id='word_1_46' title='bbox 529 1280 651 1346; x_wconf 90' lang='lat' dir='ltr'>alicubi</span> <span class='ocrx_word' id='word_1_47' title='bbox 674 1283 872 1347; x_wconf 89' lang='lat' dir='ltr'>continuata</span> <span class='ocrx_word' id='word_1_48' title='bbox 893 1285 966 1347; x_wconf 89' lang='lat' dir='ltr'>sinc</span> <span class='ocrx_word' id='word_1_49' title='bbox 989 1286 1103 1349; x_wconf 91' lang='lat' dir='ltr'>animo</span> <span class='ocrx_word' id='word_1_50' title='bbox 1120 1285 1165 1348; x_wconf 89' lang='lat' dir='ltr'>ihi</span> <span class='ocrx_word' id='word_1_51' title='bbox 1182 1290 1347 1369; x_wconf 89' lang='lat' dir='ltr'>perpetuo</span> 
     </span>
     <span class='ocr_line' id='line_1_8' title="bbox 171 1387 1344 1472; baseline 0.007 -23"><span class='ocrx_word' id='word_1_52' title='bbox 171 1387 344 1450; x_wconf 88' lang='lat' dir='ltr'>manendi.</span> <span class='ocrx_word' id='word_1_53' title='bbox 369 1388 657 1465; x_wconf 86' lang='lat' dir='ltr'>Quasi-domicilio</span> <span class='ocrx_word' id='word_1_54' title='bbox 672 1391 824 1471; x_wconf 82' lang='lat' dir='ltr'><strong>gaudent</strong></span> <span class='ocrx_word' id='word_1_55' title='bbox 838 1411 870 1454; x_wconf 90' lang='lat' dir='ltr'>v.</span> <span class='ocrx_word' id='word_1_56' title='bbox 888 1411 920 1472; x_wconf 84' lang='lat' dir='ltr'>g.</span> <span class='ocrx_word' id='word_1_57' title='bbox 938 1393 1081 1456; x_wconf 86' lang='lat' dir='ltr'>studiosi</span> <span class='ocrx_word' id='word_1_58' title='bbox 1100 1394 1136 1456; x_wconf 92' lang='lat' dir='ltr'>in</span> <span class='ocrx_word' id='word_1_59' title='bbox 1153 1393 1344 1469; x_wconf 84' lang='lat' dir='ltr'>academiis,</span> 
     </span>
     <span class='ocr_line' id='line_1_9' title="bbox 168 1477 1347 1583; baseline 0.008 -26"><span class='ocrx_word' id='word_1_60' title='bbox 168 1495 286 1558; x_wconf 87' lang='lat' dir='ltr'>famuli</span> <span class='ocrx_word' id='word_1_61' title='bbox 304 1497 339 1558; x_wconf 94' lang='lat' dir='ltr'>in</span> <span class='ocrx_word' id='word_1_62' title='bbox 355 1497 501 1560; x_wconf 89' lang='lat' dir='ltr'>servitiis</span> <span class='ocrx_word' id='word_1_63' title='bbox 523 1497 739 1563; x_wconf 91' lang='lat' dir='ltr'>dominorum</span> <span class='ocrx_word' id='word_1_64' title='bbox 759 1517 900 1563; x_wconf 88' lang='lat' dir='ltr'>suorum</span> <span class='ocrx_word' id='word_1_65' title='bbox 922 1501 1085 1583; x_wconf 88' lang='lat' dir='ltr'>occupati,</span> <span class='ocrx_word' id='word_1_66' title='bbox 1116 1477 1347 1582; x_wconf 78' lang='lat' dir='ltr'>negotiatores</span> 
     </span>
     <span class='ocr_line' id='line_1_10' title="bbox 169 1603 1347 1672; baseline 0.007 -8"><span class='ocrx_word' id='word_1_67' title='bbox 169 1603 202 1665; x_wconf 94' lang='lat' dir='ltr'>in</span> <span class='ocrx_word' id='word_1_68' title='bbox 213 1603 279 1667; x_wconf 86' lang='lat' dir='ltr'>civi</span> <span class='ocrx_word' id='word_1_69' title='bbox 286 1605 422 1668; x_wconf 86' lang='lat' dir='ltr'>tatibus.</span> <span class='ocrx_word' id='word_1_70' title='bbox 435 1605 474 1668; x_wconf 93' lang='lat' dir='ltr'>ln</span> <span class='ocrx_word' id='word_1_71' title='bbox 486 1606 683 1671; x_wconf 83' lang='lat' dir='ltr'>delinitione</span> <span class='ocrx_word' id='word_1_72' title='bbox 698 1606 821 1670; x_wconf 91' lang='lat' dir='ltr'>dicitur</span> <span class='ocrx_word' id='word_1_73' title='bbox 838 1633 852 1665; x_wconf 71' lang='grc' dir='ltr'>ι(</span> <span class='ocrx_word' id='word_1_74' title='bbox 864 1609 920 1672; x_wconf 86' lang='lat' dir='ltr'>vel</span> <span class='ocrx_word' id='word_1_75' title='bbox 935 1608 1055 1671; x_wconf 86' lang='lat' dir='ltr'>saltem</span> <span class='ocrx_word' id='word_1_76' title='bbox 1066 1608 1251 1672; x_wconf 89' lang='lat' dir='ltr'>notabilem</span> <span class='ocrx_word' id='word_1_77' title='bbox 1266 1609 1347 1672; x_wconf 89' lang='lat' dir='ltr'>anni</span> 
     </span>
     <span class='ocr_line' id='line_1_11' title="bbox 168 1713 1348 1799; baseline 0.003 -23"><span class='ocrx_word' id='word_1_78' title='bbox 168 1717 304 1794; x_wconf 88' lang='lat' dir='ltr'>partem</span> <span class='ocrx_word' id='word_1_79' title='bbox 314 1739 342 1787; x_wconf 90' lang='lat'>»‚</span> <span class='ocrx_word' id='word_1_80' title='bbox 360 1713 402 1777; x_wconf 86' lang='lat' dir='ltr'>ad</span> <span class='ocrx_word' id='word_1_81' title='bbox 417 1715 509 1797; x_wconf 92' lang='lat' dir='ltr'>quod</span> <span class='ocrx_word' id='word_1_82' title='bbox 524 1713 762 1798; x_wconf 83' lang='lat' dir='ltr'>explicandum</span> <span class='ocrx_word' id='word_1_83' title='bbox 775 1715 937 1799; x_wconf 83' lang='lat' dir='ltr'>quaeritur</span> <span class='ocrx_word' id='word_1_84' title='bbox 947 1715 1348 1798; x_wconf 87' lang='lat' dir='ltr'>qualishahitationeces-</span> 
     </span>
     <span class='ocr_line' id='line_1_12' title="bbox 168 1821 878 1907; baseline 0.007 -26"><span class='ocrx_word' id='word_1_85' title='bbox 168 1822 255 1885; x_wconf 84' lang='lat' dir='ltr'>saria</span> <span class='ocrx_word' id='word_1_86' title='bbox 271 1821 318 1883; x_wconf 91' lang='lat' dir='ltr'>sit</span> <span class='ocrx_word' id='word_1_87' title='bbox 331 1821 374 1884; x_wconf 92' lang='lat' dir='ltr'>ad</span> <span class='ocrx_word' id='word_1_88' title='bbox 389 1821 597 1886; x_wconf 80' lang='lat' dir='ltr'>domicilium</span> <span class='ocrx_word' id='word_1_89' title='bbox 612 1823 878 1907; x_wconf 83' lang='lat' dir='ltr'>acquirendum?</span> 
     </span>
    </p>

    <p class='ocr_par' dir='ltr' id='par_1_4' title="bbox 166 1929 1349 2446">
     <span class='ocr_line' id='line_1_13' title="bbox 205 1929 1348 2015; baseline 0.004 -23"><span class='ocrx_word' id='word_1_90' title='bbox 205 1929 310 2011; x_wconf 88' lang='lat' dir='ltr'>Resp.</span> <span class='ocrx_word' id='word_1_91' title='bbox 324 1930 355 1992; x_wconf 87' lang='lat' dir='ltr'>l⁰</span> <span class='ocrx_word' id='word_1_92' title='bbox 367 1929 468 1994; x_wconf 85' lang='lat' dir='ltr'><strong>Juxta</strong></span> <span class='ocrx_word' id='word_1_93' title='bbox 480 1929 594 2012; x_wconf 90' lang='lat' dir='ltr'>plures</span> <span class='ocrx_word' id='word_1_94' title='bbox 604 1931 836 2014; x_wconf 81' lang='lat' dir='ltr'><strong>requireretur</strong></span> <span class='ocrx_word' id='word_1_95' title='bbox 845 1934 955 2014; x_wconf 87' lang='lat' dir='ltr'>major</span> <span class='ocrx_word' id='word_1_96' title='bbox 968 1933 1048 1996; x_wconf 92' lang='lat' dir='ltr'>anni</span> <span class='ocrx_word' id='word_1_97' title='bbox 1057 1950 1146 2015; x_wconf 85' lang='lat' dir='ltr'>pars,</span> <span class='ocrx_word' id='word_1_98' title='bbox 1160 1932 1241 1996; x_wconf 93' lang='lat' dir='ltr'>dnm</span> <span class='ocrx_word' id='word_1_99' title='bbox 1248 1935 1348 2014; x_wconf 82' lang='lat' dir='ltr'>juxta</span> 
     </span>
     <span class='ocr_line' id='line_1_14' title="bbox 166 2035 1347 2123; baseline 0.003 -25"><span class='ocrx_word' id='word_1_100' title='bbox 166 2035 249 2099; x_wconf 86' lang='lat' dir='ltr'>alios</span> <span class='ocrx_word' id='word_1_101' title='bbox 265 2037 442 2100; x_wconf 86' lang='lat' dir='ltr'>sulssceret</span> <span class='ocrx_word' id='word_1_102' title='bbox 469 2037 626 2102; x_wconf 87' lang='lat' dir='ltr'>notabilis</span> <span class='ocrx_word' id='word_1_103' title='bbox 648 2040 728 2103; x_wconf 90' lang='lat' dir='ltr'>anni</span> <span class='ocrx_word' id='word_1_104' title='bbox 751 2058 840 2123; x_wconf 88' lang='lat' dir='ltr'>pars.</span> <span class='ocrx_word' id='word_1_105' title='bbox 862 2039 957 2104; x_wconf 90' lang='lat' dir='ltr'>Prior</span> <span class='ocrx_word' id='word_1_106' title='bbox 980 2040 1149 2104; x_wconf 90' lang='lat' dir='ltr'>sententia</span> <span class='ocrx_word' id='word_1_107' title='bbox 1174 2039 1347 2103; x_wconf 89' lang='lat' dir='ltr'>videretur</span> 
     </span>
     <span class='ocr_line' id='line_1_15' title="bbox 166 2145 1347 2230; baseline 0.002 -22"><span class='ocrx_word' id='word_1_108' title='bbox 166 2146 378 2210; x_wconf 79' lang='lat' dir='ltr'>conformior</span> <span class='ocrx_word' id='word_1_109' title='bbox 396 2145 495 2210; x_wconf 89' lang='lat' dir='ltr'>alicui</span> <span class='ocrx_word' id='word_1_110' title='bbox 522 2146 710 2210; x_wconf 86' lang='lat' dir='ltr'>definitioni</span> <span class='ocrx_word' id='word_1_111' title='bbox 737 2147 769 2210; x_wconf 87' lang='lat' dir='ltr'>S.</span> <span class='ocrx_word' id='word_1_112' title='bbox 800 2147 965 2228; x_wconf 80' lang='lat' dir='ltr'>Congreg.</span> <span class='ocrx_word' id='word_1_113' title='bbox 995 2146 1142 2222; x_wconf 83' lang='lat' dir='ltr'>Concilii,</span> <span class='ocrx_word' id='word_1_114' title='bbox 1165 2165 1239 2230; x_wconf 73' lang='lat' dir='ltr'>quae</span> <span class='ocrx_word' id='word_1_115' title='bbox 1269 2147 1347 2210; x_wconf 90' lang='lat' dir='ltr'>dicit</span> 
     </span>
     <span class='ocr_line' id='line_1_16' title="bbox 167 2253 1349 2338; baseline -0.001 -21"><span class='ocrx_word' id='word_1_116' title='bbox 167 2253 215 2334; x_wconf 66' lang='grc' dir='ltr'>(ΙΙ</span> <span class='ocrx_word' id='word_1_117' title='bbox 229 2273 312 2335; x_wconf 79' lang='lat' dir='ltr'><strong>aug.</strong></span> <span class='ocrx_word' id='word_1_118' title='bbox 325 2254 415 2335; x_wconf 72' lang='lat' dir='ltr'>ttae)</span> <span class='ocrx_word' id='word_1_119' title='bbox 428 2275 435 2316; x_wconf 91' lang='lat'>:</span> <span class='ocrx_word' id='word_1_120' title='bbox 450 2279 465 2312; x_wconf 90' lang='lat'>«</span> <span class='ocrx_word' id='word_1_121' title='bbox 476 2255 549 2319; x_wconf 89' lang='lat' dir='ltr'>Non</span> <span class='ocrx_word' id='word_1_122' title='bbox 562 2255 746 2338; x_wconf 89' lang='lat' dir='ltr'>acquiritur</span> <span class='ocrx_word' id='word_1_123' title='bbox 757 2255 1087 2338; x_wconf 88' lang='lat' dir='ltr'>quasi-domicilium,</span> <span class='ocrx_word' id='word_1_124' title='bbox 1099 2255 1349 2320; x_wconf 84' lang='lat' dir='ltr'>nisiconcnrrat</span> 
     </span>
     <span class='ocr_line' id='line_1_17' title="bbox 167 2363 1109 2446; baseline 0.001 -21"><span class='ocrx_word' id='word_1_125' title='bbox 167 2363 304 2426; x_wconf 89' lang='lat' dir='ltr'>animus</span> <span class='ocrx_word' id='word_1_126' title='bbox 319 2363 492 2426; x_wconf 91' lang='lat' dir='ltr'>habitandi</span> <span class='ocrx_word' id='word_1_127' title='bbox 507 2381 568 2445; x_wconf 92' lang='lat' dir='ltr'>per</span> <span class='ocrx_word' id='word_1_128' title='bbox 581 2366 749 2446; x_wconf 88' lang='lat' dir='ltr'>majorem</span> <span class='ocrx_word' id='word_1_129' title='bbox 764 2363 843 2426; x_wconf 90' lang='lat' dir='ltr'>anni</span> <span class='ocrx_word' id='word_1_130' title='bbox 856 2367 998 2445; x_wconf 88' lang='lat' dir='ltr'>partem.</span> <span class='ocrx_word' id='word_1_131' title='bbox 1013 2387 1028 2420; x_wconf 92' lang='lat'>»</span> <span class='ocrx_word' id='word_1_132' title='bbox 1107 2377 1109 2386; x_wconf 85' lang='grc'><strong>’</strong></span> 
     </span>
    </p>

    <p class='ocr_par' dir='ltr' id='par_1_5' title="bbox 165 2469 1346 3399">
     <span class='ocr_line' id='line_1_18' title="bbox 203 2469 1345 2553; baseline 0.001 -22"><span class='ocrx_word' id='word_1_133' title='bbox 203 2469 334 2532; x_wconf 84' lang='lat' dir='ltr'>Verum</span> <span class='ocrx_word' id='word_1_134' title='bbox 345 2470 378 2532; x_wconf 50' lang='grc' dir='ltr'>Ψ</span> <span class='ocrx_word' id='word_1_135' title='bbox 393 2469 449 2534; x_wconf 91' lang='lat' dir='ltr'>alii</span> <span class='ocrx_word' id='word_1_136' title='bbox 466 2469 690 2552; x_wconf 84' lang='lat' dir='ltr'>distinguunt,</span> <span class='ocrx_word' id='word_1_137' title='bbox 708 2475 742 2532; x_wconf 90' lang='lat' dir='ltr'>et</span> <span class='ocrx_word' id='word_1_138' title='bbox 757 2470 804 2533; x_wconf 91' lang='lat' dir='ltr'>sic</span> <span class='ocrx_word' id='word_1_139' title='bbox 819 2470 972 2550; x_wconf 81' lang='lat' dir='ltr'><strong>exsurgit</strong></span> <span class='ocrx_word' id='word_1_140' title='bbox 982 2470 1083 2553; x_wconf 87' lang='lat' dir='ltr'>tertia</span> <span class='ocrx_word' id='word_1_141' title='bbox 1099 2469 1270 2534; x_wconf 90' lang='lat' dir='ltr'>sententia</span> <span class='ocrx_word' id='word_1_142' title='bbox 1286 2489 1293 2531; x_wconf 92' lang='lat'>:</span> <span class='ocrx_word' id='word_1_143' title='bbox 1311 2469 1345 2532; x_wconf 87' lang='lat' dir='ltr'>Si</span> 
     </span>
     <span class='ocr_line' id='line_1_19' title="bbox 167 2577 1345 2660; baseline 0 -20"><span class='ocrx_word' id='word_1_144' title='bbox 167 2577 240 2660; x_wconf 92' lang='lat' dir='ltr'>quis</span> <span class='ocrx_word' id='word_1_145' title='bbox 258 2577 426 2642; x_wconf 81' lang='lat' dir='ltr'>aliorsum</span> <span class='ocrx_word' id='word_1_146' title='bbox 447 2595 483 2641; x_wconf 91' lang='lat' dir='ltr'>se</span> <span class='ocrx_word' id='word_1_147' title='bbox 507 2579 677 2642; x_wconf 82' lang='lat' dir='ltr'>conterret</span> <span class='ocrx_word' id='word_1_148' title='bbox 700 2578 813 2642; x_wconf 91' lang='lat' dir='ltr'>animo</span> <span class='ocrx_word' id='word_1_149' title='bbox 829 2577 990 2642; x_wconf 89' lang='lat' dir='ltr'>manendi</span> <span class='ocrx_word' id='word_1_150' title='bbox 1005 2595 1066 2660; x_wconf 90' lang='lat' dir='ltr'>per</span> <span class='ocrx_word' id='word_1_151' title='bbox 1080 2578 1250 2642; x_wconf 89' lang='lat' dir='ltr'>minorem</span> <span class='ocrx_word' id='word_1_152' title='bbox 1265 2578 1345 2642; x_wconf 90' lang='lat' dir='ltr'>anni</span> 
     </span>
     <span class='ocr_line' id='line_1_20' title="bbox 165 2683 1346 2768; baseline -0.003 -19"><span class='ocrx_word' id='word_1_153' title='bbox 165 2691 310 2767; x_wconf 87' lang='lat' dir='ltr'>partem,</span> <span class='ocrx_word' id='word_1_154' title='bbox 328 2705 360 2748; x_wconf 82' lang='lat' dir='ltr'>r.</span> <span class='ocrx_word' id='word_1_155' title='bbox 378 2705 411 2766; x_wconf 83' lang='lat' dir='ltr'>g.</span> <span class='ocrx_word' id='word_1_156' title='bbox 427 2703 489 2767; x_wconf 89' lang='lat' dir='ltr'>per</span> <span class='ocrx_word' id='word_1_157' title='bbox 513 2683 643 2768; x_wconf 89' lang='lat' dir='ltr'>aliquot</span> <span class='ocrx_word' id='word_1_158' title='bbox 664 2703 811 2762; x_wconf 90' lang='lat' dir='ltr'>menses,</span> <span class='ocrx_word' id='word_1_159' title='bbox 828 2703 899 2750; x_wconf 87' lang='lat' dir='ltr'>non</span> <span class='ocrx_word' id='word_1_160' title='bbox 913 2685 1104 2768; x_wconf 86' lang='lat' dir='ltr'><strong>acquireret</strong></span> <span class='ocrx_word' id='word_1_161' title='bbox 1126 2684 1346 2768; x_wconf 91' lang='lat' dir='ltr'>quasi-domi-</span> 
     </span>
     <span class='ocr_line' id='line_1_21' title="bbox 165 2793 1345 2869; baseline -0.002 -12"><span class='ocrx_word' id='word_1_162' title='bbox 165 2793 292 2869; x_wconf 89' lang='lat' dir='ltr'>cilium,</span> <span class='ocrx_word' id='word_1_163' title='bbox 310 2793 444 2858; x_wconf 87' lang='lat' dir='ltr'>etiamsi</span> <span class='ocrx_word' id='word_1_164' title='bbox 461 2793 502 2857; x_wconf 93' lang='lat' dir='ltr'>de</span> <span class='ocrx_word' id='word_1_165' title='bbox 517 2793 606 2857; x_wconf 87' lang='lat' dir='ltr'>iacto</span> <span class='ocrx_word' id='word_1_166' title='bbox 623 2793 679 2859; x_wconf 93' lang='lat' dir='ltr'>diu</span> <span class='ocrx_word' id='word_1_167' title='bbox 693 2797 980 2868; x_wconf 79' lang='lat' dir='ltr'>commoraretur3</span> <span class='ocrx_word' id='word_1_168' title='bbox 991 2795 1111 2858; x_wconf 86' lang='lat' dir='ltr'>sivero</span> <span class='ocrx_word' id='word_1_169' title='bbox 1123 2811 1159 2857; x_wconf 92' lang='lat' dir='ltr'>se</span> <span class='ocrx_word' id='word_1_170' title='bbox 1174 2793 1345 2857; x_wconf 86' lang='lat' dir='ltr'>conterret</span> 
     </span>
     <span class='ocr_line' id='line_1_22' title="bbox 167 2901 1345 2984; baseline -0.002 -20"><span class='ocrx_word' id='word_1_171' title='bbox 167 2901 282 2965; x_wconf 88' lang='lat' dir='ltr'>animo</span> <span class='ocrx_word' id='word_1_172' title='bbox 301 2901 463 2965; x_wconf 89' lang='lat' dir='ltr'>manendi</span> <span class='ocrx_word' id='word_1_173' title='bbox 486 2920 548 2982; x_wconf 90' lang='lat' dir='ltr'>per</span> <span class='ocrx_word' id='word_1_174' title='bbox 569 2903 737 2984; x_wconf 86' lang='lat' dir='ltr'>majorem</span> <span class='ocrx_word' id='word_1_175' title='bbox 756 2901 837 2965; x_wconf 92' lang='lat' dir='ltr'>anni</span> <span class='ocrx_word' id='word_1_176' title='bbox 859 2905 1002 2984; x_wconf 86' lang='lat' dir='ltr'>partem,</span> <span class='ocrx_word' id='word_1_177' title='bbox 1030 2919 1099 2966; x_wconf 92' lang='lat' dir='ltr'>non</span> <span class='ocrx_word' id='word_1_178' title='bbox 1114 2901 1345 2984; x_wconf 84' lang='lat' dir='ltr'><strong>requireretur</strong></span> 
     </span>
     <span class='ocr_line' id='line_1_23' title="bbox 166 2993 1344 3094; baseline 0.001 -23"><span class='ocrx_word' id='word_1_179' title='bbox 166 3011 357 3094; x_wconf 81' lang='lat' dir='ltr'>copulative</span> <span class='ocrx_word' id='word_1_180' title='bbox 371 2993 593 3074; x_wconf 85' lang='lat' dir='ltr'>commoratio</span> <span class='ocrx_word' id='word_1_181' title='bbox 608 3009 709 3074; x_wconf 90' lang='lat' dir='ltr'>realis</span> <span class='ocrx_word' id='word_1_182' title='bbox 729 3028 790 3092; x_wconf 89' lang='lat' dir='ltr'>per</span> <span class='ocrx_word' id='word_1_183' title='bbox 811 3012 979 3092; x_wconf 90' lang='lat' dir='ltr'>maj0rem</span> <span class='ocrx_word' id='word_1_184' title='bbox 993 3010 1073 3074; x_wconf 91' lang='lat' dir='ltr'>anni</span> <span class='ocrx_word' id='word_1_185' title='bbox 1088 3013 1219 3090; x_wconf 88' lang='lat' dir='ltr'>partem</span> <span class='ocrx_word' id='word_1_186' title='bbox 1234 3007 1276 3072; x_wconf 88' lang='lat' dir='ltr'>ad</span> <span class='ocrx_word' id='word_1_187' title='bbox 1291 3026 1344 3072; x_wconf 90' lang='lat' dir='ltr'>ac-</span> 
     </span>
     <span class='ocr_line' id='line_1_24' title="bbox 167 3116 1343 3200; baseline -0.003 -18"><span class='ocrx_word' id='word_1_188' title='bbox 167 3117 373 3199; x_wconf 88' lang='lat' dir='ltr'>quirendum</span> <span class='ocrx_word' id='word_1_189' title='bbox 395 3116 726 3200; x_wconf 89' lang='lat' dir='ltr'>quasi-domicilium,</span> <span class='ocrx_word' id='word_1_190' title='bbox 739 3117 865 3181; x_wconf 85' lang='lat' dir='ltr'>¹saltem</span> <span class='ocrx_word' id='word_1_191' title='bbox 877 3119 977 3199; x_wconf 87' lang='lat' dir='ltr'>juxta</span> <span class='ocrx_word' id='word_1_192' title='bbox 988 3116 1259 3183; x_wconf 87' lang='lat' dir='ltr'>communiorem</span> <span class='ocrx_word' id='word_1_193' title='bbox 1269 3133 1343 3178; x_wconf 90' lang='lat' dir='ltr'>sen-</span> 
     </span>
     <span class='ocr_line' id='line_1_25' title="bbox 168 3223 1340 3307; baseline 0 -20"><span class='ocrx_word' id='word_1_194' title='bbox 168 3227 309 3290; x_wconf 89' lang='lat' dir='ltr'>tentiam</span> <span class='ocrx_word' id='word_1_195' title='bbox 323 3225 428 3307; x_wconf 79' lang='lat' dir='ltr'>(Gonf.</span> <span class='ocrx_word' id='word_1_196' title='bbox 442 3225 601 3301; x_wconf 82' lang='lat' dir='ltr'>Sanchez,</span> <span class='ocrx_word' id='word_1_197' title='bbox 614 3225 655 3290; x_wconf 85' lang='lat' dir='ltr'>de</span> <span class='ocrx_word' id='word_1_198' title='bbox 666 3225 831 3304; x_wconf 66' lang='lat' dir='ltr'>Mctrlm„</span> <span class='ocrx_word' id='word_1_199' title='bbox 847 3224 869 3288; x_wconf 93' lang='grc' dir='ltr'>Ι.</span> <span class='ocrx_word' id='word_1_200' title='bbox 890 3224 942 3301; x_wconf 91' lang='grc' dir='ltr'>ΙΙΙ,</span> <span class='ocrx_word' id='word_1_201' title='bbox 961 3224 1046 3306; x_wconf 87' lang='lat' dir='ltr'>disp.</span> <span class='ocrx_word' id='word_1_202' title='bbox 1061 3225 1110 3299; x_wconf 62' lang='lat'>23,</span> <span class='ocrx_word' id='word_1_203' title='bbox 1131 3244 1164 3288; x_wconf 92' lang='lat' dir='ltr'>n.</span> <span class='ocrx_word' id='word_1_204' title='bbox 1185 3223 1233 3300; x_wconf 78' lang='lat'>14,</span> <span class='ocrx_word' id='word_1_205' title='bbox 1253 3226 1340 3302; x_wconf 84' lang='lat' dir='ltr'>eto).</span> 
     </span>
     <span class='ocr_line' id='line_1_26' title="bbox 166 3332 259 3399; baseline 0.032 -3"><span class='ocrx_word' id='word_1_206' title='bbox 166 3332 259 3399; x_wconf 88' lang='lat' dir='ltr'>Unde</span> 
     </span>
    </p>

    <p class='ocr_par' dir='ltr' id='par_1_6' title="bbox 165 3439 1399 4600">
     <span class='ocr_line' id='line_1_27' title="bbox 203 3439 1343 3525; baseline 0 -21"><span class='ocrx_word' id='word_1_207' title='bbox 203 3441 235 3504; x_wconf 87' lang='lat'>3·</span> <span class='ocrx_word' id='word_1_208' title='bbox 249 3441 352 3507; x_wconf 84' lang='lat' dir='ltr'><strong>Juxta</strong></span> <span class='ocrx_word' id='word_1_209' title='bbox 365 3441 493 3506; x_wconf 90' lang='lat' dir='ltr'>multos</span> <span class='ocrx_word' id='word_1_210' title='bbox 509 3447 544 3506; x_wconf 91' lang='lat' dir='ltr'>et</span> <span class='ocrx_word' id='word_1_211' title='bbox 563 3459 687 3524; x_wconf 84' lang='lat' dir='ltr'>graves</span> <span class='ocrx_word' id='word_1_212' title='bbox 702 3443 907 3518; x_wconf 67' lang='lat' dir='ltr'>canonistas</span> <span class='ocrx_word' id='word_1_213' title='bbox 925 3441 1110 3525; x_wconf 92' lang='lat' dir='ltr'>acquiritur</span> <span class='ocrx_word' id='word_1_214' title='bbox 1124 3439 1343 3524; x_wconf 88' lang='lat' dir='ltr'>quasi-domi-</span> 
     </span>
     <span class='ocr_line' id='line_1_28' title="bbox 166 3547 1342 3630; baseline 0 -18"><span class='ocrx_word' id='word_1_215' title='bbox 166 3549 280 3614; x_wconf 91' lang='lat' dir='ltr'>cilium</span> <span class='ocrx_word' id='word_1_216' title='bbox 292 3549 407 3615; x_wconf 87' lang='lat' dir='ltr'>statim</span> <span class='ocrx_word' id='word_1_217' title='bbox 417 3568 456 3614; x_wconf 92' lang='lat' dir='ltr'>ac</span> <span class='ocrx_word' id='word_1_218' title='bbox 472 3550 510 3612; x_wconf 85' lang='lat' dir='ltr'>tlt</span> <span class='ocrx_word' id='word_1_219' title='bbox 523 3549 686 3614; x_wconf 90' lang='lat' dir='ltr'>hahitatio</span> <span class='ocrx_word' id='word_1_220' title='bbox 704 3549 804 3614; x_wconf 90' lang='lat' dir='ltr'>realis</span> <span class='ocrx_word' id='word_1_221' title='bbox 814 3569 893 3614; x_wconf 91' lang='lat' dir='ltr'>cum</span> <span class='ocrx_word' id='word_1_222' title='bbox 908 3550 1023 3614; x_wconf 87' lang='lat' dir='ltr'>animo</span> <span class='ocrx_word' id='word_1_223' title='bbox 1040 3548 1201 3614; x_wconf 88' lang='lat' dir='ltr'>manendi</span> <span class='ocrx_word' id='word_1_224' title='bbox 1214 3567 1275 3630; x_wconf 92' lang='lat' dir='ltr'>per</span> <span class='ocrx_word' id='word_1_225' title='bbox 1285 3547 1342 3612; x_wconf 91' lang='lat' dir='ltr'>ali·</span> 
     </span>
     <span class='ocr_line' id='line_1_29' title="bbox 167 3655 1343 3740; baseline -0.002 -18"><span class='ocrx_word' id='word_1_226' title='bbox 167 3663 405 3740; x_wconf 88' lang='lat' dir='ltr'>quotmenses,</span> <span class='ocrx_word' id='word_1_227' title='bbox 414 3676 475 3721; x_wconf 89' lang='lat' dir='ltr'>seu</span> <span class='ocrx_word' id='word_1_228' title='bbox 489 3655 675 3722; x_wconf 90' lang='lat' dir='ltr'>notabilem</span> <span class='ocrx_word' id='word_1_229' title='bbox 684 3657 764 3721; x_wconf 91' lang='lat' dir='ltr'>anni</span> <span class='ocrx_word' id='word_1_230' title='bbox 774 3663 916 3740; x_wconf 85' lang='lat' dir='ltr'>partem,</span> <span class='ocrx_word' id='word_1_231' title='bbox 932 3662 967 3720; x_wconf 91' lang='lat' dir='ltr'>et</span> <span class='ocrx_word' id='word_1_232' title='bbox 981 3657 1180 3720; x_wconf 89' lang='lat' dir='ltr'>sichabetur</span> <span class='ocrx_word' id='word_1_233' title='bbox 1194 3657 1343 3738; x_wconf 87' lang='lat' dir='ltr'>perlecta</span> 
     </span>
     <span class='ocr_line' id='line_1_30' title="bbox 167 3761 1343 3848; baseline -0.003 -20"><span class='ocrx_word' id='word_1_234' title='bbox 167 3765 334 3846; x_wconf 81' lang='lat' dir='ltr'>analogia,</span> <span class='ocrx_word' id='word_1_235' title='bbox 360 3765 473 3848; x_wconf 87' lang='lat' dir='ltr'>quoad</span> <span class='ocrx_word' id='word_1_236' title='bbox 496 3764 709 3829; x_wconf 87' lang='lat' dir='ltr'>conditiones</span> <span class='ocrx_word' id='word_1_237' title='bbox 735 3764 945 3840; x_wconf 88' lang='lat' dir='ltr'>essentiales,</span> <span class='ocrx_word' id='word_1_238' title='bbox 971 3763 1061 3827; x_wconf 89' lang='lat' dir='ltr'>inter</span> <span class='ocrx_word' id='word_1_239' title='bbox 1082 3761 1289 3827; x_wconf 90' lang='lat' dir='ltr'>domicilium</span> <span class='ocrx_word' id='word_1_240' title='bbox 1308 3767 1343 3825; x_wconf 91' lang='lat' dir='ltr'>et</span> 
     </span>
     <span class='ocr_line' id='line_1_31' title="bbox 168 3855 1341 3956; baseline 0 -22"><span class='ocrx_word' id='word_1_241' title='bbox 168 3872 749 3956; x_wconf 84' lang='lat' dir='ltr'>quasi-domicilium.Equidemhuic</span> <span class='ocrx_word' id='word_1_242' title='bbox 758 3855 1197 3954; x_wconf 83' lang='lat' dir='ltr'>doctrinae,vereprobahili,</span> <span class='ocrx_word' id='word_1_243' title='bbox 1207 3871 1341 3936; x_wconf 89' lang='lat' dir='ltr'>obstare</span> 
     </span>
     <span class='ocr_line' id='line_1_32' title="bbox 168 3976 1342 4062; baseline 0 -22"><span class='ocrx_word' id='word_1_244' title='bbox 168 3980 340 4044; x_wconf 83' lang='lat' dir='ltr'>rideretur</span> <span class='ocrx_word' id='word_1_245' title='bbox 361 3980 542 4045; x_wconf 88' lang='lat' dir='ltr'>declaratio</span> <span class='ocrx_word' id='word_1_246' title='bbox 566 3979 723 4062; x_wconf 80' lang='lat' dir='ltr'>quaedam</span> <span class='ocrx_word' id='word_1_247' title='bbox 743 3979 915 4044; x_wconf 86' lang='lat' dir='ltr'>Benedicti</span> <span class='ocrx_word' id='word_1_248' title='bbox 934 3977 1013 4056; x_wconf 86' lang='lat' dir='ltr'>lllV,</span> <span class='ocrx_word' id='word_1_249' title='bbox 1032 3979 1088 4061; x_wconf 90' lang='lat' dir='ltr'>qui</span> <span class='ocrx_word' id='word_1_250' title='bbox 1112 3977 1262 4061; x_wconf 89' lang='lat' dir='ltr'>postulat</span> <span class='ocrx_word' id='word_1_251' title='bbox 1278 3976 1342 4040; x_wconf 91' lang='lat' dir='ltr'>sal-</span> 
     </span>
     <span class='ocr_line' id='line_1_33' title="bbox 168 4085 1341 4171; baseline 0 -23"><span class='ocrx_word' id='word_1_252' title='bbox 168 4091 236 4151; x_wconf 89' lang='lat' dir='ltr'>tem</span> <span class='ocrx_word' id='word_1_253' title='bbox 249 4088 396 4171; x_wconf 88' lang='lat' dir='ltr'>spatium</span> <span class='ocrx_word' id='word_1_254' title='bbox 411 4087 513 4151; x_wconf 92' lang='lat' dir='ltr'>unius</span> <span class='ocrx_word' id='word_1_255' title='bbox 524 4089 651 4152; x_wconf 88' lang='lat' dir='ltr'>mensis</span> <span class='ocrx_word' id='word_1_256' title='bbox 663 4092 700 4150; x_wconf 91' lang='lat' dir='ltr'>ut</span> <span class='ocrx_word' id='word_1_257' title='bbox 710 4087 966 4152; x_wconf 89' lang='lat' dir='ltr'>matrimonium</span> <span class='ocrx_word' id='word_1_258' title='bbox 980 4086 1133 4150; x_wconf 89' lang='lat' dir='ltr'>contrahi</span> <span class='ocrx_word' id='word_1_259' title='bbox 1148 4085 1266 4168; x_wconf 87' lang='lat' dir='ltr'>possit,</span> <span class='ocrx_word' id='word_1_260' title='bbox 1281 4103 1341 4148; x_wconf 92' lang='lat' dir='ltr'>seu</span> 
     </span>
     <span class='ocr_line' id='line_1_34' title="bbox 165 4191 1340 4279; baseline -0.003 -21"><span class='ocrx_word' id='word_1_261' title='bbox 165 4197 220 4276; x_wconf 89' lang='lat' dir='ltr'>jus</span> <span class='ocrx_word' id='word_1_262' title='bbox 234 4195 495 4278; x_wconf 87' lang='lat' dir='ltr'>parochialitatis</span> <span class='ocrx_word' id='word_1_263' title='bbox 518 4195 655 4279; x_wconf 91' lang='lat' dir='ltr'>acquiri.</span> <span class='ocrx_word' id='word_1_264' title='bbox 674 4193 740 4258; x_wconf 87' lang='lat' dir='ltr'>Sed</span> <span class='ocrx_word' id='word_1_265' title='bbox 762 4195 834 4258; x_wconf 74' lang='lat' dir='ltr'>haec</span> <span class='ocrx_word' id='word_1_266' title='bbox 855 4193 1006 4258; x_wconf 87' lang='lat' dir='ltr'>clausula</span> <span class='ocrx_word' id='word_1_267' title='bbox 1019 4191 1162 4273; x_wconf 82' lang='lat' dir='ltr'>intelligi</span> <span class='ocrx_word' id='word_1_268' title='bbox 1174 4192 1340 4274; x_wconf 89' lang='lat' dir='ltr'>potestde</span> 
     </span>
     <span class='ocr_line' id='line_1_35' title="bbox 167 4299 1399 4387; baseline 0 -21"><span class='ocrx_word' id='word_1_269' title='bbox 167 4301 222 4369; x_wconf 91' lang='lat' dir='ltr'>illo</span> <span class='ocrx_word' id='word_1_270' title='bbox 237 4321 319 4368; x_wconf 88' lang='lat' dir='ltr'>casu</span> <span class='ocrx_word' id='word_1_271' title='bbox 335 4321 401 4387; x_wconf 93' lang='lat' dir='ltr'>quo</span> <span class='ocrx_word' id='word_1_272' title='bbox 417 4322 487 4368; x_wconf 91' lang='lat' dir='ltr'>non</span> <span class='ocrx_word' id='word_1_273' title='bbox 499 4307 671 4368; x_wconf 86' lang='lat' dir='ltr'>constaret</span> <span class='ocrx_word' id='word_1_274' title='bbox 695 4302 736 4366; x_wconf 89' lang='lat' dir='ltr'>de</span> <span class='ocrx_word' id='word_1_275' title='bbox 751 4303 865 4366; x_wconf 88' lang='lat' dir='ltr'>animo</span> <span class='ocrx_word' id='word_1_276' title='bbox 883 4299 1077 4384; x_wconf 87' lang='lat' dir='ltr'>acquirendi</span> <span class='ocrx_word' id='word_1_277' title='bbox 1093 4299 1342 4383; x_wconf 89' lang='lat' dir='ltr'>quasi-domici·</span> <span class='ocrx_word' id='word_1_278' title='bbox 1394 4354 1399 4366; x_wconf 91' lang='lat'><em>.</em></span> 
     </span>
     <span class='ocr_line' id='line_1_36' title="bbox 167 4406 1341 4494; baseline -0.003 -21"><span class='ocrx_word' id='word_1_279' title='bbox 167 4409 265 4486; x_wconf 87' lang='lat' dir='ltr'>lium;</span> <span class='ocrx_word' id='word_1_280' title='bbox 291 4415 372 4476; x_wconf 91' lang='lat' dir='ltr'>tunc</span> <span class='ocrx_word' id='word_1_281' title='bbox 384 4411 547 4475; x_wconf 86' lang='lat' dir='ltr'>habitatio</span> <span class='ocrx_word' id='word_1_282' title='bbox 563 4410 665 4475; x_wconf 88' lang='lat' dir='ltr'>realis</span> <span class='ocrx_word' id='word_1_283' title='bbox 680 4427 911 4494; x_wconf 87' lang='lat' dir='ltr'>parmensem</span> <span class='ocrx_word' id='word_1_284' title='bbox 925 4410 1109 4472; x_wconf 89' lang='lat' dir='ltr'>haberetur</span> <span class='ocrx_word' id='word_1_285' title='bbox 1128 4411 1166 4470; x_wconf 93' lang='lat' dir='ltr'>ut</span> <span class='ocrx_word' id='word_1_286' title='bbox 1179 4406 1341 4470; x_wconf 92' lang='lat' dir='ltr'>iudicium</span> 
     </span>
     <span class='ocr_line' id='line_1_37' title="bbox 170 4513 1340 4600; baseline -0.005 -18"><span class='ocrx_word' id='word_1_287' title='bbox 170 4520 340 4585; x_wconf 80' lang='lat' dir='ltr'>sufficiens</span> <span class='ocrx_word' id='word_1_288' title='bbox 354 4517 444 4583; x_wconf 85' lang='lat' dir='ltr'>illius</span> <span class='ocrx_word' id='word_1_289' title='bbox 459 4517 562 4582; x_wconf 92' lang='lat' dir='ltr'>animi</span> <span class='ocrx_word' id='word_1_290' title='bbox 582 4536 645 4600; x_wconf 90' lang='lat' dir='ltr'>per</span> <span class='ocrx_word' id='word_1_291' title='bbox 658 4518 787 4600; x_wconf 91' lang='lat' dir='ltr'>aliquot</span> <span class='ocrx_word' id='word_1_292' title='bbox 809 4535 947 4582; x_wconf 89' lang='lat' dir='ltr'>menses</span> <span class='ocrx_word' id='word_1_293' title='bbox 961 4513 1206 4580; x_wconf 89' lang='lat' dir='ltr'>commorandi.</span> <span class='ocrx_word' id='word_1_294' title='bbox 1224 4513 1340 4596; x_wconf 89' lang='lat' dir='ltr'>ltaque</span> 
     </span>
    </p>
   </div>
   <div class='ocr_carea' id='block_1_3' title="bbox 202 4752 646 4817">
    <p class='ocr_par' dir='ltr' id='par_1_7' title="bbox 202 4752 646 4817">
     <span class='ocr_line' id='line_1_38' title="bbox 202 4752 646 4817; baseline 0.007 -16"><span class='ocrx_word' id='word_1_295' title='bbox 202 4753 233 4816; x_wconf 77' lang='lat' dir='ltr'>(l)</span> <span class='ocrx_word' id='word_1_296' title='bbox 249 4753 326 4804; x_wconf 85' lang='lat' dir='ltr'>conl.</span> <span class='ocrx_word' id='word_1_297' title='bbox 340 4752 404 4804; x_wconf 89' lang='lat' dir='ltr'>Ccd.</span> <span class='ocrx_word' id='word_1_298' title='bbox 419 4755 480 4817; x_wconf 73' lang='lat' dir='ltr'>cia,</span> <span class='ocrx_word' id='word_1_299' title='bbox 497 4767 522 4805; x_wconf 88' lang='lat' dir='ltr'>a.</span> <span class='ocrx_word' id='word_1_300' title='bbox 539 4755 646 4806; x_wconf 73' lang='lat' dir='ltr'>tlt-187.</span> 
     </span>
    </p>
   </div>
   <div class='ocr_carea' id='block_1_4' title="bbox 0 0 1748 5564">
    <p class='ocr_par' dir='ltr' id='par_1_8' title="bbox 0 0 1748 5564">
     <span class='ocr_line' id='line_1_39' title="bbox 0 0 1748 5564; baseline 0 1"><span class='ocrx_word' id='word_1_301' title='bbox 0 0 1748 5564; x_wconf 95' lang='lat' dir='ltr'> </span> 
     </span>
    </p>
   </div>
  </div>
 </body>
</html>
