3444 6618
559 515 646 562 arnan
666 515 792 561 rennos
812 514 1032 561 nncmrsnun.
1327 495 1384 560 371

247 633 577 717 neostproccssum
585 631 806 708 ordinarium,
817 631 1007 698 instituitur
1016 647 1196 717 processus
1205 649 1307 716 super
1317 649 1387 694 non

209 743 322 807 cultu:
338 743 366 804 si
380 741 492 806 cultus
509 741 641 806 delatus
653 742 765 816 fucrit,
783 740 986 826 relinquitur
995 760 1108 814 causa,
1126 742 1192 804 nisi
1206 738 1262 806 ille
1275 739 1387 803 cultus

209 851 312 916 fuerit
323 849 591 916 immemorialis.
608 849 666 914 llle
680 868 861 935 processus
874 850 949 913 fleri
963 853 1078 932 potest
1100 849 1172 912 sive
1187 849 1387 914 auctcntate
1506 865 1509 884 ·

210 958 390 1032 ordinaria,
411 959 483 1022 sive
504 959 704 1023 auctoritate
726 943 920 1042 apostolica.
946 958 1076 1041 (Quoad
1091 975 1239 1041 process.
1263 956 1385 1032 ordin,

210 1065 288 1152 vide
302 1065 383 1130 clar.
402 1065 533 1142 Trama,
550 1065 714 1131 Manuale
728 1065 867 1130 tbecret.
881 1065 1035 1149 praetia.)

249 1175 282 1237 3⁰
296 1173 525 1238 Praesentotur
531 1191 713 1257 processus
723 1175 962 1258 episcoporum
973 1191 1054 1237 cum
1066 1173 1188 1237 litteris
1198 1173 1389 1256 principum

210 1285 312 1365 atque
346 1281 491 1346 aliorum
520 1281 578 1364 qui
603 1281 891 1346 beatificationem
916 1280 1109 1366 postulant;
1131 1287 1212 1344 tunc
1236 1281 1391 1364 sequitur

211 1391 397 1453 commissio
409 1390 664 1454 introductionis
679 1409 799 1454 cause.
817 1389 894 1454 llaec
908 1390 1106 1455 commissio
1121 1390 1242 1474 nequit
1254 1389 1390 1454 conclu-

212 1497 304 1573 dere,
326 1499 391 1562 nisi
410 1503 489 1582 post
508 1499 547 1562 10
569 1515 699 1576 annos,
729 1498 854 1563 habitis
871 1499 997 1563 iterum
1023 1499 1122 1564 novis
1152 1497 1390 1582 episcoporum

211 1603 331 1668 litteris
349 1623 453 1689 super
463 1607 556 1670 fama
571 1609 606 1670 et
618 1607 796 1670 sanctitate
817 1605 907 1668 servi
922 1605 993 1681 Dei,
1011 1605 1076 1669 nisi
1092 1605 1182 1689 Papa
1196 1625 1239 1670 ex
1253 1605 1390 1688 speciali

212 1715 322 1795 gratia
338 1718 473 1798 tempus
501 1715 584 1779 illud
601 1715 787 1781 abbreviet.

251 1821 284 1884 4⁰
305 1821 501 1888 Introducta
527 1842 649 1902 causa,
675 1827 876 1908 aperiuntur
894 1831 929 1890 et
950 1825 1192 1890 examinantur
1212 1839 1391 1905 processus

212 1949 328 1996 coram
340 1936 537 2014 promotore
551 1933 643 2010 fldei,
661 1935 831 2018 referente
851 1933 1014 1998 cardinali
1034 1937 1196 2016 ponente,
1215 1936 1254 1994 ut
1267 1931 1392 1995 sciatur

212 2057 256 2104 an
272 2039 361 2102 ullus
378 2040 536 2106 notabilis
552 2041 705 2106 delectus
720 2043 925 2106 commissus
938 2042 1041 2106 fuerit
1055 2043 1091 2104 in
1112 2057 1275 2123 processu
1290 2057 1393 2122 super

212 2149 314 2224 fama,
331 2149 513 2215 virtutibus
528 2157 563 2216 et
576 2152 758 2217 miraculis.

252 2259 284 2321 5⁰
300 2259 392 2323 Tunc
405 2261 609 2344 proponitur
623 2261 765 2325 dubium
780 2281 787 2323 :
803 2285 818 2319 α
836 2263 887 2325 An
901 2265 1036 2326 constet
1048 2261 1089 2324 de
1100 2259 1283 2323 uirtutibus
1299 2259 1392 2322 theo-

212 2365 380 2449 logalibus
401 2371 436 2432 et
449 2367 677 2434 cardinalibus
689 2369 724 2433 in
739 2370 849 2450 gradu
863 2369 1030 2433 heroico?
1052 2392 1068 2426 s
1083 2371 1118 2432 et
1135 2369 1200 2432 hoc
1215 2366 1394 2431 discutitur

212 2475 323 2558 primo
349 2476 384 2538 in
413 2494 529 2558 congr.
555 2479 896 2561 antepraeparotcrin,
912 2495 1028 2542 coram
1044 2475 1206 2541 cardinali
1220 2479 1369 2558 ponente
1385 2496 1392 2550 3

213 2583 335 2649 deinde
362 2586 397 2648 in
417 2588 670 2670 praeparatoria
693 2603 809 2650 corum
831 2587 863 2650 S.
894 2585 1029 2668 Gongr,
1056 2603 1137 2650 cum
1157 2589 1238 2650 voto
1259 2583 1394 2650 consul-

214 2697 347 2770 torum;
373 2700 408 2758 et
426 2696 565 2760 tandem
585 2697 644 2760 ubi
665 2695 779 2760 visum
799 2697 865 2762 suit
883 2699 1040 2762 constare
1062 2696 1103 2760 de
1122 2697 1175 2762 bis
1198 2695 1390 2772 virtutibus,

214 2802 252 2864 tit
265 2806 485 2886 congregatio
497 2823 613 2870 coram
625 2805 845 2872 sanctissimo
861 2805 1065 2889 superdicto
1079 2805 1192 2870 dubio.

253 2909 286 2972 6ο
304 2910 508 2996 Proponitur
526 2913 672 2980 alterum
687 2913 828 2979 dubium
845 2935 852 2977 :
874 2939 889 2973 α
906 2914 957 2978 An
973 2919 1009 2978 ct
1022 2915 1064 2979 de
1080 2915 1203 2998 quibus
1223 2913 1394 2978 miraculis

215 3023 376 3084 constet?
392 3047 407 3080 a
429 3028 464 3086 et
478 3023 517 3086 flt
538 3023 658 3088 relatio
672 3021 933 3098 miraculorum,
957 3041 1033 3106 quae
1048 3041 1068 3087 a
1082 3021 1310 3087 cardinalibus
1324 3039 1394 3085 non

215 3130 455 3212 approbantur,
473 3132 538 3195 nisi
550 3135 755 3196 concurrant
770 3131 846 3195 duae
860 3136 974 3215 partes
985 3129 1232 3205 consultorum,
1249 3149 1395 3215 nequeo

215 3237 314 3320 Papa,
333 3239 397 3302 nisi
411 3246 616 3305 concurrant
629 3241 700 3305 fere
715 3258 836 3305 omnes
848 3238 1047 3305 cardinales.

257 3349 288 3408 7⁰
304 3345 361 3410 His
382 3349 542 3412 omnibus
558 3348 622 3412 rite
636 3349 793 3432 peractis,
811 3348 991 3412 devenitur
1008 3347 1212 3428 regulariter
1227 3346 1270 3410 ad
1290 3347 1395 3412 beati-

216 3455 431 3530 ficationem
457 3456 537 3538 quia
567 3474 637 3520 non
662 3455 750 3520 solet
772 3454 911 3538 procedi
936 3454 979 3518 ad
1000 3455 1305 3529 canonizationem,
1329 3454 1393 3517 nisi

217 3561 385 3627 declarata
403 3563 652 3629 beatificatione
665 3569 700 3628 et
722 3581 841 3627 rursus
855 3562 1075 3626 continuetur
1087 3562 1179 3644 foma
1194 3562 1392 3638 sanctitatis,

217 3677 319 3756 atque
341 3673 408 3737 duc
428 3674 622 3737 novellant
644 3672 824 3745 miracula,
846 3675 884 3734 ut
910 3669 1160 3753 supradictum
1182 3675 1243 3736 est.
1269 3669 1396 3734 Tamen

216 3782 248 3844 S.
263 3781 418 3846 Pontifex
429 3781 752 3864 possetimmediate
760 3779 944 3863 procedere
954 3780 997 3844 ad
1007 3780 1302 3849 canonizationem
1314 3800 1321 3855 ;
1335 3779 1395 3844 sed

216 3887 281 3952 boc
295 3887 397 3952 bodie
417 3906 595 3972 nunquam
608 3888 656 3950 fit.

258 3995 350 4062 Circa
375 3998 662 4063 beatificationem
688 4001 722 4061 et
749 3997 1060 4072 canonizationem,
1092 3995 1170 4060 vide
1196 3993 1396 4078 praeclarum

218 4123 304 4189 opus
318 4106 443 4172 Bened.
460 4105 529 4170 XIV
543 4105 584 4170 a'e
599 4105 783 4171 Servoncm
798 4107 861 4170 Dei
871 4107 1127 4187 beatificatione.

302 4347 318 4420 ἓ
337 4349 370 4404 u.
392 4347 432 4404 lte
450 4347 533 4406 cuttu
548 4345 667 4420 publico
685 4347 884 4422 reliquiarum
903 4352 932 4405 ct
952 4359 1111 4406 sacrorum
1131 4345 1309 4417 inopinam.

260 4534 354 4598 Nom.
372 4532 558 4598 Concilium
583 4531 744 4609 Trident,
762 4550 847 4597 sess.-
868 4533 918 4610 ib,
942 4533 983 4596 de
1004 4533 1235 4610 lanceatione,
1254 4549 1394 4596 venere

221 4643 311 4707 tione
324 4650 355 4706 et
366 4642 516 4726 reliqniis
527 4649 733 4722 sannorum,
748 4641 888 4726 exponit
899 4643 1089 4709 doctrinam
1097 4639 1298 4706 catholicam
1309 4639 1398 4706 circa
