3510 5574
364 531 426 602 E'iE
826 555 878 604 tus
899 553 1082 605 manarate.

365 671 569 754 produceret
591 671 836 756 obligationem
863 693 906 738 ex
932 680 1027 759 parte
1050 673 1218 739 Ecclesia.
1243 672 1405 739 Rationes
1431 681 1544 740 sunt:

365 781 397 842 l·
410 779 615 858 Generatim,
633 781 725 866 quod
740 787 793 846 est
808 782 941 847 licitum
956 789 1016 848 aut
1030 779 1196 858 illicitum,
1212 781 1365 847 validum
1376 789 1437 848 aut
1449 785 1546 848 inva-

362 885 471 950 bdum
485 888 520 950 in
535 889 611 954 loro
627 893 781 968 externo,
798 895 852 954 est
865 891 970 954 etiam
983 889 1115 954 licitum
1133 895 1194 954 aut
1211 888 1378 968 illicitum,
1393 891 1545 956 validum

362 1001 422 1060 aut
446 997 634 1063 invalidum
659 999 694 1062 in
716 999 792 1064 loro
811 1001 958 1064 interno.
983 1001 1017 1064 2⁰
1038 999 1177 1076 Deinde,
1203 999 1239 1062 in
1261 998 1320 1064 tali
1339 999 1544 1066 alienatione

363 1103 460 1168 deest
473 1105 584 1170 iorma
597 1107 829 1172 substantialis
844 1107 1069 1173 alienationis.
1085 1107 1119 1171 3·
1126 1106 1288 1184 Tandem,
1300 1112 1452 1190 potestas
1466 1108 1544 1198 alie-

363 1213 465 1278 nandi
487 1215 623 1278 videtur
643 1207 782 1297 alligata
803 1216 857 1279 bis
880 1215 1155 1280 solemnitatibus
1173 1215 1272 1298 juris.
1299 1214 1397 1296 Ergo,
1418 1213 1543 1280 relictis

361 1317 430 1384 illis'
441 1320 725 1400 solemnitatibus,
741 1341 812 1388 nnn
826 1329 984 1407 superest
994 1329 1147 1408 potestas
1160 1323 1341 1389 alienandi.

401 1427 536 1504 Verum,
562 1430 669 1495 altera
693 1433 961 1516 sententiaque}
985 1432 1085 1497 docet
1111 1433 1215 1496 talem
1238 1432 1492 1508 alienationem,
1515 1432 1544 1496 si

359 1553 463 1600 causa
473 1539 569 1620 iusta
582 1538 728 1604 subnixa
742 1540 797 1616 sit,
814 1539 929 1605 valere
950 1541 986 1604 in
1007 1541 1083 1604 loro
1102 1539 1332 1616 conscientia,
1349 1544 1403 1604 eat
1423 1540 1543 1622 proba-

360 1645 468 1723 bilior,
485 1647 541 1712 vel
555 1647 678 1712 saltem
696 1666 793 1732 aeque
808 1649 1003 1731 probabilis.
1020 1649 1104 1714 Nam
1119 1647 1196 1713 talis
1210 1648 1381 1726 alienatio,
1400 1647 1473 1711 sine
1492 1665 1544 1710 so-

359 1741 593 1820 lemnitatibus
607 1757 706 1832 iacta,
720 1757 799 1839 jure
818 1756 966 1823 naturali
981 1762 1034 1821 est
1049 1755 1172 1833 valida,
1189 1775 1268 1821 cum
1287 1757 1412 1820 babeat
1427 1753 1544 1820 omnia

352 1861 596 1932 ,substantialia
623 1881 699 1948 quae
724 1864 766 1928 de
793 1865 859 1928 boc
880 1865 958 1947 Jure
980 1865 1204 1948 requiruntur
1227 1863 1272 1928 ad
1293 1863 1446 1929 valorem
1464 1879 1543 1926 con-

361 1975 498 2046 tractus,
515 1969 643 2036 scilicet
656 1977 817 2036 mutuum
835 1989 1043 2036 consensum
1063 1972 1350 2048 contrahentium,
1366 1977 1401 2035 et
1412 1971 1542 2053 justam

360 2075 531 2143 alienandi
544 2097 693 2144 causam.
709 2079 811 2163 Atqui
826 2099 896 2146 non
910 2085 1045 2146 constat
1063 2081 1154 2164 quod
1174 2080 1217 2146 de
1235 2082 1313 2164 jure
1333 2079 1480 2162 positivo
1500 2079 1543 2140 sit

360 2187 490 2253 irritata
500 2187 536 2252 in
551 2190 625 2254 ioro
640 2189 774 2254 animae.
791 2189 879 2271 Ergo
891 2195 1049 2256 remanet
1059 2189 1172 2255 valida
1185 2190 1221 2252 in
1235 2189 1300 2253 hoc
1314 2188 1400 2253 loro.
1417 2187 1542 2251 Textus

356 2297 444 2380 juris
464 2299 521 2382 qui
540 2317 602 2382 pro
621 2304 765 2384 utraque
788 2301 959 2364 sententia
978 2301 1179 2374 afferuntur,
1198 2317 1268 2364 non
1283 2303 1336 2362 sat
1351 2296 1440 2362 clare
1457 2295 1543 2360 indi-

358 2411 437 2470 cant
451 2403 642 2471 nullitatem
657 2411 717 2470 aut
731 2405 943 2472 validitatem
960 2427 1022 2490 pro
1034 2409 1109 2472 loro
1124 2408 1272 2482 interno,
1288 2406 1435 2490 ideoque
1450 2403 1543 2467 inde-

359 2513 464 2578 cisam
482 2513 680 2598 relinquunt
694 2515 935 2598 quaestionem.
953 2515 1002 2578 Ex
1016 2515 1126 2599 prima
1143 2515 1314 2578 sententia
1329 2519 1540 2597 sequeretur,

400 2623 426 2703 c)
442 2621 539 2698 Quod
560 2621 721 2687 alienatio
742 2623 832 2688 lacta
853 2624 927 2688 sine
953 2623 1226 2688 solemnitatibus
1246 2621 1422 2697 claudicat,
1439 2622 1486 2685 ita
1505 2626 1543 2682 ut

359 2727 541 2794 Ecclesiam
558 2729 653 2794 nullo
673 2729 777 2795 modo
798 2729 942 2811 obliget,
965 2731 1052 2794 bene
1074 2748 1157 2795 vero
1179 2730 1326 2794 alterum
1340 2729 1542 2794 contrahen-

361 2843 440 2901 tem.
457 2837 552 2903 Unde
572 2841 600 2903 si
620 2843 814 2905 contractus
836 2844 998 2923 appareat
1019 2837 1176 2903 Ecclesiae
1202 2857 1278 2902 esso
1304 2835 1411 2913 utilis,
1428 2841 1542 2920 potest

359 2943 454 3009 illum
477 2965 539 3030 per
562 2945 838 3011 ratihabitionem
865 2945 1097 3022 convalidare,
1111 2946 1197 3010 dum
1223 2947 1310 3011 alter
1336 2945 1541 3010 contrahens

359 3055 477 3138 nequit
503 3053 645 3119 resilire.
671 3053 708 3119 ld
730 3054 862 3118 eruitur
887 3073 931 3119 ex
960 3073 1001 3120 eo
1029 3055 1121 3140 quod
1146 3054 1293 3120 Ecclesia
1315 3054 1543 3137 aequiparatur

358 3163 547 3228 minoribus
562 3169 597 3228 ot
610 3161 756 3247 pupillis,
772 3183 919 3248 quorum
932 3169 1127 3230 contractus
1143 3165 1280 3230 onerosi
1293 3144 1485 3229 claudicant
1498 3181 1541 3226 ex

354 3272 432 3352 jure
456 3271 547 3356 ciuili
571 3277 605 3336 et
627 3273 802 3338 canonico.
825 3269 1020 3336 Generatim
1036 3271 1194 3348 Ecclesia,
1215 3291 1277 3356 por
1298 3271 1540 3338 alienationem

357 3377 541 3444 invalidam
556 3378 648 3456 laesa,
664 3379 767 3446 habet
782 3379 992 3444 ordinarium
1010 3379 1202 3444 remedium
1216 3379 1380 3444 nullitatis
1396 3385 1430 3443 et
1444 3397 1540 3443 revo-

356 3485 509 3564 cationis,
527 3491 566 3550 ut
578 3490 713 3552 constat
727 3505 770 3552 ex
783 3505 856 3570 cap.
874 3488 975 3551 unico
990 3489 1169 3570 praesentis
1187 3489 1236 3551 tit.
1254 3488 1290 3552 in
1305 3489 1348 3552 6⁰.

398 3591 432 3676 d)
445 3593 482 3658 ln
495 3593 598 3659 dubio
614 3613 658 3658 au
670 3593 783 3659 valida
796 3595 840 3658 sit
854 3593 1025 3672 alienatio,
1036 3596 1064 3658 si
1078 3594 1193 3660 nullus
1206 3595 1343 3679 objiciat
1356 3595 1537 3670 deiectum,

358 3702 576 3788 praesumitur
590 3701 703 3766 valida
715 3707 750 3766 ct
763 3701 827 3766 rite
841 3701 1021 3778 celebrata,
1037 3705 1138 3786 juxta
1159 3703 1301 3767 effatum
1318 3724 1326 3766 :
1344 3729 1359 3762 «
1374 3703 1541 3767 Standum

359 3815 480 3895 estpro
491 3808 607 3874 valore
618 3815 724 3874 actus.
737 3835 752 3868 a
764 3809 798 3874 Si
807 3829 886 3894 pars
897 3809 1011 3896 aliqua
1025 3816 1139 3876 actum
1153 3811 1335 3894 impugnet
1349 3831 1392 3876 ex
1406 3811 1539 3876 deiectu

359 3919 624 3994 solemnitatum,
637 3919 739 3983 debet
754 3937 852 3984 suam
867 3921 1011 4003 probaro
1024 3920 1276 4004 oppositionem
1292 3939 1354 4005 per
1367 3925 1473 3986 testes
1485 3919 1540 3984 vel

358 4029 626 4093 instrumentum
639 4027 823 4111 publicum.
1035 4015 1037 4020 ’

728 4219 759 4270 11.
776 4219 816 4271 be
830 4218 1004 4274 manatione
1019 4217 1074 4274 rita
1088 4219 1170 4274 laam.

401 4351 613 4420 balianum
629 4354 739 4419 valide
760 4357 849 4420 lacta
870 4356 1031 4419 transfert
1052 4356 1243 4420 dominium
1257 4355 1313 4421 vel
1325 4357 1383 4439 J'us
1397 4353 1488 4421 aliud
1504 4353 1538 4419 in

361 4481 440 4526 sirm
456 4463 491 4526 in
509 4481 612 4547 quem
626 4465 715 4529 lacta
729 4468 791 4538 est,
811 4463 913 4528 modo
929 4463 1064 4528 traditio
1080 4465 1263 4529 subsecuta
1275 4465 1388 4528 fuerit.

400 4573 432 4636 E·
445 4571 592 4636 Ecclesia
606 4591 667 4655 per
680 4571 922 4638 alienationem
938 4572 1085 4638 validam
1100 4572 1192 4650 laesa,
1209 4579 1333 4657 praeter
1346 4573 1537 4637 remedium

361 4681 569 4746 ordinarium
593 4687 712 4746 contra
735 4681 913 4765 praelatum
937 4681 1025 4746 ruste
1048 4683 1270 4757 alienantem,
1295 4690 1331 4746 ot
1355 4683 1382 4746 is
1406 4685 1447 4747 de
1475 4701 1537 4745 suo
