3504 5566
367 537 425 598 titt
824 551 874 598 tus
895 547 1075 596 cnuonmutt.

365 671 477 726 siarum
492 667 531 725 ob
545 682 647 725 aarum
660 674 809 726 rectorum
824 667 1042 736 illiteratorum,
1055 666 1102 725 vel
1117 665 1362 738 suspensionem,
1380 671 1433 724 aut
1453 665 1541 724 etiarn

365 755 572 832 privationem,
588 757 708 832 quando
725 758 851 830 turpiter
874 764 904 815 ot
924 757 1101 816 scandaloso
1115 756 1231 826 vivunt,
1248 756 1275 815 si
1295 756 1400 814 moniti
1417 757 1542 814 incorri-

366 849 474 924 gibiles
489 854 690 921 perseverant.

400 943 446 998 lil.
462 943 485 998 A
499 939 696 998 translatione
717 937 932 997 beneficiorum
947 937 1142 1010 simplicium,
1160 937 1250 996 etiam
1262 936 1341 1010 juris
1354 941 1542 1010 patronatus,

364 1048 401 1090 en
415 1031 552 1090 eeclesiis
567 1029 718 1102 collapsis,
734 1043 801 1101 quae
815 1027 854 1086 ob
868 1028 1002 1100 inopiam
1015 1028 1145 1100 reparari
1164 1033 1328 1100 nequeunt,
1343 1027 1374 1084 in
1389 1027 1541 1096 matrices

364 1129 416 1180 aut
436 1121 510 1180 alias
532 1119 674 1178 ecclesias
698 1134 766 1177 cum
797 1118 938 1177 omnibus
964 1117 1175 1176 emolumentis
1195 1123 1225 1176 ot
1246 1117 1401 1187 oneribus,
1427 1117 1541 1175 vocatis

363 1213 401 1271 iis
416 1224 545 1285 quorum
558 1209 700 1278 interest;
730 1214 759 1266 et
780 1209 940 1268 adecretis
956 1208 1136 1282 cogentibus
1158 1215 1313 1282 patronos,
1328 1214 1470 1277 rectores,
1492 1205 1542 1264 be-

363 1301 529 1368 neficiatos,
544 1303 597 1356 aut
615 1297 813 1371 parochianos
837 1297 874 1356 ad
899 1297 1150 1355 restaurationem
1176 1295 1371 1354 ecelesiarum
1386 1293 1540 1367 parocbia-

363 1393 448 1463 lium,
465 1396 583 1449 servata
597 1391 692 1447 torma
705 1387 835 1446 Trident.
854 1389 943 1460 (sess.
960 1391 1005 1457 et,
1020 1402 1047 1444 o.
1064 1388 1103 1456 7).

399 1485 431 1541 ll.
458 1485 481 1540 A
509 1480 664 1549 censuris,
699 1478 939 1550 sequestratione
968 1483 999 1535 et
1024 1477 1229 1536 subtractione
1257 1478 1410 1536 fructuum
1437 1481 1541 1535 eontra

363 1585 464 1632 curam
479 1571 648 1629 animarum
662 1567 806 1626 babentes
822 1581 882 1626 non
898 1567 1077 1626 residentes

397 1663 443 1718 111.
459 1662 482 1716 A
497 1657 705 1732 denegatione,
720 1656 920 1726 revocatione,
944 1657 1155 1730 suspensione,
1173 1657 1220 1714 vel
1239 1657 1426 1716 restrictione
1447 1655 1540 1714 sacul-

362 1748 583 1810 tatisaudiendi
595 1746 785 1807 saecularium
796 1745 1120 1806 contessioneseontra
1130 1747 1300 1806 sacerdotes
1310 1763 1370 1806 non
1381 1745 1540 1820 parochos,

364 1839 453 1897 etiam
468 1838 633 1913 regulares.

399 1925 458 1986 llll.
474 1931 496 1986 A
511 1927 658 1986 divisione
674 1941 728 1985 seu
743 1925 935 1986 distinctione
949 1925 1168 1999 parochiarum,
1180 1941 1343 2000 earumque
1353 1927 1542 1986 institutione

366 2019 396 2076 in
419 2017 549 2086 titulum,
563 2015 650 2088 juxta
672 2015 803 2074 Trident.
824 2017 912 2089 (sess.
935 2019 980 2086 24,
997 2015 1032 2073 dc
1050 2016 1192 2088 itesam,
1209 2033 1235 2074 0.
1253 2021 1295 2088 13)
1310 2015 1362 2074 ubi
1382 2015 1542 2090 parochia,

364 2109 521 2166 velcantes
536 2121 596 2163 non
617 2105 728 2163 babent
742 2107 903 2178 finesque
917 2105 953 2163 de
977 2119 1070 2162 causa
1088 2119 1190 2162 earum
1215 2111 1347 2164 rectores
1371 2105 1542 2179 promiscue

334 2199 337 2206 '
366 2195 535 2270 petentibus
550 2200 744 2253 sacramenta
757 2193 981 2260 administrant,
997 2193 1043 2250 vel
1058 2193 1148 2250 nullae
1164 2201 1246 2251 sunt.

402 2288 473 2342 lllll.
496 2286 519 2342 A
540 2284 733 2357 deputatione
743 2283 889 2341 oeconomi
902 2288 1035 2354 tempore
1051 2282 1231 2353 parochialis
1242 2283 1376 2341 ecciesiae
1394 2282 1541 2350 vacantis

367 2375 446 2433 sicut
471 2381 501 2431 et
521 2373 558 2430 ab
579 2372 743 2430 indictione
770 2385 949 2440 concursus
971 2371 1114 2428 relatione
1137 2371 1387 2440 examinatorum,
1408 2371 1543 2444 praeelec-

367 2465 448 2522 tione
463 2467 492 2520 et
505 2461 678 2534 provisione
693 2459 825 2533 episcopi
841 2459 872 2516 in
889 2460 992 2517 eodem
1008 2473 1170 2518 concursu.

402 2556 472 2612 xlv.
489 2555 511 2609 A
524 2551 652 2609 decretis
666 2557 770 2608 contra
783 2549 927 2608 habentes
940 2550 1077 2621 publicas
1092 2549 1248 2622 lectiones
1269 2566 1384 2608 necnon
1400 2551 1542 2622 preadica-

368 2644 478 2698 tionem
494 2639 575 2697 verbi
600 2639 652 2696 bei
668 2639 734 2697 sine
749 2639 870 2696 licentia
883 2639 1028 2711 episcopi,
1043 2640 1132 2696 etiam
1152 2655 1170 2696 a
1185 2638 1376 2713 regularibus
1390 2637 1421 2694 in
1437 2637 1545 2695 alienis

368 2730 504 2789 ecelesiis
515 2751 523 2803 ς
536 2735 566 2787 01
579 2731 609 2788 in
624 2731 700 2801 suis,
721 2745 781 2790 non
792 2729 885 2802 petita
895 2729 960 2802 ejus
970 2727 1188 2802 benedictione,
1199 2730 1284 2802 juxta
1300 2736 1397 2787 const.
1417 2729 1507 2787 clem.
1522 2731 1544 2785 ll

367 2823 514 2892 Sopatma.
856 2865 857 2868 .

403 2909 628 2970 AV.Adecretis
639 2911 718 2968 cirea
732 2909 903 2968 clausuram
919 2909 1107 2978 monialium,
1121 2925 1155 2967 ac
1167 2909 1354 2981 punitionem
1369 2909 1545 2984 delinquan-

370 3002 444 3059 tium
460 3000 491 3058 in
510 3015 587 3070 eam,
605 3007 636 3058 et
650 3015 795 3072 personas
810 3001 889 3059 iutra
905 3015 971 3057 eam
986 3000 1142 3074 degentes.
1158 3001 1231 3058 ltem
1253 3000 1332 3059 circa
1352 3015 1476 3060 examen
1491 3015 1546 3073 pro

368 3090 591 3164 approbatione,
607 3089 653 3146 vel
668 3090 876 3162 reprobatione
891 3089 1145 3148 confessariorum
1160 3091 1343 3161 earumdem,
1354 3095 1413 3148 tam
1430 3090 1547 3148 ordina-

370 3179 485 3239 riorum
501 3193 591 3252 quam
603 3179 917 3247 extraordinariorum,
928 3185 957 3236 et
970 3184 1028 3236 tam
1044 3179 1237 3237 secularium
1253 3193 1343 3252 quarn
1360 3181 1546 3256 regularium

369 3267 594 3342 quomodolibet
620 3273 841 3340 exemptarum
872 3268 959 3326 etiam
989 3283 1042 3339 pro
1066 3267 1249 3326 monialibus
1271 3269 1418 3342 subjectis
1438 3269 1546 3328 iisdem

371 3358 583 3434 regularibus:
606 3357 696 3416 sicuti
720 3365 750 3415 et
773 3362 878 3415 contra
900 3357 1071 3415 earumdem
1103 3358 1269 3428 ministros,
1297 3345 1358 3416 tam
1386 3373 1441 3431 pro
1469 3359 1547 3417 mala

370 3449 641 3518 administratione,
657 3462 746 3520 quam
762 3461 816 3519 pro
829 3447 980 3506 reddenda
995 3447 1127 3520 singulis
1142 3449 1231 3506 annis
1247 3448 1395 3506 bonorum
1411 3449 1545 3506 ratione:

370 3553 405 3596 uc
426 3537 545 3596 demum
569 3537 649 3594 circa
662 3550 922 3608 quorumcumque
942 3536 1078 3607 ipsorum
1093 3537 1268 3594 olllcialium
1281 3537 1472 3606 amotionem,
1489 3527 1548 3594 ser-

369 3634 437 3686 vata
451 3629 557 3698 torma,
573 3625 671 3701 quoad
687 3625 841 3700 regulares
853 3630 883 3683 et
901 3631 1067 3698 exemptos,
1081 3625 1204 3684 constit.
1222 3628 1346 3701 drogon.
1361 3627 1408 3685 liv
1424 3627 1546 3686 luseu-

372 3717 468 3776 tabidi.

406 3809 477 3866 livi.
497 3810 520 3865 A
547 3805 691 3880 postorali
711 3803 882 3863 visitatione
898 3805 1048 3874 dioecesis
1065 3811 1094 3863 et
1107 3807 1273 3878 praesertim
1294 3804 1545 3869 monasteriorum

372 3896 664 3964 commendatorum,
689 3893 898 3963 abbatiarum,
928 3893 1124 3966 prioratuum,
1152 3901 1182 3952 et
1210 3895 1486 3968 prepositurarum,
1516 3893 1547 3951 in

372 3985 484 4060 quibus
500 3999 560 4041 non
575 3984 656 4057 viget
677 3983 825 4056 regularis
841 3981 1045 4050 observantia;
1061 3997 1095 4039 ac
1111 3981 1322 4042 beneficiorum
1347 3989 1408 4042 tam
1432 3990 1549 4044 curato·

373 4091 440 4135 rum
459 4089 550 4148 quam
568 4087 640 4142 non,
662 4073 852 4131 secularium
867 4077 896 4130 et
913 4071 1109 4146 regularium,
1130 4071 1376 4146 qualitercunque
1396 4087 1550 4132 commen-

374 4167 519 4234 datorum,
545 4163 634 4222 etiam
658 4167 881 4234 exemptorum;
897 4167 927 4218 et
952 4159 989 4218 ab
1008 4160 1202 4219 exsecutione
1216 4161 1403 4220 decretorum
1434 4163 1464 4220 in
1483 4163 1550 4236 ipsa

373 4255 545 4313 visitatione
566 4253 725 4322 laetorum,
742 4250 831 4310 sicuti
856 4255 884 4322 et
907 4249 944 4306 ab
968 4249 1030 4306 illis
1058 4249 1145 4307 tractis
1176 4255 1258 4306 extra
1279 4249 1482 4308 visitationem
1495 4265 1550 4324 pro

374 4345 600 4403 conservatione
628 4348 658 4399 et
685 4341 872 4414 reparatione
903 4339 1071 4410 discipline
1101 4337 1313 4397 ecclesiasticae
1343 4337 1422 4396 circa
1448 4339 1549 4410 vitam,

376 4447 485 4502 rnores,
514 4431 762 4502 honestatemque
783 4441 1042 4502 quorumcumque
1064 4427 1251 4496 clericorum,
1275 4441 1310 4485 ac
1333 4427 1450 4498 luxum,
1469 4443 1550 4486 com-

377 4521 587 4591 messationes
602 4519 738 4588 choreas,
754 4519 851 4588 lusus,
859 4517 996 4587 crimina,
1011 4522 1041 4572 et
1052 4515 1209 4574 saecularia
1218 4518 1339 4591 negotia
1351 4518 1497 4590 evitanda,
1513 4519 1550 4576 ad

377 4614 502 4668 sormam
522 4615 620 4667 tamen
639 4606 825 4666 decretorum
845 4609 991 4680 congreg.
1003 4605 1102 4678 Episc.
1118 4605 1188 4663 edit.
1204 4610 1346 4678 001600,
1359 4606 1396 4664 de
1411 4607 1550 4666 mandato

377 4701 467 4760 clem.
484 4703 554 4758 Vlll.
