3504 5566
380 561 438 630 uc
790 633 793 640 ,
837 589 888 636 rua
908 589 1087 638 cmonrccx.

381 719 461 766 nam
474 701 696 789 prescribens
711 704 876 772 beneflcio
891 709 1153 796 praescriptionis
1174 711 1354 798 acquisivit
1364 713 1478 798 ipsum
1493 713 1552 779 do-

378 809 523 876 minium
537 811 586 876 rei
600 813 814 898 praescriptae.

594 1043 609 1117 5
628 1047 662 1104 ll.
683 1045 724 1104 lie
741 1046 874 1120 subjecto
891 1053 921 1109 et
937 1053 1068 1112 mutatu
1083 1055 1333 1130 prasmptwoo.

802 1232 822 1282 1.
841 1229 939 1292 Quoad
955 1230 1125 1297 subjectum.

418 1360 450 1441 o)
465 1359 501 1424 ln
515 1379 642 1442 genere
656 1363 874 1446 prescribere
889 1371 1034 1450 possunt
1049 1365 1097 1431 illi
1111 1385 1231 1434 omnes
1244 1367 1302 1452 qui
1315 1374 1460 1452 possunt
1477 1387 1550 1434 rem

377 1467 523 1532 alienam
537 1470 673 1554 proprio
688 1471 827 1538 nominc
840 1473 1015 1558 possidere
1030 1481 1065 1542 et
1085 1477 1275 1542 dominium
1291 1477 1475 1562 anquirere.
1497 1478 1551 1542 Sic

376 1577 593 1660 praescribere
601 1579 844 1662 potestinians,
855 1584 916 1649 sed
925 1589 1038 1650 tutore
1046 1585 1352 1671 auctore,pupillus
1362 1583 1547 1662 velminor,

377 1683 480 1748 etiarn
494 1685 567 1749 sine
583 1689 694 1752 tutore
710 1695 769 1754 aut
782 1697 949 1767 curatore,
966 1691 1069 1758 modo
1086 1693 1240 1758 animum
1259 1693 1480 1776 usucapiendi
1492 1694 1551 1758 ha-

376 1792 465 1868 beat,
481 1795 630 1859 furiosus
644 1797 700 1861 vel
720 1817 855 1876 amens,
876 1801 903 1863 si
926 1804 1004 1865 ante
1028 1802 1179 1866 furorem
1196 1801 1253 1866 vel
1269 1802 1454 1868 amentiam
1474 1819 1550 1885 pos-

377 1901 487 1966 sidere
508 1903 740 1988 inooepemnt;
762 1927 843 1973 nam
861 1909 904 1974 ad
920 1909 1178 1994 acquisitionem
1203 1910 1341 1975 dominii
1365 1911 1549 1995 requiritur

377 2009 511 2075 animus
533 2013 740 2096 acquirendi,
761 2033 800 2081 ac
821 2017 963 2100 proinde
981 2035 1064 2082 usus
1087 2017 1239 2096 rationis,
1255 2015 1376 2083 saltem
1397 2018 1479 2083 dum
1500 2019 1550 2084 in-

376 2118 498 2184 choata
511 2119 575 2184 fuit
585 2123 768 2204 possessio.

415 2226 446 2308 b)
454 2227 663 2312 Praescriptio
671 2231 822 2314 procedit
828 2237 947 2298 contre
957 2251 1088 2310 omnes,
1101 2233 1166 2297 nisi
1181 2233 1371 2318 specialiter
1383 2234 1550 2318 excipian-

378 2339 441 2398 tur.
463 2333 683 2420 Excipiuntur
703 2343 818 2404 autem
835 2357 956 2405 omnes
979 2340 1044 2407 illae
1062 2359 1217 2425 persona
1233 2359 1308 2425 quae
1323 2360 1393 2406 non
1406 2349 1551 2425 possunt

377 2446 466 2507 stare
487 2444 523 2507 in
542 2445 682 2527 judicio,
705 2445 761 2512 vel
775 2448 865 2513 bona
880 2465 942 2513 sua
953 2449 1190 2514 administrare
1211 2454 1272 2515 aut
1284 2450 1371 2514 tueri
1388 2471 1396 2512 ε
1413 2453 1551 2515 nonest

376 2567 513 2634 aequum
529 2553 618 2618 bona
637 2571 755 2618 eorum
773 2555 945 2638 prescribi
964 2557 1022 2640 qui
1040 2555 1097 2621 illa
1111 2556 1294 2623 defendere
1310 2576 1379 2626 non
1392 2561 1547 2642 possunt.

735 2753 766 2803 11.
784 2752 824 2804 De
838 2749 959 2804 materia
971 2749 1186 2816 prascriptibili.

416 2885 447 2965 o)
461 2883 570 2948 lnstar
588 2885 715 2966 regulae
734 2889 787 2950 est
805 2883 976 2970 praescribi
997 2904 1099 2970 posse
1121 2905 1241 2952 omnes
1261 2905 1316 2952 res
1338 2889 1547 2972 corporales,

376 2993 448 3058 sive
465 2992 607 3056 mobiles
619 2993 685 3058 illae
703 2995 780 3068 sint,
794 2993 865 3058 sive
882 2994 1085 3071 immobiles,
1099 2995 1163 3059 nisi
1179 2995 1369 3077 specialiter
1382 2997 1549 3080 excipian-

376 3105 440 3163 tur.
457 3099 523 3164 Res
537 3101 777 3184 incorporales,
795 3105 833 3165 ut
840 3104 929 3185 jura,
948 3103 1129 3166 servitutes
1145 3105 1180 3167 et
1193 3103 1355 3181 actiones,
1372 3105 1459 3170 sicut
1472 3123 1548 3188 pro-

377 3207 447 3290 prie
460 3207 625 3292 possideri
640 3227 709 3272 non
723 3213 878 3292 possunt,
890 3211 938 3275 ita
952 3229 1014 3274 nec
1027 3211 1209 3293 praescribi,
1222 3210 1282 3276 sed
1292 3215 1426 3278 tantum
1439 3215 1545 3297 quasi,

376 3315 463 3379 sicut
477 3319 609 3379 tantum
624 3315 723 3386 datur
738 3335 856 3381 aarum
871 3318 1165 3402 quasi-possessio.

415 3421 463 3486 Ex
485 3423 588 3487 rebus
610 3421 676 3486 illis
698 3422 771 3488 aliae
790 3443 833 3488 ex
850 3429 974 3490 natura
987 3441 1059 3502 sua,
1076 3425 1150 3490 aliae
1166 3445 1209 3490 ex
1219 3427 1307 3510 juris
1321 3428 1546 3511 prohibitione

374 3531 546 3614 prescribi
559 3536 744 3616 nequeunt.
760 3531 854 3597 Unde

416 3639 444 3720 b)
468 3639 534 3704 Res
558 3647 685 3704 acturo
707 3657 770 3704 suo
792 3640 964 3724 praescribi
988 3658 1058 3706 non
1083 3647 1323 3727 possuntque
1348 3648 1429 3708 sunt
1453 3649 1549 3709 extra

376 3746 620 3814 commercium
640 3748 851 3814 humanum:
868 3751 900 3814 1⁰
917 3750 981 3816 Res
1003 3767 1118 3826 sacre,
1135 3753 1173 3814 ut
1190 3749 1319 3828 altaria,
1334 3751 1467 3829 calices,
1482 3756 1545 3817 etc.

377 3857 432 3939 (ex
458 3858 536 3939 jure
561 3855 658 3922 Rom.
682 3861 717 3921 et
739 3857 846 3939 can.);
861 3875 942 3922 nam
964 3875 1019 3923 res
1034 3857 1100 3922 illae
1114 3857 1281 3941 possideri
1306 3865 1493 3944 nequeunt,
1509 3877 1549 3925 ac

375 3963 517 4048 proinde
532 3981 596 4030 nec
608 3965 790 4048 praescribi.
806 3967 839 4030 2⁰
858 3965 921 4032 Res
940 3965 1115 4051 relipiose‘,
1142 3965 1259 4050 quales
1278 3972 1359 4031 sunt
1377 3967 1546 4053 sepulcra;

378 4075 491 4138 tamen
502 4072 615 4148 hodie,
628 4075 707 4156 quia
717 4074 913 4139 coemeteria
925 4077 1177 4149 consecrantur,
1184 4077 1257 4158 jam
1266 4077 1329 4140 sub
1344 4075 1483 4141 nomine
1497 4076 1547 4142 rei

377 4195 479 4245 sacrae
494 4181 721 4246 continentur.
733 4181 765 4246 3ο
774 4182 837 4248 lies
850 4189 986 4262 sancta,
1003 4199 1078 4265 quae
1094 4179 1230 4266 speciali
1244 4183 1418 4250 sanctione
1434 4183 1547 4248 defen-

376 4286 503 4352 duntur
515 4307 536 4353 a
549 4285 733 4354 violatione
744 4287 933 4366 hominum,
948 4293 988 4354 ut
1000 4288 1089 4353 muri
1104 4292 1139 4353 et
1152 4294 1258 4372 porta
1270 4289 1425 4356 civitatis.
1437 4291 1470 4354 4·
1483 4291 1546 4356 lies

372 4395 513 4480 perblicis
536 4396 648 4461 usibus
676 4397 858 4482 deputata,
886 4401 925 4462 ut
948 4397 1078 4473 forum,
1100 4395 1233 4480 plateae,
1256 4399 1379 4475 fontes,
1405 4398 1543 4477 scholae,

377 4504 509 4569 etiamsi
523 4505 564 4570 iis
582 4506 729 4590 populus
747 4506 798 4570 uti
817 4503 964 4571 desierit.
980 4506 1013 4570 δ’
1027 4504 1136 4570 Homo
1159 4503 1249 4582 liber,
1273 4511 1311 4570 ut
1332 4507 1392 4572 flet
1411 4525 1541 4574 servus.

376 4613 408 4676 6ο
420 4613 611 4678 lurisdictio
620 4613 758 4698 papalis
770 4613 807 4678 in
821 4617 929 4679 totam
940 4611 1122 4679 Ecclesiam
1134 4629 1155 4678 a
1166 4611 1297 4680 Christo
1311 4613 1389 4680 dcta
1404 4614 1544 4682 Summo

378 4719 540 4798 Pontifici,
556 4723 606 4787 uti
627 4737 691 4787 nec
711 4721 777 4787 alia
798 4739 873 4805 quae
889 4725 970 4786 sunt
980 4719 1068 4804 juris
1082 4718 1188 4784 divini
1201 4721 1373 4804 prescribi
1391 4729 1543 4808 possunt.
