3504 5572
375 567 435 630 374
836 586 885 628 rus
907 585 1086 630 canonicus.

376 720 467 766 nunc
495 701 675 782 accipitur,
703 699 895 766 codicillum
924 700 1182 784 complectitnr;
1214 707 1421 786 quapropter
1448 702 1549 766 bodie

375 810 517 888 codicilli
551 811 689 876 nomine
719 811 860 876 veniunt
883 811 1066 895 aliquando
1095 811 1222 876 ultima
1253 813 1461 877 mutationes
1488 831 1549 876 seu

376 917 645 985 modificationes
657 920 757 984 alicui
773 923 990 996 testamento,
1008 924 1110 985 autea
1124 920 1327 1003 conscripto,
1343 921 1451 984 factae.

417 1027 600 1110 Subjicitur
629 1045 712 1108 ergo
746 1026 876 1092 eisdem
908 1025 1182 1092 solemnitatibus
1215 1045 1255 1092 ac
1281 1026 1415 1108 legibus
1449 1045 1552 1110 quam

376 1135 489 1217 ipsum
505 1139 761 1201 testamentum.

846 1303 1013 1365 suario
1044 1303 1080 1364 V.

474 1459 661 1524 accoluere,
680 1460 850 1514 exsecutio
868 1461 904 1512 et
918 1461 1137 1512 commutatio
1153 1462 1448 1515 testamentorum.

867 1645 884 1694 1.
903 1641 1055 1696 Resolutio.

358 1855 363 1864 ,
415 1785 447 1867 α)
462 1785 718 1850 Testamentum
732 1787 785 1846 est
800 1779 1027 1846 essentialiter
1039 1781 1240 1858 revocabile,
1256 1783 1389 1848 etiamsi
1397 1787 1551 1867 juratum

373 1895 431 1970 sit;
448 1897 563 1960 tamen
575 1895 811 1976 juramentum
826 1889 1004 1954 induceret
1018 1889 1262 1972 obligationem
1276 1893 1492 1956 conscientiae
1510 1894 1553 1958 ad

373 2022 443 2068 non
468 2000 711 2076 revocandum,
733 1999 813 2064 licet
837 1998 1010 2064 revocatio
1036 2001 1080 2062 sit
1103 1997 1240 2064 valida:
1261 2001 1554 2067 itaeommuniter

374 2113 432 2176 Tl.
451 2117 485 2176 et
513 2111 570 2176 CC.
587 2111 685 2175 Ratio
712 2109 813 2193 primi
839 2112 900 2184 est,
926 2109 1006 2192 quia
1022 2111 1260 2192 juramentum
1284 2111 1413 2176 servari
1440 2110 1551 2187 debet,

375 2220 657 2302 quotiescumque
673 2218 746 2282 sine
765 2220 904 2299 peccato
919 2217 1049 2280 servari
1070 2220 1200 2299 potest3
1218 2219 1304 2282 ratio
1327 2217 1468 2282 alterius
1490 2224 1552 2295 est,

378 2329 457 2411 quia
466 2329 703 2410 jurameutum
717 2343 788 2390 non
805 2323 952 2388 mutavit
966 2327 1124 2398 naturam
1138 2325 1344 2389 testamenti.

417 2437 446 2516 d)
461 2433 644 2499 Revocatio
663 2436 869 2516 potestesse
884 2447 1046 2513 expressa
1066 2431 1122 2496 vel
1145 2435 1256 2497 tacita.
1275 2435 1306 2497 l⁰
1320 2435 1502 2518 Expressa,
1518 2438 1556 2499 nt

376 2563 439 2626 per
458 2545 705 2608 tastamentum
718 2539 889 2624 posterius
905 2537 960 2603 vel
978 2557 1040 2622 per
1068 2545 1181 2604 actum
1209 2559 1324 2606 coram
1339 2543 1472 2608 notario
1488 2563 1555 2628 quo

376 2651 565 2716 declaratur
587 2649 732 2713 mutatio
756 2646 943 2712 voluntatis
957 2647 1032 2728 (art.
1050 2647 1327 2730 cccccccccc.
1344 2649 1395 2714 bn
1410 2651 1556 2716 suldciat

378 2761 503 2843 scripta
525 2755 707 2822 declaratio
731 2755 885 2820 indicans
909 2755 1179 2832 revocationem,
1201 2757 1377 2840 disputant
1402 2757 1555 2823 civilistae

377 2869 412 2932 iu
428 2885 532 2932 unam
547 2870 607 2930 aut
621 2865 764 2930 alteram
778 2869 922 2947 partem,
947 2868 1051 2946 prout
1074 2865 1147 2929 baec
1164 2863 1344 2931 declaratio
1360 2866 1409 2931 eis
1423 2867 1558 2931 videtur

380 2975 613 3062 aequipollens,
630 2973 686 3038 vel
699 2991 780 3051 non,
792 2977 998 3037 testamento
1014 2972 1212 3057 olographa.

420 3084 486 3151 Sed
502 3089 540 3148 ut
555 3086 799 3147 testamentum
821 3080 992 3165 posterius
1012 3081 1055 3144 sit
1075 3084 1326 3148 revocatorium
1349 3085 1481 3166 prioris,
1499 3105 1558 3150 ne-

380 3213 475 3260 cesse
490 3198 542 3258 est
556 3192 650 3255 utsii
664 3190 826 3256 validum.

350 3327 357 3338 ¹
419 3305 451 3368 θ’
469 3303 586 3368 Tacita
598 3303 780 3376 revocatio,
797 3299 855 3365 illa
865 3305 917 3364 est
928 3317 1003 3383 quae
1014 3299 1193 3366 deducitur
1207 3319 1250 3363 err
1263 3301 1353 3366 lacto
1367 3301 1422 3366 vel
1436 3322 1478 3366 ex
1492 3303 1558 3367 dis-

380 3412 605 3498 positionibus
632 3409 877 3494 posterioribus
907 3408 1080 3475 testatoris
1105 3427 1112 3470 :
1136 3408 1227 3472 unde
1257 3409 1285 3472 si
1315 3414 1558 3476 testamentum

380 3522 559 3608 posterius,
574 3539 644 3585 uon
663 3535 823 3602 expresse
843 3516 1104 3591 revocatorium,
1121 3517 1296 3581 conducat
1316 3517 1557 3602 dispositiones

379 3623 1555 3714 contrarias,primumrevocaturquoadillasdiepositiones(art.ltl36);

384 3741 467 3803 item
483 3740 511 3802 si
526 3756 581 3802 rcs
595 3735 710 3817 legata
723 3733 787 3798 luit
799 3731 955 3798 alienata.

422 3849 448 3928 c)
468 3847 613 3912 Caduca
636 3846 709 3909 llari
729 3848 873 3927 possunt
896 3841 1136 3925 dispositiones
1162 3845 1443 3916 testamentariae;
1467 3845 1558 3929 quod

381 3958 526 4022 liabetur
540 3953 676 4038 quando
696 3952 762 4018 illae
783 3952 1035 4035 dispositiones,
1053 3953 1094 4017 ab
1107 3949 1204 4016 initio
1217 3951 1349 4028 vande,
1372 3953 1562 4019 exsecutio-

384 4084 464 4129 nem
479 4063 592 4128 sortiri
603 4067 789 4145 nequeunt,
805 4061 848 4125 ob
871 4059 1001 4143 aliquas
1023 4060 1295 4124 circumstantias
1319 4081 1326 4123 :
1349 4079 1472 4146 nempe
1488 4063 1519 4126 l⁰
1533 4063 1561 4124 si

382 4171 566 4255 legatarius
589 4171 756 4235 moriatur
779 4169 835 4234 vel
858 4173 937 4233 ante
962 4171 1162 4233 testatorem
1192 4169 1265 4250 (art.
1281 4169 1382 4250 1039),
1403 4169 1458 4234 vel
1483 4174 1561 4236 aute

384 4285 548 4346 eventum
557 4277 761 4342 conditionis
772 4277 835 4341 sub
849 4295 916 4360 qua
925 4273 1078 4358 legatum
1088 4274 1244 4340 relictum
1253 4277 1365 4341 luerat
1375 4278 1448 4359 (art.
1459 4277 1560 4358 toltit

386 4388 471 4454 ratio
486 4387 663 4470 utriusque
688 4389 741 4451 est
763 4385 919 4461 evidens;
935 4385 968 4447 ἓ·
989 4384 1017 4447 si
1031 4401 1087 4447 res
1108 4382 1222 4465 legata
1242 4383 1392 4450 totaliter
1410 4386 1560 4468 perierit,

387 4495 523 4560 vivente
548 4497 708 4558 testatore
731 4495 803 4576 (art.
820 4491 925 4574 liudp
938 4491 971 4555 3⁰
992 4491 1021 4554 si
1034 4489 1219 4572 legatarius
1240 4490 1354 4573 legato
1376 4493 1559 4568 renuntiet,

389 4605 443 4670 vel
456 4607 563 4670 lactus
580 4603 624 4667 sit
635 4601 791 4669 inhabilis
806 4601 849 4668 ad
863 4601 946 4666 illud
958 4603 1191 4686 recipiendum
1205 4603 1279 4686 (art.
1300 4603 1398 4684 1043).

429 4713 462 4794 d)
475 4712 624 4779 Tandem
634 4712 930 4795 peraccederent
945 4711 1063 4778 aboliri
1078 4719 1190 4795 potest
1202 4717 1463 4790 testamentura;
1481 4733 1560 4782 narn
