3504 5572
368 529 429 598 308
770 518 774 527 “
832 553 883 602 ros
904 551 1085 602 canonicor.

367 671 542 754 contractu
554 667 746 752 emptionis,
762 675 880 735 secuta
892 671 1083 749 traditione,
1098 671 1300 736 transfertur
1311 669 1347 735 in
1358 677 1547 756 emptorem

368 771 568 851 dominium,
583 793 653 839 non
665 794 751 841 ,vero
773 777 808 840 in
822 777 1002 856 locatione,
1018 795 1093 863 quae
1108 798 1178 844 non
1193 778 1281 844 solet
1294 785 1426 844 mutare
1443 780 1547 845 dorni-

367 881 481 958 nium;
507 887 578 945 tum
598 901 618 948 a
642 882 797 966 deposito
820 889 855 950 et
874 885 1029 969 pignore,
1055 887 1135 972 quia
1148 887 1184 950 in
1204 887 1258 950 his
1278 905 1334 951 res
1347 887 1490 952 traditur
1504 887 1546 952 ad

366 989 567 1067 custodiam,
582 1009 652 1056 non
667 991 710 1055 ad
725 1009 845 1070 usum;
867 999 940 1058 tum
962 1014 982 1059 a
1004 995 1222 1061 commodato
1241 1000 1276 1059 et
1287 996 1452 1079 precario,
1467 1015 1547 1060 cum

365 1097 402 1160 in
413 1097 467 1162 his
478 1117 534 1163 res
549 1099 755 1165 concedatur
770 1101 908 1184 quidem
923 1100 966 1168 ad
981 1121 1094 1180 usum,
1111 1103 1172 1168 sed
1184 1104 1289 1184 gratis
1303 1108 1337 1166 et
1349 1102 1545 1170 liberaliter.

366 1203 613 1288 Sequiturl⁰de
622 1207 909 1276 substantiaillius
920 1214 1115 1276 contractus
1126 1211 1294 1288 esse,sive
1304 1220 1462 1276 mutuum
1471 1231 1546 1275 corr-

366 1329 512 1392 seusam,
526 1330 594 1399 quo
602 1321 796 1382 contractus
806 1315 862 1382 ille
868 1323 948 1384 onte
957 1317 1176 1383 traditionem
1189 1319 1373 1401 perficitur,
1391 1319 1545 1385 siveram

365 1421 564 1508 celoperam
577 1429 692 1507 aptam
705 1423 877 1504 locationi,
893 1426 1161 1492 sivemercedem
1174 1446 1235 1494 seu
1247 1429 1396 1512 pretium
1410 1445 1542 1504 verum,

365 1536 497 1594 certum
513 1535 547 1596 et
553 1533 699 1614 justum,
716 1533 1021 1618 quodrogulariter
1030 1535 1187 1601 consistit
1200 1536 1236 1600 in
1250 1537 1412 1620 pecunia3
1428 1541 1545 1600 tamen

366 1639 395 1726 si
409 1657 464 1703 res
478 1640 793 1722 frugiferalocetur,
810 1661 942 1709 merces
957 1645 1143 1710 consistere
1160 1651 1275 1728 potest
1289 1647 1325 1709 in
1339 1645 1455 1712 aliare
1469 1647 1546 1710 luu-

365 1747 471 1829 gibili,
489 1749 617 1814 scilicet
630 1750 666 1815 iu
678 1755 775 1834 parte
789 1751 964 1818 fructuum
979 1752 1057 1832 olei,
1072 1754 1155 1830 uini,
1167 1755 1342 1832 frumenti,
1357 1759 1421 1820 etc.

675 1946 707 2000 11.
724 1947 851 2002 varietas
865 1946 1237 2004 locationis-conductionis.

407 2082 574 2152 Dividitur
588 2086 619 2150 1ο
639 2087 675 2151 in
688 2088 880 2171 aequiorem
903 2095 938 2154 et
965 2091 1197 2175 immolarem,
1219 2095 1322 2173 prout
1343 2108 1400 2156 res
1421 2087 1542 2156 eadem

366 2195 403 2258 in
428 2195 540 2278 specie
563 2193 620 2260 vel
637 2195 674 2259 in
696 2214 823 2277 genere
847 2201 981 2262 tantum
995 2199 1202 2274 restituitur;
1222 2200 1259 2262 in
1282 2197 1433 2263 secundo
1451 2217 1542 2274 casu,

369 2302 490 2367 dicitur
503 2302 710 2385 irregularis,
726 2305 806 2388 quia
824 2305 865 2370 de
879 2311 1002 2372 natura
1019 2307 1123 2390 hujus
1146 2311 1341 2372 contractus
1357 2313 1420 2385 est,
1436 2311 1474 2370 ut
1490 2325 1545 2370 res

368 2410 489 2477 eadem
498 2412 534 2476 in
546 2412 657 2495 specie
667 2412 876 2491 restituatur,
889 2432 960 2479 non
970 2418 1086 2479 autem
1096 2433 1151 2480 res
1161 2413 1369 2500 aequivalens
1379 2415 1546 2480 aestimata

367 2537 430 2602 per
442 2519 586 2585 modum
599 2520 817 2586 venditionis.

408 2627 441 2692 Ψ
454 2627 512 2691 Est
521 2635 691 2713 perpetua
705 2627 761 2694 vel
778 2630 984 2713 temporalis,
1003 2631 1031 2696 ai
1053 2649 1116 2714 pro
1131 2647 1267 2716 semper
1281 2630 1338 2697 vel
1351 2637 1444 2697 certo
1463 2636 1547 2696 tem-

241 2788 242 2799 ,
368 2751 451 2818 pore
466 2736 521 2812 nt;
539 2754 581 2800 ex
592 2739 670 2820 jure
687 2735 811 2802 Gallico
826 2738 899 2820 (art.
920 2737 980 2804 530
997 2738 1076 2804 (lod.
1097 2739 1175 2822 civ.)
1191 2737 1313 2805 locatio
1333 2739 1407 2804 sseri
1430 2739 1549 2824 nequit

369 2843 403 2908 in
416 2849 631 2928 perpetuum,
644 2843 804 2910 licetderi
812 2847 923 2929 possit
932 2845 978 2911 ad
989 2847 1107 2924 vitam,
1122 2865 1194 2913 non
1203 2847 1546 2923 solumconductoris,

370 2951 432 3016 sed
459 2952 563 3018 ctiam
586 2953 691 3018 trium
710 2955 901 3021 successive
923 2973 1159 3040 personarum,
1184 2975 1227 3020 ex
1252 2955 1328 3038 lege
1357 2955 1449 3020 18-29
1468 2973 1546 3036 aug.

369 3061 460 3125 1790.
497 3061 614 3138 Quoad
637 3062 844 3128 locationem
875 3081 1068 3148 operarum,
1095 3081 1166 3128 non
1186 3067 1300 3147 potest
1323 3063 1398 3127 fleri
1416 3063 1481 3128 nisi
1507 3061 1550 3127 ad

370 3167 543 3250 quoddam
566 3176 703 3256 tempus
722 3172 779 3238 vel
802 3171 845 3238 ad
868 3189 955 3256 opus
977 3171 1243 3238 determinatum
1266 3171 1339 3254 (art.
1368 3171 1448 3235 troo
1468 3169 1548 3235 (lod.

368 3275 458 3360 cia).
1057 3343 1060 3352 ,

409 3387 442 3450 3⁰
456 3387 623 3454 Dividitur
637 3389 674 3453 in
681 3388 868 3476 publicam,
881 3407 948 3474 qua
961 3388 1128 3472 praedium
1142 3386 1316 3472 publicum
1330 3387 1414 3466 tlsci,
1430 3393 1467 3454 et
1477 3385 1547 3472 pri·

370 3504 501 3577 catam,
516 3515 583 3582 qna
595 3497 763 3580 praedium
777 3498 950 3582 privatum
964 3496 1176 3562 conducitm·.

410 3605 444 3668 4⁰
458 3603 625 3669 Itividitur
638 3606 674 3669 in
687 3605 893 3672 locationem
907 3607 960 3670 rei
974 3609 1009 3669 et
1023 3605 1060 3670 in
1072 3603 1280 3669 locationem
1300 3605 1397 3686 faeti.
1414 3601 1549 3668 Locatio

372 3713 421 3776 rei
431 3717 493 3791 est,
507 3713 643 3796 quando
655 3713 795 3791 funduS,
807 3714 939 3792 domus,
953 3715 1162 3797 iumentum,
1176 3717 1253 3789 eto,
1268 3711 1366 3776 alicui
1384 3711 1550 3775 utendum

370 3826 432 3884 ¹aut
445 3821 629 3885 fruendum
641 3839 703 3905 pro
712 3822 870 3886 mercede
879 3821 1087 3886 conceditur.
1101 3821 1179 3884 llaec
1190 3817 1326 3895 locatio,
1338 3819 1373 3882 in
1384 3821 1463 3902 iure
1478 3817 1552 3882 Gal-

371 3928 437 3993 lico
458 3929 534 4011 (art.
550 3929 627 3992 1711
652 3927 731 3994 (iod.
748 3929 838 4012 cin),
855 3929 949 3994 varia
969 3929 1099 4012 accepit
1119 3929 1271 4005 nomino,
1290 3929 1391 4010 juxta
1411 3925 1552 3992 diversi-

373 4041 479 4101 tatem
491 4055 607 4102 rerum
618 4057 625 4100 :
638 4035 761 4102 locatio
775 4036 902 4101 aedinm
916 4037 1135 4102 othonorum
1150 4035 1328 4100 mobilium
1348 4033 1470 4100 dicitur
1484 4033 1556 4099 dail

374 4144 395 4207 d
411 4143 522 4228 loyen
533 4144 657 4211 locatio
671 4145 841 4211 honorum
855 4143 1032 4221 ruralium,
1045 4144 1117 4208 hail
1129 4142 1151 4206 d
1162 4144 1290 4225 serme;
1299 4143 1335 4206 in
1346 4145 1425 4226 ,iure
1439 4143 1550 4221 Rom,

373 4252 513 4334 effeetus
528 4253 664 4337 quando
677 4251 845 4337 predium
855 4252 1022 4318 rusticum
1032 4271 1094 4335 pro
1109 4256 1205 4335 parte
1219 4251 1393 4316 fructuum
1404 4249 1551 4328 locatum

372 4359 496 4426 locatio
508 4359 708 4427 animalium
724 4360 808 4442 (buit
820 4360 842 4424 d
856 4343 1007 4445 coeptio,
1025 4365 1060 4425 et
1073 4359 1197 4443 injure
1208 4359 1362 4426 Romano
1376 4361 1550 4425 concamio

374 4485 450 4552 quae
464 4486 526 4552 pro
539 4474 633 4534 certa
646 4468 835 4552 quantitate
850 4468 949 4546 lanae,
967 4467 1091 4552 butyri,
1118 4471 1194 4545 etc,
1212 4469 1268 4546 sst3
1285 4468 1346 4533 sed
1369 4468 1443 4533 istae
1465 4467 1554 4536 loca-

374 4577 486 4641 tiones
506 4583 587 4642 sunt
606 4578 720 4661 potins
734 4577 983 4646 conventiones
999 4577 1122 4644 afflues
1146 4575 1551 4652 conductioni-locationi,

375 4703 478 4768 quom
501 4689 575 4770 ejus
600 4687 729 4769 species
755 4687 995 4752 subordinatas.
1018 4671 1229 4769 Quandoque
1252 4689 1396 4768 utroque
1419 4685 1554 4750 mixtim
