3498 5572
539 559 627 606 ursan
648 559 776 606 rannus
797 561 1017 608 uscnrrauuu.
1308 551 1367 616 413

191 679 284 744 tialia
295 679 331 743 in
353 675 517 759 religione
537 680 580 742 ab
600 677 747 745 Ecclesia
769 680 963 762 approbata,
981 679 1103 746 dicitur
1123 683 1236 748 stricte
1259 694 1368 750 status

190 788 376 871 religiosus.
391 787 588 870 Appellatur
609 795 729 866 status,
747 790 827 873 quia
842 791 1019 856 hominem
1035 792 1178 858 incerto
1196 799 1231 858 ct
1247 801 1369 861 natura

192 914 254 960 sua
267 901 432 981 perpetuo
452 901 542 962 statu
563 897 715 964 collocat.
732 897 783 962 llli
798 897 856 983 qui
877 900 965 965 hanc
984 899 1186 982 religionem
1208 905 1367 986 prossten-

192 1007 257 1079 tur,
275 1003 434 1069 dicuntur
442 1005 593 1088 religiosi
606 1009 640 1070 et
658 1006 830 1090 reputares
844 1025 856 1070 :
871 1005 1032 1089 religiosi,
1049 1008 1247 1090 areligione
1264 1030 1367 1094 quam

190 1112 410 1194 pmfltentur3
426 1113 612 1195 regulares,
627 1115 778 1200 aregula
792 1116 856 1179 sub
871 1135 939 1199 qua
953 1116 1084 1181 vivunt.

230 1221 268 1284 In
280 1221 345 1287 hoc
360 1240 475 1298 sensu,
490 1221 610 1306 religio
621 1242 681 1288 seu
694 1228 802 1288 status
813 1221 994 1306 religiosus
1009 1224 1171 1290 definitur
1185 1246 1192 1288 :
1205 1251 1219 1284 ι
1233 1227 1367 1292 stabilis

190 1328 226 1392 in
246 1330 420 1394 communi
440 1329 579 1395 vivendi
599 1331 723 1395 modus
743 1330 896 1395 fidelium
916 1332 960 1398 ad
982 1333 1173 1398 christianae
1194 1334 1367 1399 charitatis

190 1439 435 1520 perlectionem
460 1439 690 1516 tendentium,
710 1441 809 1505 editis
838 1441 946 1505 tribus
974 1441 1253 1507 substantialibus
1279 1444 1366 1507 votis

190 1548 409 1628 paupertatis,
425 1547 589 1613 castitatis
604 1553 639 1613 et
653 1549 867 1627 obedientiae,
886 1551 928 1614 ab
948 1549 1096 1614 Ecclesia
1113 1551 1330 1632 approbatus.
1350 1577 1365 1608 s

230 1654 347 1738 ltaque
361 1655 403 1720 ad
421 1657 647 1722 substantiam
665 1675 756 1723 verae
776 1656 952 1739 religionis
972 1657 1157 1742 requiritur
1172 1678 1179 1720 :
1194 1659 1227 1720 1ο
1241 1663 1279 1721 ut
1298 1677 1368 1722 ser·

190 1770 315 1828 ventur
335 1765 398 1830 tn'a
419 1765 560 1831 consilia
583 1765 781 1848 evangelica
803 1769 1023 1851 paupertatis,
1044 1768 1209 1832 castitatis
1233 1773 1267 1831 et
1288 1769 1367 1832 obe-

191 1871 343 1951 diantiae3
358 1892 439 1939 nam
463 1878 572 1940 status
595 1875 776 1958 religiosus
798 1877 832 1941 vi
853 1895 923 1940 suae
947 1877 1170 1940 institutionis
1195 1877 1304 1942 tendit
1324 1877 1367 1940 ud

190 1983 453 2063 perlectionem;
468 2002 570 2068 porro
591 1985 664 2050 haec
687 1987 762 2062 tria,
775 1989 875 2069 juxta
899 1985 1163 2052 declarationem
1187 1985 1307 2049 Christi
1332 1986 1366 2048 in

189 2087 384 2171 Evangelio,
400 2093 614 2157 constituunt
639 2093 901 2176 perfectionem
926 2094 958 2157 2⁰
973 2098 1012 2158 ut
1037 2094 1111 2159 haec
1135 2093 1199 2158 tria
1225 2093 1367 2158 consilia

189 2202 271 2263 voto
290 2205 493 2283 perpetuam
517 2201 761 2282 obligationem
784 2203 980 2268 continente
995 2203 1186 2279 firmentur,
1203 2220 1284 2266 nam
1301 2207 1366 2265 sta-

189 2307 244 2369 tus
257 2307 521 2390 perpetuitatem
536 2307 693 2386 denotat;
705 2309 738 2372 3ο
752 2313 791 2372 ut
803 2309 877 2373 haec
890 2315 972 2374 vota
991 2309 1190 2374 emittantur
1203 2310 1239 2372 in
1254 2307 1367 2392 aliqua

188 2413 353 2495 religione
369 2417 487 2484 aSede
501 2417 695 2501 Apostolica
708 2419 909 2502 approbata;
924 2418 957 2481 4·
972 2418 1111 2483 tandem
1126 2423 1164 2481 ut
1183 2418 1207 2480 ii
1222 2418 1280 2502 qui
1293 2417 1366 2482 haec

188 2530 270 2588 vota
293 2523 490 2602 emiserunt,
512 2527 575 2590 sub
598 2530 691 2591 certa
715 2525 836 2607 regula
856 2527 984 2602 vivant,
1009 2531 1043 2591 et
1071 2527 1134 2590 sub
1158 2525 1289 2609 praelati
1310 2525 1366 2590 vel

190 2631 374 2715 superioris
386 2633 622 2716 jurisdictione
637 2639 697 2698 aut
710 2639 879 2717 potestate
895 2633 1042 2717 speciali.

227 2741 260 2803 2⁰
271 2739 318 2804 be
329 2741 478 2806 essentia
486 2739 662 2823 religionis
673 2759 744 2806 nou
755 2746 806 2806 est
821 2746 859 2804 ut
873 2747 954 2806 vota
964 2743 1032 2806 sint
1047 2740 1223 2820 solemnia,
1235 2747 1273 2805 ut
1287 2759 1364 2806 con-

189 2853 256 2914 stat
271 2867 315 2913 ex
328 2847 491 2931 Gregorio
511 2847 581 2912 11111
596 2851 713 2932 (const.
730 2849 962 2931 Accendante),
978 2855 1057 2936 post
1071 2868 1099 2914 c.
1118 2850 1206 2914 unic.
1224 2848 1265 2913 de
1282 2849 1363 2915 Voto

189 2963 222 3020 et
234 2959 307 3020 coti
318 2957 481 3043 redempt.
497 2957 533 3020 in
548 2957 591 3022 θ’.
608 2957 683 3022 Vita
697 2957 901 3034 communis,
917 2956 998 3022 licet
1013 2977 1056 3023 ex
1075 2941 1197 3023 natura
1214 2975 1276 3022 sua
1295 2963 1362 3022 sta-

188 3069 243 3129 tus
263 3064 444 3147 religiosus
464 3084 541 3130 sam
562 3083 632 3130 non
655 3066 816 3152 requirat,
833 3066 981 3150 pertinet
1004 3071 1121 3132 tamen
1142 3067 1185 3132 ad
1208 3067 1364 3130 substan-

189 3173 271 3237 tiam
295 3191 386 3238 verae
414 3173 600 3256 religionis,
622 3179 773 3258 spectato
802 3174 924 3240 saltam
950 3177 1027 3258 jura
1057 3175 1283 3240 ecclesiastico
1305 3175 1364 3238 bo-

189 3282 317 3347 diemo.
348 3282 516 3349 Prolessio
549 3301 611 3367 per
637 3289 719 3349 vota
746 3282 923 3360 solemnia,
944 3283 1082 3349 nonnisi
1110 3283 1300 3348 extrinsece
1330 3289 1364 3347 et

188 3391 301 3476 quoad
321 3391 555 3457 solemnitates
574 3393 616 3458 ab
637 3391 786 3458 Ecclesia
803 3391 970 3467 inductas,
986 3391 1100 3456 dillert
1114 3409 1135 3455 a
1150 3391 1362 3474 professione

187 3519 248 3584 per
259 3506 340 3567 vota
353 3500 528 3584 simplicia,
545 3507 584 3565 ut
601 3507 736 3566 constat
750 3519 793 3566 ex
807 3501 917 3565 citatis
930 3501 1076 3584 juribus.
1092 3500 1252 3584 Sequitur
1272 3499 1364 3583 quod

188 3627 232 3676 ex
251 3609 387 3675 decreto
413 3609 509 3675 Sedis
532 3608 733 3693 spostolicae
758 3613 839 3675 vota
860 3607 1025 3692 simplicia
1047 3613 1194 3692 possunt
1218 3607 1362 3672 evadere

189 3718 364 3796 solemnia,
382 3719 464 3803 quin
481 3719 629 3786 novasit
643 3719 830 3784 emittenda
843 3717 1011 3802 professio
1025 3715 1195 3798 religiosa,
1213 3721 1251 3779 ut
1270 3720 1364 3798 patet

188 3845 231 3890 ex
252 3831 360 3891 const.
376 3826 432 3890 Ea
452 3825 562 3890 debito
577 3825 680 3891 (ilem.
702 3825 812 3902 xt,1n
832 3843 987 3910 supremo
1002 3825 1100 3905 Greg.
1119 3824 1185 3901 xit,
1208 3829 1270 3888 etc.
1293 3822 1363 3886 Dis-

187 3934 304 4000 tinctic
324 3933 415 4000 inter
435 3939 516 4000 vote
539 3934 705 4000 solemnia
720 3939 754 3998 et
767 3933 933 4017 simplicia
952 3933 1016 3997 luit
1029 3931 1237 4016 probabilius
1260 3931 1363 3996 intro-

188 4043 289 4109 ducta
311 4043 413 4127 paulo
436 4047 515 4108 ante
538 4043 759 4108 medietatem
784 4043 899 4108 saeculi
921 4041 1107 4118 undecimi;
1130 4059 1210 4106 nam
1234 4041 1275 4106 de
1301 4042 1363 4105 hac

187 4151 404 4218 distinctione
419 4152 569 4236 primum
583 4153 697 4235 agitur
710 4153 746 4216 in
760 4171 834 4218 can.
851 4153 869 4215 t
884 4151 1017 4217 concilii
1031 4151 1141 4226 Rom,
1155 4150 1218 4214 sub
1233 4148 1305 4214 lnn.
1321 4147 1359 4210 ll.

187 4261 375 4327 Discrimen
393 4262 483 4328 inter
502 4267 584 4329 vota
605 4261 772 4345 simplicia
786 4267 820 4327 et
834 4266 915 4326 vota
930 4259 1097 4326 solemnia
1112 4259 1149 4322 iu
1163 4259 1216 4322 bis
1232 4257 1360 4322 consis-

188 4370 251 4433 tit:
268 4371 300 4432 1ο
323 4369 527 4436 Solemuitas
550 4371 621 4436 voti
644 4369 809 4435 castitatis
832 4369 950 4432 tribuit
971 4368 1050 4432 huic
1073 4371 1154 4431 voto
1177 4366 1363 4431 efficaciam

188 4481 352 4560 perpetuo
362 4477 597 4543 inhabilitsudi
609 4481 795 4543 voventem
810 4476 854 4542 ad
865 4475 1123 4542 matrimonium
1136 4474 1360 4556 subsequens,

188 4589 223 4648 et
238 4584 392 4649 irritandi
415 4584 621 4652 antecedens
642 4585 899 4651 matrimonium
922 4587 1090 4648 natumst
1112 4599 1183 4646 non
1204 4599 1362 4646 consum-

187 4699 329 4759 matum.
346 4695 378 4758 2⁰
393 4694 685 4779 Votipaupertstis
694 4693 892 4759 solemnitas
905 4692 1061 4758 consistit
1075 4692 1110 4754 in
1122 4689 1314 4754 inducenda
1326 4689 1361 4751 in
