3498 5572
503 572 507 579 '
554 585 642 630 eman
663 583 787 631 rannus
808 583 1027 630 cameratior.
1319 565 1375 632 ccl

205 701 287 766 tiam
302 701 404 766 offleii
423 701 650 778 ecclesiastici,
667 701 905 790 parochiarum
919 700 1088 765 institutio
1102 699 1296 767 introducta
1310 705 1377 778 est;
1405 739 1412 750 -

204 809 264 873 sed
277 809 441 892 paulatim
455 811 664 876 territorium
675 810 822 876 divisum
834 813 886 874 est
895 809 930 872 iu
942 808 1119 892 parochias
1128 808 1206 894 plus
1220 809 1378 874 minusve

204 916 352 982 stabiles.
370 917 447 983 llaec
469 918 590 983 divisio
612 917 686 984 visa
708 923 761 983 est
785 917 934 982 maxime
958 917 1153 982 conducens
1180 915 1222 983 ad
1249 921 1380 983 rectum

203 1024 359 1106 regimen
385 1025 501 1110 populi
529 1025 718 1102 christiani,
750 1029 784 1088 et
810 1025 875 1089 luit
901 1044 922 1089 a
949 1023 1052 1090 sacris
1080 1023 1267 1090 canonibus
1296 1043 1381 1108 prae-

205 1133 342 1216 scripta,
364 1133 485 1199 ultimo
508 1138 543 1197 et
564 1133 712 1198 strictius
728 1153 748 1199 a
766 1151 860 1199 conc.
885 1131 972 1196 Trid.
995 1131 1089 1213 (sess.
1108 1131 1159 1208 sl,
1174 1150 1246 1216 cap.
1269 1133 1317 1210 13,
1339 1133 1381 1197 dc

203 1240 378 1324 reforma.
963 1310 967 1320 ¹

244 1349 273 1430 b)
291 1349 393 1433 Gripo
405 1351 642 1436 parochorum.
659 1351 799 1417 Paroohi
815 1370 884 1416 non
906 1353 1047 1415 luerunt
1069 1349 1266 1416 immediate
1287 1349 1380 1414 insti·

205 1459 268 1523 tuti
289 1478 309 1524 a
328 1459 472 1536 Christo,
498 1479 559 1524 seu
585 1479 800 1526 successores
825 1459 1044 1544 septuaginta
1067 1457 1321 1542 discipulorum,
1344 1465 1381 1522 ut

204 1566 328 1632 saeculo
357 1568 472 1651 elapso
500 1569 690 1636 docuerunt
716 1569 978 1654 preshyteriaui,
1009 1572 1043 1632 et
1072 1586 1142 1633 non
1176 1567 1224 1632 ita
1248 1565 1380 1650 pridem

179 1726 183 1734 .
203 1675 306 1760 aliqui
321 1677 568 1743 contendentes
580 1681 746 1762 parochos
762 1697 837 1743 esse
852 1676 1101 1750 inamovihiles,
1115 1675 1192 1740 ideo
1208 1675 1287 1759 quia
1301 1681 1382 1737 sunt

201 1785 279 1866 jure
303 1783 418 1868 divino
433 1786 589 1850 instituti.
607 1787 740 1851 Etenim
756 1789 787 1850 1⁰
801 1784 956 1868 discipuli
971 1803 1042 1850 non
1057 1787 1155 1848 erant
1169 1782 1380 1858 sacerdotes;

203 1889 236 1954 Ψ
262 1892 463 1958 missionem
493 1893 735 1978 temporariam
769 1894 984 1970 hahuerunt,
1017 1890 1145 1956 scilicet
1177 1889 1382 1974 praedicandi

153 1997 156 2004 '
204 1998 391 2064 adventum
413 2001 511 2083 regni
525 2002 585 2066 Dei
598 2007 633 2067 et
646 2001 786 2066 curandi
800 2001 972 2076 inssrmos;
988 2000 1023 2062 in
1044 1998 1214 2083 prioribus
1237 1997 1380 2072 saeculis,

204 2112 328 2189 praeter
349 2108 528 2192 episcopos
552 2127 623 2174 non
647 2115 745 2174 erant
763 2109 912 2192 parochi.
932 2107 1060 2173 Deinde
1085 2105 1218 2172 etiamsi
1244 2105 1382 2188 parochi

204 2221 320 2279 essent
344 2235 559 2282 successores
583 2217 800 2302 septuaginta
824 2214 1079 2300 discipulorum,
1103 2213 1187 2278 nihil
1207 2214 1287 2278 inde
1315 2211 1383 2276 col-

203 2322 367 2404 ligeretur
385 2325 421 2388 in
439 2325 593 2390 favorem
617 2323 841 2390 iustitutionis
865 2323 1006 2400 divinae;
1026 2340 1174 2406 namque
1197 2319 1382 2386 adversarii

203 2431 346 2514 probare
361 2432 525 2496 deberent
540 2433 632 2516 quod
647 2431 767 2500 eadem
781 2437 944 2516 potestas,
961 2449 1038 2515 quar
1054 2429 1135 2496 olim
1154 2429 1233 2494 data
1245 2433 1298 2492 est
1312 2427 1379 2492 dis-

203 2539 334 2624 cipulis,
356 2545 409 2604 est
425 2559 518 2605 nunc
531 2541 567 2604 in
579 2541 752 2624 parochis;
769 2557 871 2624 porro
892 2545 945 2604 est
962 2539 1063 2624 plane
1082 2538 1226 2603 diversa.
1242 2535 1382 2601 Verum-

205 2652 320 2712 tamen
334 2666 404 2712 non
418 2648 515 2712 deest
527 2647 641 2732 aliqua
654 2646 812 2730 analogia
824 2647 916 2712 inter
929 2643 1112 2730 discipulos
1125 2649 1159 2710 et
1173 2644 1378 2709 sacerdotes.
1449 2716 1452 2722 ¹

243 2753 300 2818 llis
311 2755 431 2837 positis
446 2755 488 2820 de
504 2755 644 2820 nomine
659 2761 694 2820 et
708 2755 839 2836 origine
853 2755 1093 2838 parochorum,
1112 2752 1275 2837 quaeritur

243 2861 296 2925 lll.
309 2862 401 2943 Quid
410 2863 605 2947 requiratur
618 2871 657 2927 ut
671 2862 807 2927 ecclesio
819 2862 937 2946 aliqua
950 2861 1019 2926 dici
1032 2861 1139 2945 possit
1152 2859 1381 2944 parochialis?

203 2969 398 3053 Requiritur
414 2992 421 3034 :
441 2973 472 3035 1⁰
489 2975 524 3036 et
537 2971 707 3056 praecipue
723 2975 876 3053 potestas
889 2969 1018 3052 ligandi
1034 2974 1069 3034 et
1084 2967 1239 3034 solvendi
1255 2969 1290 3032 in
1305 2969 1379 3032 iero

204 3080 446 3162 poeniteutiali,
463 3082 565 3167 idque
586 3101 629 3148 ex
652 3081 855 3148 necessitate
880 3065 1033 3146 muneris
1054 3078 1266 3164 parochialis,
1282 3081 1380 3162 cujus

205 3190 375 3276 praecipua
403 3209 482 3275 pars
510 3197 563 3258 est
588 3191 746 3257 ssdelihus
782 3191 1019 3257 adnunistrare
1059 3195 1290 3266 sacramenta;
1319 3187 1380 3252 sed

204 3301 372 3382 parochus
404 3320 474 3367 non
501 3301 605 3366 hahet
629 3299 904 3384 jurisdictionem
929 3301 966 3363 in
993 3301 1068 3364 foro
1096 3303 1258 3373 extern03
1288 3295 1379 3359 unde

204 3408 380 3490 speciatim
402 3427 473 3474 non
495 3413 610 3493 potest
631 3407 828 3492 dispensare
848 3409 884 3472 iu
899 3407 1033 3489 legibus
1052 3405 1297 3480 ecclesiasticis,
1314 3404 1379 3467 nisi

203 3521 371 3600 quantum
398 3519 430 3582 ei
451 3519 617 3601 permittit
644 3517 857 3584 consuetudo
887 3516 999 3602 quoad
1027 3513 1211 3582 relaxanda
1233 3513 1376 3596 jejunia,

202 3623 300 3700 festa,
318 3629 408 3690 etc...

241 3732 274 3794 2⁰
289 3733 396 3797 Locus
417 3734 518 3798 certis
539 3729 704 3797 limitibus
724 3733 942 3808 constitutus,
960 3731 996 3794 in
1017 3746 1085 3814 quo
1108 3728 1255 3814 populus
1279 3726 1378 3793 alicui

204 3839 352 3906 ecclesiae
368 3841 550 3926 deputatus
564 3842 667 3923 degit,
682 3847 784 3925 prout
796 3841 943 3904 sumitur
957 3857 999 3903 ex
1011 3856 1105 3903 conc.
1120 3837 1207 3900 Trid.
1221 3837 1315 3919 (sess.
1326 3835 1376 3912 al,

203 3965 231 4010 c.
249 3949 299 4024 13,
316 3949 458 4031 defles.)
475 3969 482 4012 :
501 3975 515 4006 a
532 3947 570 4013 ln
584 3949 667 4014 locis
687 3949 745 4013 uhi
768 3945 978 4032 parochiales
1002 3945 1153 4011 ecclesiae
1177 3949 1288 4009 certos
1308 3962 1377 4007 non

201 4056 329 4120 hahent
349 4055 486 4121 limites.
503 4083 518 4116 a
536 4056 676 4122 Perochi
702 4055 867 4140 populum
896 4061 1028 4120 certum
1053 4072 1092 4120 ac
1113 4051 1378 4118 determinatum

203 4182 323 4245 regere
353 4165 511 4231 dicuntur
526 4186 533 4228 :
548 4165 584 4230 in
607 4164 701 4230 omni
720 4163 958 4247 jurisdictione
979 4167 1154 4246 respectus
1179 4159 1323 4224 habetur
1336 4157 1379 4221 ad

203 4271 331 4338 incolas
342 4274 473 4359 praellxi
486 4273 657 4340 territorii.

243 4381 437 4448 Notandum
457 4381 620 4466 estquod
640 4381 766 4446 limites
784 4381 1022 4466 parochiarum
1042 4375 1287 4464 prascriptioni
1308 4391 1378 4438 non

204 4497 286 4557 suut
295 4492 444 4570 obnoxii,
458 4491 579 4556 saltem
591 4492 620 4556 si
634 4491 717 4555 certi
732 4491 801 4555 sint
812 4511 819 4554 ε
831 4492 880 4555 ita
893 4487 1085 4555 communis
1100 4486 1269 4552 sententia
1279 4501 1379 4548 cano-

203 4602 382 4678 nistarum,
397 4619 441 4664 ex
458 4601 570 4666 canl
594 4605 628 4664 et
651 4619 735 4685 seq„
752 4599 914 4678 causalo,
932 4620 963 4684 q.
980 4599 1010 4676 3,
1028 4605 1062 4663 et
1075 4615 1104 4662 o.
1119 4597 1140 4660 l
1154 4596 1186 4660 h.
1205 4599 1228 4658 t.
1245 4592 1377 4657 Etenim

202 4710 258 4773 isti
272 4709 398 4774 limites
416 4711 460 4774 oh
471 4709 642 4793 publicam
655 4709 836 4774 utilitatem
852 4713 932 4771 sunt
943 4706 1129 4772 constituti.

359 4835 392 4879 n.
576 4860 583 4870 ,
1177 4813 1217 4876 96
