3488 5568
385 549 447 612 536
845 567 898 614 rus
920 567 1100 614 mnesteus.

425 685 460 750 4·
474 685 537 750 Pro
551 684 667 752 labore
682 686 885 762 extrinseco,
902 705 935 752 v.
951 705 986 769 g.
1006 687 1034 752 si
1056 687 1171 750 missae
1190 685 1405 750 celebrentur
1421 685 1456 748 in
1486 685 1562 751 loco

387 798 532 870 remoto,
559 793 670 859 serim
691 811 794 880 quam
822 795 920 872 solet,
945 799 1024 874 etc,
1049 793 1177 881 aliquid
1200 797 1324 880 preter
1343 811 1563 860 communem

387 901 597 968 tentionem
607 902 754 988 recipiet
771 905 862 988 exigi
871 909 996 988 potest.
1007 903 1083 970 Istas
1093 902 1354 968 circumstantie
1364 906 1446 968 sunt
1453 903 1563 985 pretio

385 1010 614 1076 aestimabiles.
630 1010 697 1076 Sed
712 1017 794 1078 tunc
810 1012 970 1078 sacerdos
993 1011 1170 1078 celebrans
1188 1015 1326 1076 tenetur
1343 1009 1387 1076 sd
1411 1009 1486 1076 illae
1500 1010 1564 1076 oir-

385 1119 609 1186 cumstantias
623 1120 911 1186 extraordinarias
924 1119 989 1186 loci
1003 1120 1060 1186 vel
1074 1119 1248 1204 temporis.

426 1229 460 1292 e·
473 1226 582 1293 Etiam
595 1227 733 1312 parochi
748 1228 853 1293 etalii
867 1229 986 1303 curati,
1002 1229 1134 1294 ratione
1152 1226 1308 1312 applicati
1321 1227 1462 1305 fructus,
1484 1244 1565 1312 poe·

387 1341 469 1402 sunt
482 1336 667 1401 missarum
681 1353 822 1400 suarum
838 1336 1047 1421 stipendium
1067 1336 1220 1420 accipere
1241 1339 1277 1400 et
1296 1335 1445 1416 exigere,
1468 1334 1565 1399 dum-

387 1443 491 1509 modo
506 1443 685 1508 dominicis
701 1447 737 1507 et
753 1443 850 1508 festis
873 1443 994 1508 diebus
1017 1442 1191 1508 celebrent
1215 1460 1277 1529 pro
1304 1440 1440 1526 populo.
1463 1440 1563 1514 Olim,

386 1550 486 1616 multi
506 1549 564 1614 GG.
589 1551 807 1616 affirmabant
830 1555 1002 1634 pastores,
1027 1569 1097 1616 non
1123 1551 1281 1615 obetsme
1307 1549 1444 1614 decreto
1467 1565 1563 1614 conc.

386 1659 489 1736 Trid,
500 1677 528 1722 s.
539 1659 591 1734 Β,
606 1677 636 1724 c.
653 1660 683 1734 l,
698 1659 840 1740 defles„
858 1676 960 1742 posse
974 1676 1037 1742 pro
1047 1657 1232 1724 missmrm
1242 1655 1470 1722 celebratione
1480 1655 1566 1721 arci-

386 1787 467 1852 pere
482 1767 701 1852 stipendium,
717 1767 783 1832 nisi
797 1767 896 1834 aliter
911 1773 1050 1834 cautum
1066 1768 1112 1832 sit
1124 1767 1161 1834 in
1181 1766 1382 1832 fundatione
1401 1765 1564 1840 ecclesias,

386 1875 442 1940 vel
452 1881 580 1942 statuto
591 1881 652 1942 ant
661 1877 920 1942 consuetudine.
932 1877 981 1940 Ex
993 1873 1567 1961 altemparta,aliiafflrmabautcu-

386 1989 480 2050 ratos
487 1983 546 2068 qui
552 1983 725 2050 habebant
734 1983 888 2050 redditus
901 1985 1058 2069 pingues,
1070 1985 1178 2050 teneri
1186 1981 1355 2067 applicare
1362 1999 1424 2066 pro
1438 1982 1567 2066 populo

386 2091 670 2176 quotiescumque
683 2091 911 2158 celebrabant.
928 2091 995 2158 Sed
1010 2092 1201 2158 doctrinam
1211 2091 1321 2156 inbsc
1334 2109 1372 2155 re
1382 2089 1568 2156 tenendam

387 2198 545 2282 superius
564 2199 754 2276 retulimus,
780 2205 816 2266 et
839 2219 883 2266 ex
903 2199 1001 2266 dictis
1022 2201 1177 2284 seqnitur
1202 2199 1295 2283 quod
1320 2197 1466 2282 parochi,
1495 2216 1568 2263 non

388 2323 539 2372 secusne
548 2305 605 2371 alii
615 2307 937 2374 sacerdotescuram
946 2309 1139 2374 animarum
1149 2325 1219 2374 non
1231 2307 1408 2382 babentes,
1423 2309 1570 2388 possunt

388 2413 539 2496 recipere
553 2412 762 2498 stipendium
775 2432 838 2499 pro
851 2415 973 2480 diebus
997 2415 1033 2480 in
1056 2415 1179 2500 quibus
1204 2432 1275 2480 non
1297 2416 1458 2478 tenentur
1477 2411 1566 2478 cele·

388 2521 488 2586 brare
500 2539 564 2605 pro
578 2521 716 2606 popule.

428 2630 462 2693 a·
475 2629 595 2706 Quoad
607 2629 807 2696 facultatem
819 2631 973 2696 relictam
986 2632 1207 2707 beneficiatis,
1222 2630 1370 2696 diximus
1380 2635 1492 2695 autea.

431 2737 461 2818 d)
476 2735 524 2801 lte
539 2735 655 2802 illicita
667 2739 926 2804 transmissione
942 2738 1101 2823 stipendii
1112 2739 1307 2814 missarum,
1324 2739 1503 2822 quaritur:
1516 2739 1570 2804 Au
1698 2739 1699 2759 ¹

390 2844 448 2928 qui
462 2862 525 2928 pro
539 2845 645 2910 missa
659 2846 888 2912 abundantius
903 2846 1110 2931 stipendium
1122 2846 1253 2930 accipit,
1268 2847 1378 2930 possit
1395 2847 1470 2929 ejus
1481 2845 1570 2912 cele-

390 2951 582 3017 brationem
596 2953 706 3029 alteri,
725 2956 821 3037 justo
844 2953 1014 3037 stipendio
1037 2953 1200 3028 exhibito,
1224 2954 1412 3020 concedere
1436 2959 1471 3019 et
1488 2954 1570 3020 resi·
1697 2985 1698 3003 π

390 3058 499 3124 duum
513 3057 578 3124 sibi
591 3063 791 3126 reservaret

430 3165 527 3232 Nori.
540 3167 757 3234 Manifestum
771 3170 928 3255 estquod
942 3171 1056 3235 missae
1078 3175 1223 3254 possunt
1243 3169 1332 3235 mitti
1359 3169 1570 3236 celebrandas
1696 3187 1697 3190 ’

390 3273 477 3350 aliis,
493 3273 628 3358 integro
640 3276 719 3343 dato
734 3278 914 3362 stipendio.
931 3277 1000 3344 lioc
1013 3277 1118 3344 modo
1125 3284 1268 3362 possent
1281 3279 1385 3344 etiam
1395 3279 1570 3344 transferri

392 3401 455 3465 pro
468 3383 852 3462 mercibus,'dummodo
866 3385 1202 3469 nulliusturpislucrr'
1212 3390 1274 3452 aut
1286 3391 1484 3452 mercatura²
1499 3404 1571 3452 sus
1695 3437 1696 3493 p

392 3489 481 3572 picio
494 3490 612 3580 baberi
625 3493 743 3575 possit.
760 3492 814 3559 Sic
828 3493 861 3558 S.
878 3493 998 3559 Poenit.
1016 3493 1202 3560 declaravit
1223 3496 1346 3560 nriseas
1374 3493 1446 3560 dari
1468 3512 1570 3578 posse

392 3597 469 3665 loco
483 3601 583 3684 pretii
596 3601 701 3667 debiti
712 3621 774 3687 pro
786 3603 904 3669 diario.

435 3709 467 3772 l·
484 3707 679 3774 Generatim
698 3710 875 3788 nonlicet,
898 3717 937 3775 ut
951 3715 1086 3777 constat
1102 3729 1146 3776 ex
1165 3712 1357 3776 innumeris
1379 3710 1573 3776 declaratio
1694 3691 1695 3737 l

393 3814 495 3880 nibus
506 3815 674 3892 Ecclesiae,
691 3819 867 3902 speciatim
884 3837 928 3884 ex
941 3818 1019 3883 Urb.
1039 3817 1106 3881 Vlll
1123 3823 1159 3882 et
1171 3816 1276 3883 Glem.
1291 3817 1347 3882 llll
1360 3817 1417 3902 qui
1430 3837 1572 3902 sequen·
1693 3875 1694 3882 ,

394 3927 465 3986 tem
479 3923 747 4007 propositionem
763 3925 994 3992 damnarunt:
1014 3949 1030 3981 e
1052 3924 1168 3990 Potest
1190 3925 1360 4001 sacerdos,
1380 3925 1435 3990 oui
1458 3925 1572 3990 misse

394 4027 606 4095 celebrandis
624 4030 816 4107 traduntur,
831 4049 893 4116 per
905 4031 1012 4096 alium
1026 4032 1232 4107 satisfacere,
1248 4031 1372 4098 collate
1386 4031 1435 4097 illi
1448 4031 1570 4098 minori
1692 4065 1693 4080 ³

395 4136 575 4220 stipendio,
587 4136 923 4223 aliapartestipendii
934 4141 996 4204 sibi
1011 4144 1156 4204 retenta.
1169 4138 1408 4216 »Bened.llIV,
1418 4140 1568 4204 inconst.

396 4243 535 4324 Quanto
547 4263 640 4320 crea,
657 4245 836 4312 declarat«
853 4247 965 4312 taliter
977 4253 1133 4331 agentes,
1149 4265 1220 4312 oon
1235 4247 1348 4312 solum
1362 4248 1405 4312 ab
1419 4247 1570 4312 avaritiae
1691 4259 1692 4282 ³

395 4351 586 4435 suspicione
596 4359 631 4418 et
642 4355 736 4431 vitio,
748 4373 870 4420 venrm
880 4357 984 4421 etiam
993 4375 1014 4422 a
1022 4356 1103 4422 furti
1115 4356 1257 4420 crimine
1270 4381 1285 4414 n
1295 4355 1388 4421 haud
1400 4355 1569 4420 immunes

395 4477 482 4524 esse.
497 4459 657 4540 Tandem,
673 4463 798 4530 relictis
814 4463 888 4530 aliie
905 4465 1201 4549 prohibitionibus,
1220 4465 1346 4530 suflicit
1359 4463 1569 4529 animadver-

395 4572 467 4632 tere
476 4569 606 4651 quodS.
620 4569 717 4636 Pont.
727 4591 838 4656 nuper
847 4591 1007 4656 regnans,
1019 4573 1098 4638 Pius
1109 4572 1163 4648 lx,
1173 4572 1448 4657 inconstrfpost.
1458 4571 1566 4646 Sedu,

394 4679 473 4760 post
488 4674 611 4743 Bened.
633 4677 714 4754 triv,
729 4679 764 4748 in
778 4685 886 4748 const.
905 4680 992 4752 Cum
1005 4699 1146 4769 semper,
1162 4679 1276 4748 sanxit
1287 4698 1424 4768 poenam
1438 4696 1567 4747 excom-
