3510 5574
577 607 665 652 urana
685 609 813 656 rubrius
834 607 1056 654 undaurnimat.
1349 590 1408 652 293

267 723 301 786 3⁰
313 724 458 790 Neaerae
472 727 526 790 est
544 729 582 789 ut
598 725 750 809 pretium
764 729 932 808 augeatur
946 725 1003 795 vel
1015 725 1201 799 minuatur,
1214 727 1318 808 prout
1331 743 1409 809 pao

228 836 303 896 tum
319 831 478 916 adjicitur
490 834 601 914 gratia
614 834 779 918 emptoris
793 833 850 898 uel
861 833 1069 910 venditoris3
1085 851 1167 898 nam
1187 851 1275 899 onus
1295 834 1360 899 boo
1375 838 1410 900 et

227 939 326 1004 lavor
342 943 394 1004 est
409 942 518 1024 pretio
537 940 748 1006 aestimabile.
771 941 837 1007 Sed
853 945 1020 1026 quantum
1034 941 1076 1006 de
1091 941 1201 1023 pretio
1216 941 1266 1005 rei
1290 941 1335 1004 sit
1352 941 1410 1006 de-

228 1042 444 1122 trabendum,
467 1043 604 1128 quando
625 1045 737 1129 paotio
758 1043 1057 1110 retrovenditionis
1075 1044 1166 1108 aedit
1191 1044 1227 1108 in
1254 1045 1409 1110 favorem
1529 1079 1530 1084 κ

227 1149 427 1227 venditoris,
444 1150 500 1216 vel
519 1152 728 1235 augendum,
750 1152 778 1216 si
799 1152 835 1216 in
856 1153 1002 1234 gratiam
1022 1151 1128 1216 solius
1144 1153 1319 1236 emptoris,
1338 1171 1409 1218 non

228 1259 439 1324 conveniunt
452 1260 532 1335 Dll.;
553 1260 645 1325 unde
664 1259 699 1324 id
714 1259 919 1344 relinquitur
936 1259 1114 1343 prudentis
1135 1259 1275 1325 arbitrio
1289 1259 1345 1325 vel
1355 1262 1409 1343 ju-

229 1365 311 1431 diois
329 1367 462 1444 oisseio;
486 1367 547 1432 sed
570 1367 709 1433 vitanda
729 1373 783 1432 est
797 1367 935 1452 palliata
949 1387 1064 1445 usura,
1088 1372 1127 1432 ut
1149 1369 1177 1432 si
1203 1369 1278 1454 quia
1303 1367 1410 1434 nollet

228 1479 388 1540 mutuum
403 1475 495 1554 dare,
514 1475 573 1541 sed
588 1495 663 1540 rem
677 1495 793 1541 emere
802 1494 882 1540 oum
897 1480 995 1559 paeto
1009 1477 1276 1542 retrovendendi
1290 1478 1373 1561 (oapi.
1388 1479 1409 1540 5

228 1583 332 1666 huJus
355 1583 466 1667 tituli).
495 1583 630 1650 Servari
651 1602 733 1665 ergo
760 1584 862 1648 debet
881 1585 1042 1668 utrinque
1062 1584 1206 1668 justitia.
1229 1584 1295 1651 Sed
1320 1602 1409 1669 quae-

228 1691 316 1755 ritur
332 1711 339 1754 :

267 1799 301 1864 4⁰
327 1799 380 1864 An
398 1800 512 1866 lioitus
536 1801 581 1864 sit
600 1805 795 1866 contractus
818 1801 1014 1866 Mobetrae?
1032 1801 1133 1885 Resp.
1158 1802 1189 1866 1⁰
1209 1801 1408 1866 Contractus
1519 1807 1521 1813 '

228 1907 284 1998 ille
306 1911 359 1973 est
377 1911 507 1992 speeies
526 1909 839 1986 retrovenditiouia‚
859 1927 927 1993 qua
953 1907 1028 1994 quis
1049 1909 1169 1973 vendit
1189 1927 1321 1974 meroes
1346 1927 1406 1974 eeu

228 2034 301 2080 rem
326 2034 462 2082 summo
478 2017 588 2100 pretio
601 2019 698 2100 justo
722 2017 867 2100 emptori
886 2017 930 2082 ad
953 2017 1131 2093 creditum,
1157 2023 1195 2082 ut
1223 2019 1337 2084 statim
1366 2013 1408 2084 ab

229 2123 351 2190 eodem
369 2129 523 2210 emptore
542 2130 731 2191 numeratae
745 2125 922 2208 indigente
937 2127 1103 2210 pecunia,
1121 2127 1261 2192 easdem
1275 2146 1408 2192 meroes

229 2237 320 2298 emat
332 2233 443 2317 pretio
457 2233 587 2310 intimo,
602 2233 715 2300 dando
728 2235 909 2318 pecuniam
923 2239 1151 2299 numeratam.
1174 2234 1274 2322 Resp.
1298 2237 1330 2300 2⁰
1349 2235 1408 2302 llio

227 2345 421 2407 oontraotus
435 2343 478 2408 ob
491 2341 666 2426 palliatam
678 2360 818 2434 usuram
834 2342 1016 2408 damnatus
1032 2347 1085 2406 est
1098 2344 1140 2408 ab
1163 2343 1277 2410 lnnoo.
1305 2343 1357 2422 xl,
1374 2349 1408 2410 et

228 2449 349 2514 merito
363 2450 485 2515 dieitur
499 2451 668 2516 latrocinii
681 2469 793 2534 genus
807 2451 958 2516 maxime
972 2449 1233 2516 exsecrandum.

267 2557 464 2640 silendam
489 2559 679 2624 venditioni
701 2558 801 2643 adiici
821 2561 936 2644 potest
953 2567 1132 2638 retractos,
1157 2578 1219 2624 seu
1238 2563 1297 2644 jus
1320 2561 1408 2626 redi-

226 2665 343 2738 mendi
361 2684 435 2731 rem
449 2666 638 2744 venditam,
656 2666 770 2732 oblato
786 2666 909 2732 eodem
934 2667 1054 2750 pretio.
1072 2666 1178 2734 Aliter
1191 2672 1333 2734 vocatur
1346 2669 1407 2750 jos

228 2771 370 2854 conparet
377 2787 438 2834 seu
440 2769 851 2856 perornatanerraarus
862 2770 975 2834 estvel
981 2771 1244 2836 conventionalia
1256 2791 1299 2836 ex
1307 2776 1406 2858 paeto

226 2877 385 2960 partium,
396 2876 454 2942 vel
468 2879 587 2966 tepolis
598 2883 668 2944 tam
674 2879 819 2963 scriptus
832 2897 935 2963 quam
947 2875 1273 2959 eonsuetudioorius,
1285 2884 1320 2944 et
1328 2897 1406 2945 oon·

225 2985 358 3050 oeditur
371 2985 472 3052 oertis
487 2987 644 3070 personis
661 2991 696 3052 et
708 2987 744 3050 in
759 2987 859 3052 oertis
874 2987 986 3054 nausis
1007 3007 1014 3050 :
1030 2986 1247 3052 siodominus
1259 2988 1406 3053 direotus

226 3112 287 3177 pro
302 3093 448 3159 emendo
458 3095 609 3160 dominio
619 3095 693 3160 utili
708 3095 900 3173 avassallo,
911 3095 1241 3181 oreditorprobonis
1256 3096 1404 3160 subbas-

227 3203 316 3280 tatis,
333 3204 484 3268 eobaeres
497 3221 558 3288 pro
573 3222 610 3268 re
626 3204 801 3268 communi
815 3204 948 3269 oaeteris
958 3205 1170 3288 emptoribus
1178 3205 1407 3288 praeferuntur

226 3313 349 3396 injure
364 3312 462 3378 Rom.
479 3312 517 3377 ln
533 3311 638 3377 Gallie
652 3313 735 3378 etin
752 3313 932 3379 Germania
942 3313 1142 3390 habebatur,
1157 3318 1232 3377 tum
1242 3322 1407 3378 retractus

226 3421 414 3505 pentilitius
427 3419 558 3504 (gallice
577 3423 699 3486 retrar't
719 3421 895 3506 liqnuper),
912 3421 947 3486 vi
970 3423 1069 3506 eujus
1083 3421 1308 3506 propinquior
1328 3439 1407 3488 oon·

227 3530 437 3611 sanguineus
447 3529 600 3612 legitime
618 3533 719 3594 natus
734 3547 809 3595 rem
823 3529 999 3596 venditam
1016 3530 1190 3596 retrahere
1204 3533 1349 3614 poterat,
1372 3535 1407 3596 et

226 3637 358 3702 oaeteris
382 3637 592 3722 emptoribus
612 3637 873 3723 praeferebatur;
898 3641 973 3702 tum
997 3645 1162 3702 retractos
1184 3638 1346 3720 feudalis,
1371 3639 1405 3703 vi

226 3748 325 3828 eujus
340 3745 500 3811 dominus
513 3744 658 3810 feudalis
670 3749 805 3830 poterat
817 3746 861 3812 ad
875 3764 912 3810 se
925 3764 1087 3813 revooare
1102 3748 1193 3811 bona
1206 3746 1249 3810 ab
1263 3747 1338 3828 ipso
1348 3747 1406 3811 de-

224 3857 419 3941 pendentia.
431 3856 500 3940 lllae
515 3857 619 3923 variae
634 3858 765 3942 speeies
779 3863 946 3925 retraotus
961 3877 1032 3926 non
1042 3859 1270 3925 admittuntur
1279 3858 1314 3922 in
1327 3875 1406 3923 nos-

226 3968 369 4050 trojure
383 3965 560 4032 hodierno.
696 3959 699 3964 ’

662 4083 683 4148 3
708 4125 845 4190 sacrm
865 4127 918 4190 ιιι.

248 4271 295 4326 De
309 4285 347 4326 re
360 4285 422 4326 eeu
436 4285 557 4335 meroe,
577 4272 726 4326 seeundo
742 4273 1147 4342 venditionis-emptionis
1162 4270 1382 4326 oomtttutivo

676 4354 818 4419 eiusque
834 4355 953 4420 prauo.

341 4516 360 4565 1.
379 4516 418 4568 lle
433 4523 464 4567 re
478 4525 530 4568 seu
544 4523 651 4578 meroe,
666 4525 730 4580 qua
745 4514 789 4568 est
802 4514 923 4568 materia
936 4511 1286 4579 venditionis-emptionis.

270 4639 464 4706 consensus
480 4641 755 4707 eontrabentium
766 4641 942 4719 babilium,
956 4642 999 4708 de
1014 4660 1082 4727 quo
1093 4640 1241 4706 diximus
1255 4639 1291 4704 in
1306 4655 1406 4720 supe-

228 4747 309 4814 riori
328 4749 490 4826 sectione,
505 4750 651 4815 habetur
672 4753 836 4836 tanquam
857 4751 968 4817 forma
985 4753 1180 4817 oontraotus
1205 4745 1404 4832 emptionis·
