3440 5568
433 564 494 630 888
890 581 942 630 tos
963 578 1143 630 88888888.

469 700 706 762 Restaurationis
733 713 824 760 onere
848 705 997 770 88818888,
1025 699 1173 762 bonorum
1198 699 1332 760 ecclesie
1347 700 1485 762 redditus
1504 704 1584 776 perci-

432 793 560 869 pientes,
576 791 693 868 grarari
706 789 815 850 debent
827 791 942 866 (Brict,
961 794 993 848 18
1007 807 1077 866 aug.
1093 795 1173 862 1781,
1187 791 1204 865 fi
1216 791 1254 862 8).

468 886 626 956 Propterea
646 881 782 953 inspecta
803 879 1003 953 dispositione
1026 879 1116 940 citata
1138 880 1256 940 concilii
1276 879 1450 952 Tridentini,
1464 881 1584 942 doctores

431 977 529 1032 certos
545 971 657 1046 gradus
672 969 873 1040 constituunt,
889 975 921 1030 ut
935 969 1049 1030 scilicet
1068 970 1152 1043 prius
1169 969 1303 1029 ecclesiae
1315 971 1476 1030 restaurari
1495 970 1586 1030 debeat

431 1077 467 1120 ex
491 1059 693 1135 peculiaribus
722 1057 889 1120 redditibus
915 1073 968 1132 pro
991 1057 1104 1118 labrlea
1125 1058 1282 1118 destinatis
1312 1059 1405 1134 (Nep,
1423 1059 1498 1120 lieet.
1515 1059 1584 1127 eccl,

430 1154 545 1226 maog.
563 1154 643 1222 lttlt,
657 1149 733 1223 git,
749 1153 780 1208 31
798 1153 962 1224 8881811,
977 1154 993 1217 8
1010 1147 1065 1222 18).

465 1243 517 1300 1118
532 1240 750 1310 deficientibus,
765 1237 938 1310 hujusmodi
954 1253 1034 1298 onus
1049 1239 1088 1297 iis
1103 1237 1245 1298 inhaereat
1258 1237 1322 1313 qui,
1336 1253 1375 1298 ex
1390 1238 1585 1298 constitutione

428 1329 600 1404 aliqua,vel
626 1333 749 1398 statuto,
779 1327 825 1385 val
846 1343 883 1386 ex
909 1328 999 1386 veteri
1030 1328 1239 1400 constantique
1266 1328 1497 1398 consuetudine,
1516 1327 1584 1386 adid

426 1427 567 1484 tenentur
581 1417 690 1493 (1888.)

461 1509 558 1572 'lertio
571 1509 647 1580 1888,
668 1507 806 1582 adigatur
825 1508 973 1581 parochus
987 1523 1024 1568 ex
1050 1507 1197 1568 fructibus
1211 1507 1263 1580 qul
1280 1507 1443 1580 parochiali
1458 1507 1586 1568 beneflcio

427 1605 601 1673 supersunt,
615 1599 779 1672 presertim
794 1599 821 1658 si
834 1598 967 1670 ejusdem
981 1599 1115 1658 ecclesie
1127 1599 1255 1673 pingues
1271 1599 1333 1658 siut
1346 1599 1482 1659 redditus
1498 1597 1585 1671 (1818,

425 1695 456 1748 et
468 1689 564 1750 erim.
576 1687 645 1748 ecci.
658 1703 738 1762 par,
754 1690 790 1746 24
805 1701 873 1746 nou.
893 1691 971 1758 itta,
986 1689 1003 1760 §
1016 1693 1052 1760 3).
1139 1679 1140 1686 '

461 1782 569 1838 Postea
581 1778 680 1838 ceteri
703 1791 809 1836 omues
828 1778 879 1852 qui
896 1777 927 1835 ln
951 1777 1112 1850 parochiali
1133 1778 1260 1837 ecclesia
1283 1777 1585 1853 beneticiapossidert

460 1955 586 2025 Quodsi
610 1954 757 2028 parochie
772 1953 877 2012 incola
899 1955 962 2014 sint
981 1969 1138 2028 pauperes,
1161 1961 1192 2013 et
1211 1956 1355 2029 pecunias
1368 1957 1584 2016 subministrare

424 2049 585 2116 nequeant,
600 2043 706 2104 saltem
718 2043 755 2100 ad
767 2043 921 2102 manuales
936 2058 1043 2115 operas
1054 2045 1085 2100 iu
1101 2043 1242 2104 l'abricam
1256 2045 1391 2104 ecclesia
1400 2047 1583 2106 conferendas

424 2133 547 2194 excitari
566 2134 676 2192 debent
689 2133 781 2207 (Nep,
794 2133 871 2194 lieet
885 2133 967 2202 rect,
983 2137 1013 2192 tt
1031 2149 1101 2207 aug.
1120 2138 1198 2202 tltt,
1214 2135 1231 2208 8
1245 2134 1300 2207 18).

459 2227 594 2283 1118888
614 2223 854 2290 restaurationis,
875 2221 1084 2282 deficientibus
1107 2222 1227 2281 fabrice
1247 2223 1429 2297 redditibus,
1451 2226 1583 2300 precipua

423 2313 549 2374 iuberet
562 2313 702 2388 parocho,
716 2319 780 2372 tum
793 2313 909 2372 ratione
921 2311 1087 2384 spiritualls
1102 2312 1247 2386 conjugii,
1262 2319 1326 2372 tum
1340 2314 1414 2387 quia
1428 2317 1542 2376 tructus
1555 2329 1583 2372 er

423 2403 551 2464 ecclesia
565 2403 691 2476 percipit
702 2402 794 2476 (Nep,
810 2403 887 2462 lieet.
904 2400 986 2472 eccl,
1002 2404 1035 2460 28
1051 2415 1121 2476 888.
1139 2405 1217 2472 titt,
1233 2403 1249 2476 5
1264 2407 1301 2468 3).

459 2496 489 2552 S.
504 2491 702 2567 congregatio
718 2493 819 2560 Cone,
843 2489 1018 2560 inlidere,
1036 2493 1067 2547 t5
1091 2497 1168 2564 sept.
1196 2493 1275 2566 1888
1291 2495 1324 2552 ie
1335 2494 1447 2567 88818,
1462 2499 1494 2554 tr
1520 2495 1581 2556 iebr.

422 2583 494 2640 1838
500 2600 509 2655 3
523 2581 556 2640 in
570 2580 717 2650 Nursina,
732 2585 766 2636 88
782 2585 858 2653 sept.
875 2583 1035 2650 1888818,
1049 2579 1162 2638 iudicat
1178 2581 1314 2640 ordinem
1329 2599 1391 2656 que
1404 2585 1482 2644 varii
1498 2591 1584 2642 tenen

422 2679 472 2730 tur
486 2671 522 2729 ad
538 2669 764 2730 edificationem
779 2669 824 2726 vel
850 2669 1065 2740 reparationem
1080 2669 1215 2728 ccclesiae
1231 2671 1410 2743 parochialis
1433 2673 1520 2748 (apud
1534 2670 1585 2729 Pal-

422 2761 531 2830 lattini,
547 2767 628 2818 toruo
639 2761 711 2828 Vlll,
725 2773 753 2830 p.
769 2762 843 2824 latr.

457 2849 669 2910 deficientibus
681 2847 816 2908 ecclesie
831 2847 997 2908 redditibus
1010 2847 1139 2922 aliisque
1154 2849 1261 2912 mediis
1276 2851 1450 2924 ordinariis,
1465 2852 1585 2926 induige-

422 2947 471 3000 tur
482 2939 643 3013 suspensio
657 2936 866 2996 celebrationis
880 2937 1042 2996 missurum
1055 2938 1092 2998 ad
1107 2937 1245 2998 ellectum
1259 2941 1424 3012 ampliandi
1440 2943 1583 3002 ecclesiam

422 3028 621 3102 parochialem
633 3026 830 3102 (18188888,
848 3029 972 3097 liuor,
992 3031 1078 3094 1881).

458 3121 603 3192 llxpensae
615 3115 830 3176 exstructionis
840 3115 1001 3174 coemetarii
1017 3115 1168 3188 pertinent
1177 3117 1326 3190 precipue
1336 3120 1373 3178 88
1386 3121 1584 3193 percelleres,

421 3209 490 3270 licet
503 3207 653 3280 parochus
667 3205 708 3263 sit
721 3205 806 3264 dlres
819 3205 868 3278 (18
881 3205 1028 3276 Firmino,
1047 3209 1078 3263 18
1092 3221 1161 3264 nov.
1177 3211 1268 3279 1837).

884 3412 913 3464 u.
931 3411 1134 3464 polementona.
1161 3397 1162 3402 ’

456 3567 603 3630 Ecclesiae
616 3572 764 3628 vetustate
784 3566 933 3638 collapsas
949 3563 1098 3638 profanari
1120 3565 1254 3624 deceruit
1267 3581 1387 3628 sacrum
1404 3584 1491 3632 conc.
1504 3559 1584 3637 lr'id,

422 3675 501 3720 sess.
515 3667 560 3730 81,
573 3675 638 3732 cap.
653 3663 681 3728 l,
696 3657 732 3718 de
744 3657 872 3730 Reform.
889 3655 973 3726 (Fir,
989 3654 1092 3727 Addit,
1109 3659 1141 3714 13
1155 3663 1241 3714 mart.
1256 3661 1334 3727 1188,
1348 3658 1416 3731 888

458 3748 578 3819 Quodsi
593 3747 805 3806 beneficiorum
820 3744 1049 3814 redditibusve
1059 3745 1176 3816 patroni
1191 3745 1236 3802 vel
1252 3745 1355 3818 populi
1370 3757 1496 3822 sumptu
1511 3763 1583 3822 rapa·

421 3840 480 3898 rari
497 3853 557 3897 nou
573 3838 690 3911 possint
704 3835 811 3910 (1888.)

456 3929 492 3986 Et
505 3927 534 3986 id
550 3925 683 3999 precedit
696 3926 785 3984 ctiam
794 3923 892 3997 quoad
904 3923 1049 3984 ecclesias
1062 3917 1228 3994 indecoras,
1244 3925 1271 3984 si
1284 3939 1345 3997 prae
1355 3927 1450 3989 nimia
1459 3930 1584 3988 omniurn

421 4015 533 4089 quibus
547 4029 626 4074 onus
646 4014 782 4074 imminet
795 4017 926 4088 egestate
948 4016 1099 4084 nequeant
1113 4011 1150 4070 ad
1169 4012 1335 4072 decentiam
1350 4015 1471 4076 restitui
1486 4016 1583 4090 (1888).

456 4105 510 4164 Ubi
519 4105 698 4178 reparationi
709 4103 901 4164 ecclesiarum
914 4115 1001 4174 pares
1009 4117 1068 4160 888
1078 4102 1277 4162 suntillaruru
1285 4104 1432 4176 redditus,
1442 4105 1584 4168 demolitio

421 4194 602 4267 permittitur
614 4194 708 4266 (188,
724 4194 805 4251 Deru.
819 4207 862 4252 er.
879 4191 1039 4250 81188881.
1056 4191 1145 4261 888,
1162 4197 1195 4249 27
1211 4207 1282 4266 aug.
1298 4195 1461 4268 188885).

456 4287 518 4342 luro
537 4282 575 4340 ob
603 4295 708 4358 graves
735 4281 867 4340 rationes
894 4280 1082 4340 demolienda
1104 4288 1151 4340 est
1184 4281 1312 4342 ecclesia
1338 4283 1429 4344 allatu
1457 4286 1585 4346 decenter

421 4377 574 4432 exstructa
586 4369 686 4452 (1818,
700 4370 717 4444 fi
730 4373 770 4441 8).

456 4461 486 4522 81
512 4461 676 4527 restaurari
696 4466 856 4533 nequeant,
883 4459 1017 4520 ecclesiae
1039 4461 1232 4532 proterenda
1255 4466 1337 4532 8881,
1353 4477 1416 4520 888
1441 4467 1539 4522 tamm
1553 4459 1582 4518 ad

421 4565 497 4612 usus
510 4549 648 4611 sordidos
661 4551 751 4623 (Ter,
769 4553 802 4608 tl
815 4564 878 4624 apr.
892 4553 973 4620 (181,
987 4549 1004 4622 §
1018 4551 1060 4624 a),
1079 4589 1082 4595 .

456 4640 659 4700 tlttransterri
682 4639 791 4701 debent
814 4638 1005 4701 fundationes
1029 4638 1063 4696 ad
1083 4639 1235 4698 matricem
1260 4639 1323 4698 sive
1347 4640 1423 4702 alias
1450 4640 1583 4700 ccclesias

421 4731 590 4801 viciniores,
603 4729 726 4789 arbitrie
738 4728 871 4802 episcopi
886 4727 994 4802 (1888),
