3504 5572
579 613 667 658 creon
688 615 815 662 rennos
834 617 1056 662 oseaarrmuu.
1353 603 1409 666 361

228 730 344 806 altera,
356 730 479 806 clerici,
494 730 626 795 ratione
634 732 762 811 gradus
770 733 824 796 sui
833 737 868 796 et
881 732 1071 798 seeundum
1081 733 1283 811 decentiam,
1298 735 1412 800 dicun·

229 843 284 903 tur
296 844 410 921 patres
432 841 467 902 et
488 841 620 902 tutores
641 857 848 922 pauperum;
877 841 947 904 imo
971 841 1205 924 propriissime
1218 841 1253 906 id
1268 843 1412 924 intelligi

230 945 342 1021 debet,
359 963 428 1012 uon
443 945 485 1014 de
501 946 662 1010 omnibus
676 947 898 1024 beneficiatis,
915 949 976 1013 sed
996 948 1038 1013 de
1054 948 1121 1013 illis
1137 951 1196 1032 qui
1210 967 1327 1015 curam
1342 952 1413 1016 ani-

229 1073 363 1120 marum
376 1055 514 1120 babent.
528 1054 644 1130 Porro,
661 1054 689 1118 si
700 1073 743 1118 ex
756 1055 822 1120 hoc
836 1055 935 1121 titulo
945 1057 1060 1139 gravis
1075 1057 1222 1122 oriretur
1235 1057 1410 1140 obligatio,

229 1161 340 1227 clerici
356 1162 459 1227 etiam
473 1163 565 1228 bona
579 1161 830 1246 patrimonialia
841 1167 1043 1228 tenerentur
1056 1165 1092 1229 in
1106 1183 1190 1230 usus
1202 1165 1278 1249 pios
1289 1185 1414 1249 expen-

231 1270 321 1348 dere,
338 1270 429 1354 qucd
445 1275 498 1334 est
511 1269 648 1334 falsum.

268 1378 440 1454 d⁰Quarta
456 1379 627 1443 sententia
641 1378 741 1444 docet
753 1379 999 1460 obligationem
1018 1380 1112 1445 illam
1135 1383 1243 1464 repeti
1266 1402 1309 1446 ex
1331 1401 1415 1465 prae·

230 1493 329 1572 cepto
354 1487 502 1571 positivo
528 1485 699 1564 Ecclesiae,
729 1489 801 1553 sive
829 1488 922 1565 solo,
948 1491 1049 1572 Juxta
1076 1490 1215 1555 doctum
1243 1491 1412 1568 Loesium,

232 1596 543 1679 Schmalzgrueber,
559 1597 685 1662 Bened.
702 1598 773 1661 lllV
787 1599 840 1681 (dc
854 1599 954 1682 Syn„
969 1598 1035 1675 Vll,
1053 1600 1082 1674 9,
1104 1599 1134 1678 l,
1152 1600 1241 1680 etc),
1260 1601 1331 1665 sive
1346 1621 1416 1666 una

232 1727 311 1774 cum
325 1707 402 1789 lege
421 1704 606 1781 charitatis,
624 1707 725 1787 juxta
744 1705 840 1771 alios.
857 1706 1070 1789 Praeceptum
1085 1705 1241 1772 Ecclesia
1257 1727 1301 1772 ex
1318 1709 1416 1773 innu-

233 1817 336 1880 meris
359 1814 546 1879 canonibus
569 1818 603 1877 et
621 1813 765 1879 decretis
787 1815 981 1880 innotescit.
997 1815 1094 1880 Ratio
1114 1816 1218 1899 hujus
1236 1818 1415 1881 sententiae

233 1929 296 2002 est,
310 1925 389 2009 quia
399 1923 573 2006 obligatio,
584 1926 684 2006 juxta
696 1941 829 2000 omnes,
841 1929 894 1989 est
905 1930 1007 1998 certa,
1017 1925 1086 1990 imo
1095 1925 1199 1989 etiam
1205 1925 1247 1990 ab
1256 1927 1416 1990 omnibus

232 2033 429 2116 agnoscitur
441 2035 480 2095 ut
493 2031 624 2112 gravis3
640 2049 742 2114 porro
764 2049 835 2096 non
855 2036 997 2117 apparet
1019 2051 1062 2096 ex
1077 2050 1145 2117 quo
1161 2031 1227 2097 alio
1241 2033 1351 2116 capite
1366 2034 1417 2097 in-

233 2143 334 2207 ducta
362 2144 464 2206 esset.
486 2139 722 2205 Fundamenta
749 2145 785 2204 et
812 2143 964 2206 rationes
993 2141 1137 2206 aliarum
1167 2141 1416 2206 sententiarum

233 2249 446 2316 constituunt
456 2249 626 2314 motivum
641 2249 888 2332 propterquod
903 2249 1051 2313 Ecclesia
1065 2249 1154 2314 hauc
1169 2248 1415 2331 obligationem

234 2359 393 2443 imponit;
406 2356 466 2421 sed
478 2355 611 2422 secluso
621 2357 716 2420 omni
730 2361 902 2440 praecepto
917 2356 1065 2440 positivo
1077 2355 1245 2432 Ecclesia,
1257 2357 1314 2422 alii
1328 2356 1415 2421 tituli

236 2485 306 2534 non
319 2471 461 2550 possent
472 2465 681 2530 constituere
694 2464 940 2546 obligationem
955 2465 1018 2528 sub
1031 2464 1178 2530 mortali.
1192 2465 1300 2546 Igitur
1308 2465 1417 2529 Eccle-

234 2577 284 2640 sia
304 2593 425 2660 reapse
444 2573 613 2640 concessit
635 2573 825 2638 dominium
847 2573 1044 2637 reddituum
1066 2573 1327 2649 beneficialiurm
1346 2592 1416 2636 non

233 2683 371 2767 quidem
395 2681 642 2760 conditionate,
666 2687 883 2746 tamencum
907 2680 1115 2762 obligatione
1140 2680 1305 2762 erogandi
1325 2682 1416 2746 bona

232 2791 405 2876 superllua
418 2793 454 2855 in
468 2809 552 2855 usus
566 2791 652 2874 pios.

545 2986 574 3034 Ιῖ.
593 2985 630 3034 Ex
644 2981 727 3035 dictis
742 2982 825 3048 plura
839 2981 989 3035 solvuntur
1003 2981 1099 3035 dubia.

273 3121 303 3183 l⁰
319 3119 469 3184 Primum
494 3123 547 3182 est
566 3119 658 3202 quod
672 3118 865 3206 beneficiati
880 3117 1115 3200 expendentes
1128 3117 1283 3182 redditus
1299 3136 1416 3201 super-

233 3231 320 3294 lluos
338 3228 373 3292 iu
398 3245 482 3291 usus
504 3227 666 3310 profanos
690 3244 760 3289 non
781 3226 936 3307 rigorose
956 3229 1158 3290 tenerentur
1172 3225 1214 3290 ad
1230 3226 1417 3290 restitutio·

233 3356 324 3413 uem,
338 3338 439 3419 Juxta
452 3334 726 3399 communiorem
744 3334 962 3409 sententiam,
978 3333 1033 3397 cui
1048 3338 1164 3399 tamen
1178 3333 1416 3404 contradicunt

233 3443 329 3508 multi
345 3443 404 3507 ΤΤ.
422 3441 521 3506 etoc.
536 3441 721 3525 Utramque
733 3440 939 3506 sententiam
954 3441 1031 3504 fuse
1043 3442 1206 3524 expendit
1217 3442 1249 3506 S.
1262 3442 1417 3523 ligorius

232 3551 358 3636 (Theoi.
370 3569 468 3627 mon,
484 3550 506 3612 l.
523 3549 577 3626 111,
592 3569 626 3613 n.
646 3549 728 3632 199).

272 3663 305 3726 2⁰
328 3659 523 3726 Secundum
550 3663 603 3723 est
626 3659 717 3743 quod
744 3659 953 3742 pensionarii
982 3677 1025 3722 ex
1053 3660 1152 3723 bonis
1181 3659 1418 3723 ecclesiasticis

234 3771 337 3836 etiarn
350 3773 560 3842 tenerentur,
575 3771 675 3850 juxta
688 3766 815 3848 plures,
832 3767 1005 3850 superflua
1021 3785 1163 3848 erogare
1177 3767 1213 3831 in
1229 3785 1312 3831 usus
1329 3768 1415 3850 pios,

234 3878 313 3962 quia
325 3877 486 3958 obligatio
500 3881 553 3940 est
567 3876 704 3956 alligata
718 3875 906 3940 universim
921 3875 1111 3940 redditibus
1124 3875 1282 3940 beneficii
1293 3895 1337 3940 ex
1348 3876 1418 3959 qui-

175 3999 179 4008 “
233 3988 297 4050 bus
321 3987 472 4051 detracta
493 3989 545 4048 est
560 3985 691 4067 pensio.
710 3983 827 4048 Plures
844 3991 960 4050 tamen
982 4003 1052 4049 non
1072 3984 1341 4068 improbabiliter
1361 4006 1418 4051 ne-

233 4101 327 4177 gant,
345 4095 424 4178 quia
446 4099 655 4177 praeceptum
676 4093 863 4176 positivum
884 4093 1041 4158 Ecclesiae
1060 4091 1263 4174 intelligitur
1284 4099 1418 4160 tautum

235 4203 277 4268 de
292 4203 481 4268 redditibus
495 4199 752 4266 beneficialibus
767 4201 881 4266 stricte
896 4203 1052 4284 sumptis.

275 4311 341 4376 Sed
355 4310 546 4376 nomndum
560 4314 612 4374 est
626 4309 718 4394 quod
731 4311 851 4394 pensio
869 4328 944 4394 quae
960 4310 1051 4393 apud
1066 4327 1130 4375 nos
1140 4327 1161 4374 a
1172 4310 1341 4391 gubernio
1353 4311 1417 4376 sol-

234 4419 326 4484 vitur
340 4419 585 4494 sacerdotibus,
595 4417 699 4482 habet
710 4418 880 4483 rationem
891 4418 1022 4482 tructus
1034 4416 1253 4494 beneficialis,
1264 4437 1325 4483 seu
1338 4420 1417 4483 sub-

232 4530 324 4610 jacet
337 4527 406 4608 legi
421 4527 668 4602 ecclesiasticae,
681 4545 805 4611 nempe
821 4527 1020 4609 obligationi
1037 4526 1254 4610 expendendi
1263 4527 1417 4592 redditus

237 4635 427 4718 superfluos
442 4636 477 4700 in
494 4655 576 4700 usus
590 4636 676 4718 pios.
697 4634 746 4700 lta
759 4635 886 4719 pluries
903 4635 935 4699 S.
957 4635 1137 4699 Poenitent.
1164 4635 1213 4718 (19
1232 4638 1303 4718 jun.
1326 4635 1415 4711 1819,

240 4744 275 4807 19
291 4761 369 4825 aug.
388 4744 492 4827 1891).Ὶ
506 4745 748 4810 Verumtamen
762 4745 954 4826 generatim
968 4745 1041 4810 haec
1056 4744 1176 4827 pensio
1193 4749 1246 4810 cst
1268 4743 1354 4826 adeo
1371 4749 1417 4810 te·
