3488 5564
502 632 589 678 arsen
612 633 763 679 sscuncus
786 633 1004 678 nrcaaracruu.
1301 617 1340 678 37

171 753 197 815 {⁰
209 752 248 816 dc
264 751 369 816 libelli
384 751 565 826 oblatione,
581 755 615 816 et
627 752 659 814 2⁰
674 752 715 816 de
730 753 889 817 citatione
904 773 911 815 :
927 751 1039 817 solent
1048 754 1141 817 enirn
1155 752 1340 818 canonista

168 861 223 926 bas
237 859 323 925 duas
337 859 488 924 actiones
502 862 723 942 conjungere,
743 863 777 924 et
788 861 824 924 in
835 861 900 925 hoc
914 860 1012 925 titulo
1028 859 1179 926 definire.

504 1111 521 1184 fi
540 1114 561 1168 l.
582 1111 623 1169 lle
642 1112 709 1184 ipso
727 1111 876 1170 oblatione
896 1111 997 1170 libelli.

203 1303 232 1384 u)
250 1301 344 1382 Quid
371 1311 404 1365 et
432 1302 616 1386 quotuplex
640 1301 795 1366 libellus?
821 1302 967 1367 Libellus
983 1307 1035 1368 est
1049 1303 1161 1368 brevis
1177 1305 1343 1388 scriptura

166 1409 286 1474 claram
301 1409 427 1473 actoris
443 1410 644 1492 petitionem
659 1415 845 1474 etecusam
867 1411 1057 1474 continens.
1082 1412 1141 1476 llio
1159 1411 1293 1477 libellus
1306 1414 1341 1477 in

165 1533 263 1580 causa
287 1515 380 1580 civili
396 1516 518 1580 dicitur
531 1515 650 1594 civilis,
678 1535 740 1581 seu
754 1517 1042 1594 conventionalia
1069 1518 1104 1580 in
1118 1537 1221 1583 causa
1232 1519 1342 1582 crimi-

167 1623 240 1700 nali,
267 1623 393 1688 dicitur
415 1623 600 1688 criminalis
624 1643 685 1688 seu
706 1625 982 1710 querimonialis.
1009 1625 1148 1702 Deinde,
1166 1645 1210 1690 ex
1237 1626 1340 1691 modo

165 1732 431 1814 compositionis,
457 1731 591 1796 libellus
612 1738 664 1796 cst
680 1733 783 1797 etiam
798 1732 924 1816 duplex
941 1754 947 1796 :
964 1734 1169 1798 summarius
1187 1751 1248 1798 seu
1263 1733 1342 1798 sim-

165 1838 248 1920 plex,
264 1841 299 1904 in
313 1859 383 1924 quo
399 1841 597 1904 summatim
609 1859 712 1905 causa
724 1841 943 1924 proponitur;
968 1841 1164 1906 articulatus
1178 1860 1239 1906 seu
1253 1843 1342 1926 posi·
1382 1903 1385 1908 .

165 1947 309 2024 tionalis,
327 1948 363 2012 in
390 1967 458 2033 quc
484 1950 610 2014 merita
634 1968 745 2014 oausae
766 1968 828 2034 per
848 1949 1009 2014 articulos
1025 1949 1202 2015 distinctos
1217 1953 1340 2016 etfuse

164 2061 411 2138 proponuntur.

202 2164 229 2246 d]
244 2165 336 2246 Quot
342 2167 499 2250 partibus
519 2173 647 2230 coarctet
661 2167 812 2230 libellus?
838 2164 983 2230 libellus
997 2171 1132 2232 constat
1145 2167 1253 2232 tribus
1267 2187 1340 2252 par-

167 2273 251 2337 tibus
268 2295 276 2336 :
295 2276 491 2340 narratione
505 2276 595 2352 iacti,
610 2275 723 2340 medio
736 2275 961 2340 concludendi
976 2279 1010 2339 et
1023 2275 1097 2358 ipsa
1110 2275 1338 2342 conclusione.

166 2383 193 2442 l⁰
209 2381 244 2445 ln
262 2383 459 2447 narratione
474 2384 564 2458 facti,
583 2384 844 2466 exprimendum
859 2387 1048 2447 estnomen
1061 2383 1196 2462 judicis,
1214 2403 1341 2476 nomen

166 2491 340 2574 proprium
354 2491 477 2555 actoris
491 2495 525 2554 et
539 2492 599 2567 rei,
618 2496 650 2554 et
666 2491 812 2574 denique
828 2492 975 2554 refertur
989 2491 1116 2554 lactum
1131 2509 1210 2554 cum
1225 2508 1341 2554 neces-

166 2598 257 2662 sariis
273 2597 549 2662 circumstantiis.
567 2597 744 2675 Praeterea,
761 2598 796 2660 in
820 2617 922 2662 causa
941 2597 1031 2661 civili
1046 2598 1246 2681 exprimitur
1260 2598 1340 2682 quid

165 2709 197 2768 at
211 2709 381 2789 quantum
394 2707 540 2788 petatur,
557 2706 593 2768 in
607 2706 771 2770 criminali
794 2706 985 2769 indicantur
999 2705 1260 2770 circumstantiae
1275 2705 1340 2770 loci
1439 2718 1442 2726 ’

165 2817 196 2876 et
209 2815 385 2896 temporis.

201 2921 232 2984 2⁰
246 2920 397 2985 Medium
420 2920 644 2986 concludendi
664 2925 716 2986 est
738 2904 841 2986 eausa
856 2921 1012 3005 proxima
1034 2921 1090 2985 vel
1111 2927 1254 2998 remota,
1279 2939 1340 2984 seu

166 3029 246 3093 ratic
276 3028 425 3111 petendi,
453 3049 587 3113 nempe,
609 3033 667 3111 jus
689 3029 729 3094 de
752 3048 819 3112 quo
840 3029 962 3110 agitur,
981 3028 1072 3112 quod
1086 3028 1163 3092 idco
1178 3028 1213 3091 in
1226 3027 1340 3092 libello

166 3137 308 3220 exprimi
323 3135 434 3211 debet,
453 3143 490 3201 ut
506 3155 586 3201 reus
601 3156 718 3202 secum
729 3136 921 3202 consultare
935 3136 1045 3219 possit
1059 3141 1174 3199 utrum
1187 3155 1230 3199 ex
1240 3155 1343 3201 causa

166 3243 310 3328 allegata
325 3247 452 3329 aliquid
466 3247 571 3311 actori
590 3245 722 3332 debeat,
749 3265 792 3310 an
816 3245 937 3309 cedere
952 3245 1008 3309 vel
1022 3244 1155 3326 litigare
1171 3243 1338 3328 expediat.

201 3355 233 3416 3⁰
250 3353 430 3418 Conclusio
451 3352 555 3418 libelli
581 3359 633 3417 cst
654 3355 772 3438 petitio
788 3353 910 3418 actoris
925 3371 992 3436 qua
1011 3352 1165 3433 suggerit
1182 3351 1288 3434 judici
1309 3356 1343 3414 et

167 3479 233 3537 reo,
248 3460 343 3544 quid,
358 3461 457 3545 quale
468 3466 503 3527 et
516 3465 681 3545 quantum
690 3459 745 3526 ille
757 3462 862 3526 actori
871 3459 1076 3542 adjudicare,
1087 3458 1142 3523 hic
1161 3477 1241 3522 vero
1259 3477 1342 3542 prae-

167 3573 253 3635 stare
269 3573 435 3634 teneatur.

203 3675 233 3740 4⁰
253 3675 414 3760 Sequitur
427 3677 518 3761 quod
532 3677 744 3742 conditiones
756 3675 860 3740 libelli
876 3681 956 3741 sunt
971 3681 1154 3762 sequentes
1172 3695 1178 3738 :
1195 3674 1341 3740 libellus

168 3783 267 3850 debet
289 3765 467 3867 inscriptis
481 3785 614 3860 afferri;
637 3803 711 3850 esse
725 3785 848 3860 brevis,
862 3784 975 3848 'clarus
991 3789 1025 3848 et
1037 3783 1251 3868 perspicuum
1269 3787 1342 3847 tan·

169 3890 242 3958 dem
257 3893 432 3956 ordinatus
443 3893 498 3956 vel
513 3892 696 3976 dispositus
704 3891 966 3975 juxtaordinem
980 3892 1128 3974 partium
1143 3909 1245 3975 supra
1261 3909 1341 3953 cnu-

168 4007 383 4065 meratarum'.
401 4000 447 4064 De
463 3999 516 4064 his
531 4001 781 4065 conditionibus
795 4000 870 4064 susc
895 4000 1069 4082 disputant
1093 3997 1163 4074 GC,
1189 4003 1223 4062 et
1250 4017 1341 4080 quaa-

170 4113 247 4172 runt
268 4107 486 4193 quandonam
505 4107 638 4172 libellus
660 4091 704 4172 sit
722 4108 865 4172 vitiosus
890 4108 961 4170 sive
985 4104 1246 4182 accidentaliter,
1269 4105 1340 4168 sive

171 4217 436 4282 substantialiter
457 4236 500 4280 ex
523 4217 657 4281 delectu
687 4216 1154 4288 debitarum-conditionum
1185 4213 1244 4277 sed
1270 4214 1342 4279 brec

170 4325 280 4390 brevis
295 4325 507 4391 enumeratio
521 4324 602 4391 satis
618 4331 696 4408 apta
708 4329 761 4390 est
775 4325 817 4390 ad
835 4325 1029 4389 distinctam
1044 4321 1241 4408 quaestionis
1255 4323 1343 4388 noti-

171 4434 249 4498 tiam
263 4419 491 4518 praebendam.

208 4544 233 4622 ε)
247 4542 302 4608 Au
315 4541 439 4606 oblatio
462 4541 566 4607 libelli
577 4543 622 4606 slt
634 4541 675 4606 de
690 4542 880 4607 atclstuutlc
897 4539 1047 4622 judicii?
1069 4539 1169 4623 Resp.
1195 4540 1342 4604 affirma-

173 4650 251 4726 tive,
273 4649 463 4734 praesertim
486 4650 622 4734 quando
638 4649 805 4734 judicium
825 4655 877 4714 est
898 4649 1089 4733 plenarium
1111 4667 1118 4710 :
1142 4651 1276 4712 constat
1300 4665 1343 4711 ex

173 4761 312 4841 utroque
324 4759 413 4840 jure,
430 4758 604 4840 speciatim
621 4777 693 4842 cap.
714 4759 728 4820 l
749 4757 851 4840 huJus
865 4756 963 4822 tituli.
983 4755 1140 4822 Attamen
1159 4755 1193 4818 in
1214 4753 1341 4838 judicic
