3510 5574
559 593 647 642 num
669 592 798 642 rannus
818 593 1041 645 ercanranuu.
1330 577 1387 645 aar

212 712 371 794 lateralis,
399 715 479 798 quia
503 715 637 799 utrique
658 716 933 781 contrahentium
955 715 1201 797 obligationem
1222 717 1387 799 imponit:

214 821 358 904 emptori
372 820 415 887 ad
430 820 635 887 tradendum
649 823 809 906 pretium,
825 821 996 888 venditori
1017 823 1061 889 ad
1082 823 1284 890 tradendam
1301 842 1390 890 mer-

212 929 485 995 cemvenditam.
728 981 730 994 .

251 1037 284 1101 3⁰
297 1035 344 1100 lix
364 1037 428 1103 hac
446 1037 644 1103 delinitione
665 1041 761 1121 patet
780 1037 846 1104 tria
868 1056 944 1104 esse
968 1039 1205 1106 substantialia
1226 1041 1391 1126 requisita

211 1143 315 1228 hujus
329 1149 535 1223 contractus,
550 1144 678 1212 scilicet
690 1153 849 1210 mutuum
859 1165 1066 1224 consensum,
1079 1167 1151 1212 rem
1162 1165 1223 1214 seu
1233 1167 1387 1228 mercem,

213 1259 248 1320 et
259 1255 410 1340 pretium
429 1272 490 1320 seu
505 1257 700 1340 pecuniam.
717 1254 864 1320 Traditio
877 1273 960 1322 vero
977 1257 1101 1322 mercis
1117 1261 1152 1322 et
1171 1257 1272 1342 pretii
1289 1259 1390 1340 perti-

211 1367 271 1426 net
285 1361 398 1428 solum
410 1363 455 1430 ad
467 1363 701 1448 integritatem
716 1367 751 1429 et
765 1362 1057 1446 complementum
1076 1365 1391 1449 emptionis-vendi-
1498 1357 1499 1365 '

212 1470 325 1536 tionis.

721 1566 753 1616 ll.
770 1565 886 1619 Divisio.

253 1691 284 1754 l⁰
296 1689 453 1756 Venditio
468 1688 631 1755 dividitur
644 1689 681 1754 in
693 1693 934 1758 oeconomicam
950 1697 985 1758 et
995 1693 1270 1776 nepottatortam.
1290 1690 1392 1757 OEco-

212 1799 358 1876 uomica,
371 1819 433 1864 seu
447 1798 612 1866 naturalis
625 1805 685 1864 aut
696 1803 900 1878 necessaria,
913 1807 966 1867 est
981 1819 1049 1886 qua
1059 1801 1302 1886 paterfamilias
1312 1820 1392 1867 ven-

213 1907 262 1972 dit
279 1926 342 1974 sua
362 1908 536 1992 superflua
556 1912 595 1972 ut
615 1907 659 1972 ad
674 1927 773 1974 suam
790 1928 930 1994 suaeque
953 1909 1090 1976 familiae
1106 1909 1392 1975 sustentationem
1427 1919 1431 1926 '

213 2017 404 2083 necessaria
423 2023 525 2083 emat.
545 2017 775 2100 Negotiatoria
797 2037 859 2084 seu
881 2019 1077 2096 artificialis,
1095 2039 1164 2104 qua
1182 2020 1258 2103 quis
1279 2006 1392 2102 aliqua

212 2125 295 2189 emit
304 2129 343 2190 ut
350 2124 408 2191 illa
419 2127 530 2191 carius
540 2126 685 2192 vendat:
697 2127 754 2192 vel
768 2131 845 2192 actu
856 2127 1071 2193 immutando
1088 2127 1248 2211 speciem,
1269 2131 1305 2191 et
1316 2126 1390 2192 haec

212 2235 321 2316 magis
339 2235 474 2320 proprie
490 2236 614 2302 dicitur
628 2237 828 2315 artificialis;
844 2237 901 2303 vel
914 2239 987 2304 sine
1003 2239 1205 2315 mutatione,
1222 2255 1291 2322 quo
1306 2253 1387 2302 casu

213 2347 265 2406 est
278 2343 427 2408 strictius
440 2344 678 2426 negotiatoria.
1054 2407 1057 2414 ,

251 2450 284 2514 2⁹
295 2449 463 2516 Dividitur
472 2451 509 2515 in
522 2469 686 2536 eamquae
699 2453 739 2516 iit
751 2452 800 2517 ad
812 2470 931 2537 corpus
943 2458 978 2518 et
989 2451 1083 2518 illam
1097 2471 1172 2536 quae
1187 2453 1226 2516 flt
1241 2451 1290 2516 od
1300 2469 1391 2516 men-

212 2579 339 2624 surem.
354 2562 383 2624 1.
401 2560 557 2626 venditio
572 2561 616 2627 ad
631 2579 766 2645 corpus,
783 2581 845 2628 seu
866 2583 928 2648 per
945 2563 1172 2639 aversionem,
1188 2567 1241 2626 est
1255 2561 1390 2646 quando

211 2667 328 2752 plures
347 2670 477 2754 species
498 2689 560 2736 seu
582 2671 758 2736 individua
775 2690 837 2755 per
854 2672 998 2736 modum
1010 2671 1061 2736 rei
1077 2671 1178 2736 unius
1194 2689 1255 2736 seu
1269 2669 1389 2736 indivi-

213 2777 299 2856 duae,
319 2779 393 2844 sine
412 2780 559 2857 numeri,
573 2780 735 2864 ponderis
755 2786 789 2845 et
803 2799 974 2846 mensurae
995 2779 1227 2864 expressione,
1245 2784 1284 2842 ut
1297 2784 1390 2844 totus

213 2905 355 2952 acervus
368 2887 479 2964 tritici,
495 2889 703 2960 venduntur.
720 2887 848 2953 Dicitur
861 2889 904 2953 ad
918 2906 1053 2971 corpus,
1070 2887 1150 2972 quia
1163 2905 1234 2952 non
1247 2888 1390 2970 singulae

138 2980 141 2988 ’
211 3000 336 3077 partes,
354 2995 415 3061 sed
430 3001 542 3062 totum
556 3015 680 3080 corpus
695 2997 903 3080 expertibus
919 2997 1105 3061 conflatum
1119 2997 1290 3060 venditur.
1306 2997 1391 3060 Dici-

213 3109 268 3166 tur
280 3122 342 3187 per
355 3105 582 3182 aversionem,
600 3105 680 3188 quia
700 3109 835 3186 emptor
849 3109 884 3170 et
897 3104 1057 3170 venditor
1077 3103 1173 3188 quasi
1188 3108 1392 3168 avertuntur

212 3230 232 3275 a
252 3211 409 3276 distincta
428 3211 700 3278 consideratione
722 3213 880 3296 partium.
897 3213 927 3278 l.
945 3211 1100 3276 Venditio
1126 3197 1169 3276 ad
1192 3229 1390 3276 mensuram

213 3339 274 3384 seu
289 3319 514 3403 quantitatem
527 3321 682 3396 hahetur,
700 3320 836 3404 quando
850 3319 1011 3385 venditur
1025 3325 1118 3384 certa
1129 3319 1301 3402 quantitas
1315 3337 1391 3401 spc-

212 3427 401 3504 ciarum,ut
410 3427 563 3494 tradatur
571 3447 633 3511 per
642 3429 928 3504 numerationem,
940 3427 1234 3522 mensurationem
1245 3427 1391 3510 velpon·

213 3535 439 3612 derationem,
455 3540 494 3600 ut
511 3555 544 3600 v.
565 3551 599 3618 g.
616 3535 736 3601 decem
759 3554 842 3600 oves
866 3535 902 3599 in
925 3553 1041 3616 grege.
1060 3535 1098 3598 ln
1126 3535 1322 3600 venditione
1347 3535 1390 3599 ad

212 3659 335 3726 corpus
352 3660 454 3707 omne
474 3642 665 3726 periculum
687 3643 854 3708 avertitur
874 3642 917 3708 ad
935 3647 1138 3726 emptorem,
1154 3642 1203 3708 ita
1219 3647 1269 3720 ut,
1292 3643 1320 3706 si
1334 3661 1389 3707 res

213 3755 327 3835 empta
346 3751 404 3818 vel
426 3770 470 3818 ex
493 3756 576 3828 toto,
596 3750 653 3818 vel
670 3769 713 3816 ex
732 3756 828 3834 parte
849 3755 978 3834 pereat,
993 3751 1139 3835 emptori
1158 3755 1290 3834 pereat,
1308 3751 1390 3815 dum

211 3860 246 3922 in
265 3859 467 3926 ⁴venditione
490 3859 533 3924 ad
552 3877 768 3936 mensuram,
785 3860 814 3924 ai
831 3878 888 3925 res
911 3859 1051 3924 vendita
1072 3863 1204 3942 pereat,
1220 3859 1389 3924 venditori

211 3968 309 4050 perit.
325 3967 377 4034 Ita
391 3969 495 4034 etiam
505 3972 564 4053 jus
579 3967 660 4034 Gall.
679 3967 769 4050 (God.
786 3969 864 4045 civ.,
879 3975 942 4034 art.
959 3969 1049 4045 1505,
1064 3967 1166 4051 1516.)

251 4077 282 4140 3·
295 4075 463 4142 Dividitur
482 4078 518 4142 in
532 4078 709 4162 privatam
730 4082 766 4142 et
777 4077 963 4161 publicem,
981 4079 1084 4160 prout
1098 4076 1137 4139 llt
1156 4075 1289 4158 privata
1308 4092 1390 4141 con·

211 4186 373 4250 ventione
392 4185 542 4268 partium
559 4185 616 4251 vel
636 4185 837 4252 auctoritate
849 4184 985 4268 judicis,
1001 4188 1040 4247 ut
1054 4183 1082 4248 si
1096 4183 1187 4249 bona
1202 4182 1389 4248 venditoris

211 4293 405 4358 vendantur
419 4294 483 4358 sub
497 4292 605 4360 hasta.

249 4401 283 4464 4⁰
297 4400 448 4467 Tandem
470 4401 633 4467 dividitur
652 4403 689 4466 in
710 4419 787 4468 eam
810 4417 885 4485 quae
907 4401 948 4464 tlt
969 4401 1004 4463 in
1026 4399 1220 4484 complicet
1240 4397 1388 4462 inillam

212 4497 286 4595 quea
301 4510 341 4572 ut
351 4511 423 4573 sim
436 4511 614 4594 scriperem.
628 4509 665 4574 ln
678 4509 811 4592 scriptis
825 4512 986 4573 censetur
998 4507 1098 4582 facta,
1112 4505 1388 4590 quandocontra-

210 4616 331 4682 hentes
352 4623 589 4682 convenerunt
614 4623 652 4682 ut
672 4635 742 4682 non
768 4615 881 4681 valeat
902 4615 967 4680 nisi
990 4630 1153 4697 superea
1174 4613 1328 4680 coniecta
1345 4615 1388 4679 sit

212 4724 390 4808 scriptura;
408 4726 480 4790 sinc
496 4726 639 4808 scriptis,
656 4723 791 4808 quando
811 4724 901 4787 iuter
919 4721 1158 4787 contrahentes
1174 4720 1267 4785 nulla
1285 4721 1387 4788 inter-
