3504 5572
562 610 649 656 0000
670 610 799 657 raucius
819 579 1041 656 0000001000.
1332 596 1391 660 340

212 725 309 802 tuito,
324 725 391 792 nisi
410 727 479 792 sint
495 727 650 796 haeredes
667 731 737 796 :ita
750 736 813 796 art.
829 729 890 796 900
909 729 989 795 000.
1003 729 1068 794 010.
1084 728 1182 796 Ratio
1198 735 1251 794 est
1264 731 1366 797 obvia
1382 751 1389 794 ε

210 833 304 898 obuti
323 841 465 917 possent
489 855 552 902 suo
571 839 762 904 ministerio
777 839 821 904 00
834 838 1019 921 captandas
1040 837 1254 903 donationes.
1271 838 1392 905 Valent

211 943 327 1006 tamen
341 941 544 1010 donationes
559 947 850 1024 remuneratorius,
868 946 989 1012 saltem
1002 947 1200 1012 0000000100.

250 1049 366 1114 4⁰Filii
380 1051 547 1134 illegitimi
562 1055 647 1119 nihil
664 1056 815 1140 racipere
833 1061 980 1138 possunt
993 1073 1014 1120 0
1027 1054 1236 1140 parantibus,
1254 1056 1343 1122 ultra
1356 1057 1391 1120 id

211 1157 303 1238 quod
317 1159 366 1226 eis
381 1163 579 1227 conceditur
592 1163 702 1246 alege
719 1183 726 1228 :
743 1163 791 1228 ita
804 1169 867 1228 art.
882 1164 953 1240 707,
969 1162 1039 1236 708,
1056 1162 1116 1226 762
1130 1161 1209 1227 (lod.
1228 1163 1293 1227 civ.

249 1268 283 1330 0ο
295 1268 397 1336 Juxta
416 1271 530 1353 legem
553 1272 730 1355 vigentem
755 1291 841 1357 opus
861 1290 936 1347 nos,
961 1269 1117 1336 Ecclesiae
1139 1271 1296 1338 instituta
1316 1272 1392 1337 reb-

209 1373 307 1456 giosa
320 1376 444 1460 volpis
458 1385 575 1444 essent
596 1379 758 1446 inhabilia
771 1381 814 1445 00
828 1379 1062 1465 recipiendum
1081 1397 1125 1444 ex
1136 1378 1320 1444 donatione
1335 1377 1391 1443 vel

210 1487 427 1562 testamento,
445 1489 511 1552 nisi
533 1490 672 1554 0000000
696 1490 845 1554 edictum
869 1489 1026 1571 gubernii
1045 1508 1053 1552 :
1075 1489 1123 1553 ita
1143 1493 1206 1554 art.
1224 1487 1284 1552 910
1307 1485 1388 1550 God.

208 1591 272 1656 civ.
289 1593 356 1658 Sed
369 1593 426 1660 illa
437 1598 647 1682 praescriptio
660 1598 791 1664 nullum
804 1599 893 1682 parit
908 1597 1154 1679 obligationem
1166 1597 1202 1660 in
1217 1595 1390 1660 conscien-

210 1700 266 1778 tia,
280 1705 398 1784 utpote
411 1704 562 1770 violenta
576 1711 610 1770 et
624 1712 743 1771 contra
752 1709 810 1790 ι100
826 1705 1104 1772 ecclesiasticum.

246 1808 306 1874 Jus
322 1809 417 1886 Gall,
435 1815 626 1896 praesertim
642 1815 678 1880 in
702 1819 764 1880 art.
780 1817 851 1892 911,
869 1814 1136 1891 1100000010,
1154 1812 1265 1878 irritat
1285 1813 1389 1878 etiam

210 1917 281 1980 sive
310 1925 504 1985 contractus
525 1921 704 1988 simulatos
726 1923 798 1986 sive
822 1941 1048 2007 personarum
1080 1921 1387 2004 interpositionem,

209 2023 332 2108 quibus
342 2025 563 2094 eluderentur
571 2029 801 2096 inhabilitates
814 2030 857 2096 00
870 2030 1069 2096 donandum
1077 2028 1133 2094 vel
1143 2027 1386 2112 recipiendum.

661 2253 831 2316 storto
862 2253 934 2315 lll.

259 2399 308 2453 tte
323 2401 431 2454 torma
449 2402 484 2453 et
499 2399 597 2456 modo
613 2401 780 2534 0000121000
785 2401 833 2536 ι1ιο
834 2401 1031 2535 ¹¹{gestatione
1048 2403 1085 2456 et
1100 2401 1142 2454 00
1160 2401 1336 2455 aflectibus

722 2495 785 2535 ona
814 2497 833 2536 o
891 2522 896 2532 .

552 2655 571 2705 1.
590 2655 629 2705 be
644 2651 736 2705 torma
751 2651 781 2704 at
793 2650 879 2704 modo
894 2649 1042 2704 servando.

250 2784 283 2868 a)
297 2783 450 2869 Experto
460 2787 510 2850 rci
523 2787 708 2871 requiritur
722 2791 761 2851 ut
774 2787 818 2850 sit
831 2784 1035 2862 alienabilis3
1050 2802 1131 2850 nam
1151 2785 1180 2850 si
1198 2803 1220 2851 a
1235 2788 1313 2870 jure
1333 2785 1388 2852 vel

211 2897 373 2958 testatore
397 2893 442 2958 sit
463 2891 603 2958 alienari
626 2893 805 2978 prohibita,
820 2891 914 2958 nulla
928 2893 992 2958 erit
1013 2892 1164 2958 donatio.
1182 2891 1309 2958 Tamen
1323 2893 1388 2976 pri-

210 3005 474 3085 vatumpactum
488 3001 530 3066 de
542 3019 613 3067 non
624 3001 796 3078 donando,
812 3019 891 3066 oum
901 3018 1097 3086 personam,
1114 3006 1227 3066 etnon
1237 3018 1323 3078 rom,
1339 3000 1388 3065 at·

208 3107 309 3186 liciat,
325 3127 396 3176 non
409 3111 553 3194 impedit
567 3109 720 3178 valorem
733 3111 937 3188 donationis,
952 3116 988 3176 et
1004 3109 1130 3176 actioni
1144 3108 1315 3204 personali
1330 3108 1388 3174 000

208 3215 322 3282 locum
333 3222 453 3283 contra
466 3215 662 3284 donantem.

175 3395 178 3401 ,
250 3324 279 3405 d)
294 3323 342 3388 Ex
355 3331 451 3409 porte
463 3326 621 3392 donantis
636 3331 671 3392 et
684 3325 863 3404 donatarii,
877 3325 1062 3410 requiritur
1075 3341 1265 3390 consensus
1279 3324 1387 3388 sensi-

207 3430 295 3509 bilis,
312 3432 359 3497 ita
378 3438 417 3497 ut
438 3433 577 3500 donatio
597 3439 676 3500 onte
696 3434 964 3518 acceptationem
984 3451 1054 3498 non
1074 3432 1118 3496 sit
1142 3432 1303 3515 perlecta,
1325 3449 1387 3496 seu

208 3539 418 3622 obligatoria,
433 3545 472 3604 ut
487 3538 1297 3626 01010000000000000100100,00000011000000
1312 3555 1387 3604 sen·

209 3645 313 3710 sibilis
321 3667 384 3731 per
394 3655 508 3714 actum
518 3651 753 3716 authenticum
766 3666 882 3715 coram
891 3648 1026 3714 notario
1035 3648 1174 3712 lactum.
1187 3645 1263 3730 lpse
1273 3663 1387 3729 accep-

208 3754 301 3832 tatio,
314 3756 342 3820 si
356 3756 416 3821 1100
429 3775 491 3840 per
504 3761 619 3822 ectum
632 3757 869 3840 posteriorem,
882 3755 1006 3821 iisdem
1021 3754 1294 3822 solemnitatibus
1306 3752 1385 3817 sub·

205 3860 307 3944 jacet,
323 3882 363 3928 00
374 3865 449 3946 ipsa
464 3863 614 3930 donatio.

247 3971 273 4052 c)
299 3970 469 4056 Experto
496 3991 639 4037 summae
667 3971 727 4037 000
755 3971 883 4038 solidos
909 3969 1117 4047 excedentis,
1133 3968 1319 4054 requiritur
1346 3973 1385 4032 ut

206 4077 345 4145 donatio
366 4080 427 4144 flat
446 4097 525 4146 oum
546 4078 761 4145 solemnitate
779 4078 892 4161 legali.
908 4077 978 4144 lloc
993 4078 1154 4143 statuitur
1167 4095 1211 4142 ue
1230 4075 1385 4142 donatio-

206 4205 268 4252 nes
283 4193 412 4253 tcmore
427 4193 461 4253 et
478 4186 698 4272 prodigaliter
713 4187 809 4252 liant.
826 4186 892 4251 Sed
911 4187 941 4250 si
962 4185 1164 4251 donationes
1182 4184 1382 4248 successive

207 4313 268 4360 000
293 4295 468 4360 moraliter
493 4294 716 4378 interpolatae,
748 4293 849 4358 simul
875 4299 1033 4376 sumptae,
1057 4291 1263 4358 excederent
1291 4307 1384 4354 sum·

205 4421 298 4468 mum
316 4403 376 4468 500
395 4403 506 4480 solid,
527 4419 597 4467 non
615 4402 846 4485 requireretur
862 4399 1062 4465 solemnitas
1078 4399 1209 4480 legatis.
1232 4398 1310 4464 1100
1329 4417 1382 4464 00·

205 4510 364 4578 lemnitas
379 4511 588 4577 consistebat
606 4511 642 4573 in
664 4509 895 4574 insinuatione
915 4509 1007 4591 apud
1024 4507 1188 4589 judicem,
1205 4505 1334 4572 scilicet
1346 4507 1381 4570 in

207 4623 284 4684 actu
297 4637 364 4704 quo
379 4617 524 4684 donator
535 4635 650 4684 coram
660 4617 787 4700 jndice,
796 4617 868 4680 sive
881 4615 915 4678 in
928 4614 1057 4698 judicio
1070 4615 1142 4678 sive
1156 4611 1382 4690 0010000010-

206 4731 259 4792 rat
272 4743 370 4790 suam
384 4725 596 4791 voluntatem
612 4723 772 4790 donandi.
832 4721 835 4726 '
