3488 5568
556 597 643 644 rrssn
665 595 791 642 rasurus
811 593 1032 642 oscnsrsrrmr.
1323 579 1382 646 541·

247 705 336 798 dila
359 715 597 799 probationem
622 715 790 780 dictorum
812 719 847 780 st
867 713 910 778 ad
932 711 1134 796 ampliorem
1155 713 1383 797 quorumdam

205 830 411 906 punctomm
434 823 710 907 explicationem,
733 821 860 886 reierre
887 819 1025 904 expedit
1049 839 1092 886 cx
1115 821 1250 901 integro
1275 819 1384 886 decla-

205 935 374 998 rationem
402 932 435 996 S.
463 931 584 1014 Congr.
610 931 709 997 Gonc.
732 931 773 996 ib
793 930 869 1015 iulii
892 931 991 1006 1874,
1016 930 1051 994 in
1073 947 1141 1014 qua
1159 933 1384 994 recensentur

206 1043 478 1110 omniadecreta
499 1043 541 1108 ab
558 1041 705 1108 Ecclesia
727 1041 894 1108 hactenus
917 1040 987 1108 lata
1011 1040 1100 1106 ciros
1121 1038 1384 1104 mercimonium

205 1151 400 1217 missarum.

247 1261 279 1324 1⁰
292 1261 345 1324 An
358 1263 456 1344 turpe
471 1259 733 1325 mercimonium
748 1258 868 1342 sapiat,
877 1257 1023 1341 ideoque
1035 1257 1260 1340 improbanda
1270 1261 1384 1340 otpoe·

206 1368 261 1432 nis
273 1369 377 1433 etiarn
388 1367 633 1444 ecclesiasticis,
645 1367 674 1432 si
686 1383 773 1451 opus
786 1365 899 1442 fuerit,
908 1365 1097 1432 coercenda
1106 1365 1150 1428 sit
1159 1365 1201 1430 ab
1216 1363 1384 1447 episcopis

207 1495 327 1542 eorum
348 1476 609 1560 bibliopolarum
629 1477 686 1542 vel
706 1481 937 1542 mercatorum
956 1472 1080 1556 agendi
1100 1473 1199 1550 ratio,
1215 1472 1273 1556 qui
1291 1471 1385 1538 adbi-

207 1585 285 1649 bitis
312 1583 454 1668 publicis
482 1585 716 1652 invitamentis
743 1589 778 1650 et
800 1583 967 1668 premiis,
991 1581 1048 1648 vel
1073 1581 1139 1647 alio
1168 1598 1383 1666 quocumque

207 1692 323 1772 modo,
337 1694 520 1758 missarum
531 1692 767 1776 eleemosynas
779 1691 956 1772 colligunt,
971 1695 1006 1756 et
1015 1689 1249 1756 sacerdotibus
1261 1689 1384 1772 quibus

207 1819 265 1868 aas
282 1801 502 1868 celebrandas
521 1803 750 1878 committunt,
767 1819 838 1866 non
851 1801 1043 1885 pecuniam,
1061 1798 1122 1864 sod
1134 1798 1240 1864 libros
1255 1797 1383 1864 aliasve

185 1891 187 1896 ¹
206 1927 337 1975 merces
351 1909 564 1994 rependunt?

245 2018 278 2082 θ’
299 2018 352 2082 An
373 2019 446 2084 baec
468 2017 594 2100 agendi
615 2018 701 2085 ratio
725 2017 803 2084 ideo
826 2017 1042 2083 cohonestari
1064 2015 1266 2092 valeat,ch
1292 2014 1381 2098 quia,

206 2125 299 2192 nulla
319 2127 407 2191 iacta
428 2125 682 2202 imminutione,
697 2129 748 2192 tot
765 2125 878 2190 missar
894 2126 1128 2191 amemoratis
1146 2125 1383 2191 collectoribus
1491 2159 1494 2168 ·

205 2231 416 2298 celebranda
430 2234 700 2311 committuntur,
718 2239 802 2318 quot
821 2232 971 2299 collectis
992 2233 1220 2317 eleemosynis
1243 2249 1383 2318 raspon-

207 2343 323 2420 deant;
345 2343 401 2409 vel
420 2345 499 2428 quia
519 2362 580 2427 per
594 2361 671 2410 eam
685 2345 892 2428 pauperibus
907 2344 1140 2410 sacerdotibus
1156 2343 1383 2427 elecmosynis

205 2451 389 2518 missarum
400 2452 594 2518 carentibus
609 2452 833 2518 subvenitur?

245 2546 278 2624 3⁰
290 2561 341 2624 An
355 2560 554 2643 huiusmodi
569 2561 867 2644 eleemosynarum
884 2559 1103 2628 collectiones
1117 2565 1152 2625 et
1166 2561 1383 2643 erogationes

207 2673 288 2734 tunc
308 2670 411 2736 etiam
430 2669 662 2754 improbandae
685 2675 720 2735 st
739 2671 948 2748 coercendae,
973 2675 1012 2734 ut
1033 2689 1146 2754 snpra,
1163 2669 1231 2734 sint
1252 2670 1294 2735 ab
1314 2670 1384 2752 epi-

207 2795 321 2862 scopo,
336 2777 472 2862 quando
484 2777 618 2843 lucrum
634 2778 724 2863 quod
739 2797 783 2844 ex
793 2781 961 2844 mercium
974 2797 1053 2844 cum
1068 2778 1295 2861 eleemosynis
1309 2795 1383 2861 per-

205 2886 395 2951 mutatione
421 2886 592 2962 hauritur,
618 2904 689 2952 non
711 2887 747 2950 in
771 2887 949 2971 proprium
973 2885 1208 2968 colligentium
1233 2903 1383 2951 commo-

206 2992 299 3068 dum,
317 2993 427 3058 sedin
446 2993 580 3076 piarum
597 2993 853 3059 institutionum
873 2999 908 3060 et
928 2995 1100 3061 bonorum
1118 3011 1261 3078 operum
1280 3011 1383 3058 usum

205 3099 262 3166 vel
274 3100 525 3168 incrementum
539 3102 770 3188 impenditur?

253 3209 286 3273 4ο
305 3210 358 3273 An
384 3211 474 3294 turpi
502 3211 724 3276 mercimonio
752 3216 968 3289 concurrant,
991 3211 1138 3295 ideoque
1166 3209 1380 3294 improbandi

205 3324 307 3404 atque
322 3319 425 3384 etiam
439 3319 629 3398 coercendi,
646 3325 686 3384 ut
700 3338 813 3403 supra,
829 3321 898 3384 sint
910 3321 934 3383 ii
946 3321 1006 3404 qui
1020 3325 1176 3404 acceptas
1190 3337 1211 3384 a
1225 3319 1382 3384 ssdslibns

205 3427 261 3494 vel
286 3428 370 3493 locis
392 3428 456 3512 piis
485 3428 722 3511 eleemosynas
750 3428 890 3492 tradunt
917 3427 1120 3512 bibliopolis,
1136 3427 1382 3492 mercatoribus

206 3535 348 3620 aliisque
368 3553 486 3601 earum
500 3535 749 3612 collectoribus,
765 3537 837 3600 sive
857 3536 1031 3619 recipiant,
1046 3537 1119 3600 sive
1133 3553 1204 3600 non
1218 3535 1383 3616 recipiant

206 3643 392 3728 quidquam
403 3645 446 3709 ab
459 3643 592 3720 iisdem,
609 3643 739 3726 praernii
754 3643 915 3708 nomine?

244 3753 277 3814 b·
296 3752 349 3815 An
369 3752 460 3834 tur-pi
482 3751 705 3816 mercimonio
726 3756 942 3828 concurrant,
958 3751 1104 3836 ideoque
1117 3749 1333 3834 improbandi
1348 3754 1388 3814 et

205 3859 394 3938 coercendi,
412 3865 451 3924 ut
471 3877 583 3943 supra,
602 3859 708 3922 sintii
722 3859 780 3943 qui
794 3875 815 3924 a
829 3859 926 3924 dictis
948 3858 1140 3944 bibliopolis
1161 3864 1196 3925 st
1218 3863 1382 3924 mercato-

206 3968 299 4032 ribus
323 3967 491 4050 reoipiunt
510 3985 571 4051 pro
592 3965 707 4030 missis
730 3965 941 4032 celebrandis
963 3966 1068 4034 libros
1088 3967 1216 4034 aliasve
1236 3981 1380 4045 merces,
1435 3964 1440 3973 '

205 4077 328 4143 barum
342 4077 452 4160 pretio
468 4078 540 4142 sive
555 4077 737 4144 imminuto
752 4077 825 4142 sive
839 4076 996 4159 integro?

246 4187 279 4250 6Φ
293 4187 345 4252 An
359 4185 473 4252 illicite
487 4191 592 4268 agant
606 4185 630 4248 ii
645 4185 704 4269 qui
722 4203 784 4268 pro
806 4186 921 4251 missis
943 4185 1121 4252 celebratis
1140 4185 1307 4270 recipiunt
1324 4185 1384 4249 sti-

206 4295 321 4377 pendii
340 4294 416 4360 loco
436 4293 541 4360 libros
564 4292 620 4359 vel
633 4291 717 4359 olias
729 4311 872 4372 merces,
891 4294 1024 4361 seclusa
1042 4296 1163 4380 quavis
1180 4294 1382 4378 negotiatio-

206 4404 260 4467 nis
274 4401 330 4468 vel
343 4403 450 4487 turpis
463 4401 549 4468 lucri
563 4403 695 4486 speciei

246 4515 278 4576 7⁰
313 4513 365 4576 An
392 4511 493 4578 liceat
525 4511 711 4596 episcopis,
741 4513 815 4578 sine
839 4513 976 4596 speciali
1004 4514 1037 4578 S.
1065 4513 1162 4579 Sedis
1192 4513 1308 4592 venia,
1339 4531 1382 4579 ex

206 4620 434 4704 eleemosynis
456 4619 650 4697 missarum,
674 4637 759 4705 quas
780 4621 900 4686 fideles
918 4621 1159 4688 celebrioribus
1182 4623 1382 4688 sanctuariis

207 4729 339 4794 tradere
368 4727 493 4803 solent,
520 4727 647 4812 aliquid
670 4729 848 4796 detrahere
876 4735 914 4794 ut
941 4749 1061 4796 corum
1086 4731 1200 4796 decori
1225 4738 1259 4795 et
1283 4749 1382 4796 orna-
