3510 5574
554 531 641 578 trnan
664 530 790 579 rnarrus
810 529 1033 580 recurrantur.
1327 513 1385 580 ast

208 651 241 716 id
254 649 375 716 suadet
385 651 480 732 justa
501 655 536 713 et
556 650 767 716 rationabilis
786 669 900 727 causa,
916 655 955 714 ut
969 649 997 713 si
1019 655 1180 730 ageretur
1192 649 1234 714 de
1249 654 1386 714 contro-

208 759 316 824 versia
337 763 413 822 orta
435 758 526 822 inter
550 757 747 843 episcopum
771 763 805 824 et
828 757 1103 839 consanguineos
1127 757 1384 833 canonicorum,

208 867 284 950 quia
303 871 385 930 tunc
399 864 589 948 periculum
615 871 706 930 esset
728 883 772 930 ne
794 865 849 929 isti
873 865 1137 946 consanguineis
1162 865 1233 930 suis
1256 871 1388 930 secreta

205 973 368 1038 revelent.
390 973 424 1037 2⁰
443 972 477 1037 Si
497 973 577 1038 belli
601 973 657 1038 vel
679 967 897 1055 contagionis
919 978 1014 1038 metu
1038 974 1242 1057 capitulares
1265 991 1386 1038 omnes

205 1081 412 1163 diffugerint,
440 1085 584 1146 stactus
599 1081 728 1146 differri
743 1087 902 1165 nequeat.
919 1081 952 1145 3⁰
966 1081 999 1144 si
1014 1086 1095 1145 sunt
1109 1083 1248 1162 negotia
1263 1081 1387 1162 exigua

205 1194 238 1252 et
251 1189 395 1253 minoris
408 1189 585 1266 momenti,
612 1189 767 1254 tractatio
794 1207 914 1254 corum
936 1193 1066 1271 spectat
1084 1187 1127 1252 ad
1146 1207 1264 1253 curam
1285 1207 1387 1270 gene

203 1297 311 1363 ralem
323 1297 490 1374 Ecclesiae,
506 1317 582 1381 quae
596 1298 827 1382 principaliter
840 1297 883 1362 ad
899 1297 1012 1362 solum
1025 1297 1205 1380 praelatum
1220 1297 1384 1379 pertinat3

204 1405 325 1470 deinde
348 1406 508 1490 praelatus
523 1405 643 1489 nequit
662 1406 874 1486 interrogare
896 1405 1009 1489 quoad
1033 1405 1159 1496 omnia.
1174 1405 1207 1468 4ο
1222 1404 1261 1468 ln
1274 1405 1386 1468 causis

203 1516 346 1581 notoriis
360 1519 396 1579 et
410 1513 546 1598 quando
561 1515 781 1578 manifestum
797 1518 849 1578 est
865 1513 946 1595 quid
962 1513 1202 1594 euagandum,
1216 1517 1387 1578 tunccon-

203 1623 387 1689 sultatione
403 1640 489 1706 opus
503 1639 575 1686 non
593 1625 655 1686 est:
672 1619 749 1698 Sed,

163 1762 165 1770 ·
244 1732 274 1814 d)
288 1731 343 1796 Αη
366 1731 570 1796 consuetudo
584 1731 815 1814 indaciposstt
828 1738 867 1793 ut
876 1731 1044 1814 praeimus
1058 1731 1180 1813 quivis,
1197 1730 1252 1794 uel
1264 1733 1388 1815 episco-

199 1857 266 1924 pus
283 1839 443 1918 dioecesr's,
468 1839 604 1922 nepotis
623 1837 780 1902 Ecclesiae
804 1845 925 1901 tractet
945 1846 978 1900 et
996 1838 1269 1918 jurisdictionem
1294 1858 1386 1902 erer-

202 1955 289 2025 cent,
305 1965 374 2009 nort
385 1947 546 2030 requisito
562 1964 723 2010 comenses
742 1945 798 2009 vel
810 1945 946 2010 consitio
962 1945 1130 2030 capituli?
1148 1945 1386 2030 Respondetnr

201 2056 425 2131 affirmative,
451 2073 530 2118 cum
566 2055 737 2119 sententia
767 2055 941 2118 communi
976 2056 1232 2120 canonistarum
1267 2061 1388 2120 contra

199 2181 342 2246 paucos,
358 2168 392 2228 et
412 2161 585 2244 colligitur
608 2182 652 2227 ex
677 2181 748 2246 cop.
765 2163 785 2227 6
800 2180 899 2246 praes.
917 2163 966 2224 tit.
983 2163 1020 2224 in
1035 2163 1078 2237 6⁸,
1096 2167 1131 2226 et
1152 2181 1195 2226 ex
1216 2181 1289 2246 cap.
1305 2164 1325 2226 3
1347 2165 1388 2227 de

202 2271 467 2352 Consuetudine,
481 2272 564 2336 in60.
578 2271 674 2336 Patet
684 2272 787 2336 etiam
800 2291 843 2336 ax
854 2271 966 2356 praxi3
979 2289 1060 2336 nam
1073 2271 1186 2348 hodie,
1197 2270 1388 2354 prasertim

198 2383 238 2445 in
255 2381 370 2459 Gallia,
383 2381 531 2465 episcopi
547 2382 696 2462 negotia,
709 2382 813 2445 etiam
828 2381 945 2456 ardua,
960 2379 1116 2444 Ecclesiae
1132 2399 1203 2444 suaa
1217 2387 1389 2464 peragunt

199 2491 278 2554 sine
292 2489 440 2573 capitulo
456 2489 591 2574 (Benad.
608 2488 689 2565 xlv,
709 2489 794 2574 Syn.
808 2489 918 2565 diac,
934 2488 992 2554 lib.
1004 2488 1100 2567 XVII,
1117 2508 1146 2553 c.
1168 2509 1188 2566 1,
1206 2509 1241 2554 n.
1255 2491 1275 2552 8
1289 2496 1324 2554 et
1342 2491 1384 2572 9).

200 2598 236 2662 S.
255 2597 481 2680 Congregatio
501 2570 650 2676 Concilii‘,
667 2598 722 2662 cui
746 2617 817 2663 non
841 2617 919 2663 raro
941 2597 1168 2680 subjiciuntur
1187 2599 1259 2662 haec
1280 2599 1387 2662 ardua

200 2707 344 2787 negotia
366 2712 404 2770 ut
430 2707 600 2772 rationem
622 2705 746 2788 agendi
771 2707 951 2790 approbet,
977 2706 1118 2770 minime
1140 2707 1283 2790 requirit
1300 2727 1386 2790 prm-

197 2816 298 2878 vium
319 2832 526 2878 consensum
543 2814 691 2898 capituli.
708 2813 817 2895 Igitur
835 2813 985 2897 episcopi
1005 2813 1117 2878 solent
1129 2821 1246 2898 petere
1265 2833 1386 2899 appro-
1451 2859 1455 2870 ·

198 2923 377 2988 hattonem
393 2922 425 2986 S.
440 2921 607 3005 congreg.
620 2923 765 3008 quando
787 2923 901 3004 agitur
912 2923 954 2986 de
970 2922 1036 2986 illis
1050 2924 1198 3004 negotiis
1212 2943 1286 3007 quas
1303 2924 1385 2988 olim
1432 2927 1435 2934 '

199 3050 275 3096 non
290 3031 450 3096 valebant
469 3033 628 3116 expedire
648 3033 720 3096 sinc
735 3051 906 3098 consensu
920 3032 1067 3116 capituli.
1085 3033 1239 3096 Advertit
1258 3033 1386 3114 Fagna-

201 3158 272 3204 nus
286 3141 331 3220 tc.
350 3140 364 3202 l
391 3139 431 3203 de
446 3139 535 3205 Cult.
552 3141 696 3222 edific),
715 3141 751 3203 in
773 3139 839 3203 illis
860 3139 991 3204 actibus
1006 3141 1041 3203 in
1061 3140 1184 3223 quihus
1206 3143 1385 3225 episcopus

199 3249 358 3332 procedit
373 3256 535 3333 tanquam
550 3249 727 3330 delegatus
742 3249 838 3314 Sedis
854 3247 1066 3331 Apostolum,
1079 3267 1149 3312 non
1166 3249 1290 3332 requiri
1306 3269 1384 3316 cou-

198 3375 345 3420 sensum
370 3377 434 3422 nec
456 3357 637 3422 consilium
661 3356 809 3440 capituli.
838 3356 910 3420 lmo
932 3356 1102 3420 Benedict.
1127 3356 1196 3420 xlv
1224 3358 1277 3439 (do
1302 3359 1384 3422 lure

193 3466 362 3548 patron),
374 3467 496 3530 citatus
507 3484 527 3528 a
538 3463 672 3529 Giraldo
684 3465 777 3545 (sect.
789 3463 871 3547 432),
885 3465 990 3528 sentit
1001 3463 1103 3528 hodie
1114 3463 1177 3528 dici
1187 3483 1289 3547 posse
1300 3485 1383 3548 pras-

197 3577 337 3637 scntem
351 3573 488 3636 titulum
510 3573 693 3637 recessisse
708 3573 750 3637 ab
776 3571 869 3648 aula,
893 3562 972 3636 cum
998 3573 1146 3654 episcopi
1169 3574 1241 3636 iere
1267 3574 1383 3638 omnia

197 3681 386 3764 expediant
408 3683 481 3748 sine
496 3700 667 3747 consensu
684 3679 831 3764 capituli.
850 3679 1040 3746 Canonistae
1059 3681 1233 3763 disputant
1250 3687 1382 3746 tautum

196 3789 244 3852 de
269 3794 421 3872 ternpore
437 3791 601 3874 requisito
617 3795 655 3853 ut
669 3789 782 3854 valcat
795 3790 1008 3854 consuetudo
1024 3788 1111 3852 talis.

340 4001 382 4051 lll.
400 4002 439 4052 Do
454 3998 617 4052 discrimina
632 3997 708 4050 inter
721 4009 892 4050 consensum
907 4000 935 4050 et
949 3998 1099 4050 consilium
1117 3998 1242 4062 capituti,

621 4077 714 4142 quoad
727 4077 786 4130 vim
801 4077 954 4143 obligandi.

175 4304 177 4308 ι
244 4229 276 4307 ιι)
291 4225 485 4290 Generatim
508 4225 573 4289 hoc
594 4223 775 4288 intercedit
798 4223 995 4300 discrimen,
1013 4225 1104 4307 quod
1123 4224 1178 4288 ille
1201 4227 1258 4309 qui
1279 4245 1381 4308 agere

196 4334 305 4398 debet
319 4351 398 4397 cnm
412 4351 593 4408 consensu,
611 4336 747 4396 tenetur
762 4351 832 4396 non
848 4337 981 4394 tantum
999 4333 1091 4400 hunc
1109 4351 1316 4398 consensum
1331 4355 1382 4399 re-

196 4441 349 4525 quirere,
364 4441 425 4506 sed
440 4443 543 4506 etiam
558 4441 670 4525 sequi;
687 4441 770 4504 dum
785 4459 826 4504 ea
840 4445 893 4504 est
907 4446 1028 4505 natura
1041 4441 1184 4518 consilii,
1201 4447 1240 4506 ut
1252 4443 1382 4508 nullam

193 4547 325 4614 inferat
342 4550 583 4614 necessitatem
600 4568 651 4626 ea,
669 4567 744 4633 quaa
759 4547 901 4612 consilio
917 4548 1071 4630 subjecta
1085 4555 1177 4626 sunt,
1200 4551 1377 4634 sequendi.
1439 4602 1444 4612 .

192 4656 350 4722 liabetur
365 4675 566 4732 consensus,
586 4657 722 4740 cquando
740 4659 851 4738 major
870 4673 949 4738 pars
965 4656 1101 4739 capituli
1120 4675 1199 4722 cum
1221 4659 1379 4742 episcopo
1447 4643 1448 4646 ¹

344 4785 376 4829 ιι.
1201 4769 1238 4830 tr
