3498 5572
564 598 651 642 arare
672 599 801 644 rannus
820 597 1041 644 oucasmmuu.
1333 579 1391 643 aar

215 715 391 796 parochos,
409 713 538 799 absque
552 715 663 780 forma
677 733 857 799 processus
869 714 1056 800 judiciarii;
1081 717 1332 790 verumtamen,
1349 731 1393 777 ex

89 860 93 875 ι
215 822 318 887 variis
344 821 627 888 declarationibus
647 823 679 886 S.
706 821 986 905 congregationis
1011 821 1159 898 Concilii,
1185 821 1394 886 sufficienter

215 935 349 996 constat
368 931 492 996 Sadem
515 932 744 1016 Apostolicam
764 950 884 998 causas
905 931 1076 1014 legitimas
1100 932 1248 1013 exigere,
1272 929 1394 996 saltem

216 1039 514 1122 extrajudicialiter
526 1042 696 1125 probatas,
708 1041 844 1125 quando
857 1041 954 1106 inviti
966 1043 1199 1117 removentur,
1220 1043 1258 1104 ut
1276 1039 1393 1105 videre

216 1152 269 1212 est
284 1149 460 1232 speciatim
483 1148 519 1213 iu
545 1150 684 1214 Virdun.
706 1150 746 1214 aa
767 1151 880 1214 martii
905 1151 997 1225 lara
1020 1150 1188 1231 igiturex
1213 1149 1315 1213 tacita
1338 1147 1395 1211 vel

214 1275 376 1340 expressa
389 1257 489 1322 vania
504 1257 635 1322 Summi
650 1257 821 1324 Pontificis
841 1259 910 1342 qui,
934 1257 1093 1342 spectatis
1116 1255 1391 1331 circumstantiis,

214 1365 351 1429 interim
365 1367 563 1432 subvertere
577 1366 686 1432 voluit
695 1367 926 1433 conditionem
936 1366 1142 1452 ordinariam
1151 1365 1391 1450 parochorum,

214 1447 363 1557 episcopi
378 1475 467 1538 nacti
486 1479 567 1539 sunt
586 1474 783 1540 facultatem
807 1480 878 1540 tam
901 1474 1131 1540 constituendi
1153 1491 1256 1558 quam
1285 1491 1394 1538 remo-

213 1581 316 1646 vendi
329 1581 495 1664 parochos
508 1583 674 1666 quasdem
685 1583 897 1657 amovihiles;
909 1582 970 1648 sed
980 1582 1200 1648 remanetlex
1210 1579 1391 1663 generalis,

214 1707 290 1771 quae
312 1706 433 1754 omnes
458 1689 624 1772 parochos
652 1689 732 1756 facit
754 1690 1002 1767 inamovibiles‚
1019 1695 1053 1756 et
1073 1707 1195 1756 omnes
1216 1687 1393 1774 parochias

214 1795 379 1864 beneficia
393 1797 552 1876 titularis,
567 1799 700 1866 seclusa
714 1799 851 1882 speciali
864 1799 1095 1883 derogatione.

676 2023 835 2086 saorla
864 2025 925 2085 ΙΙΙ.

421 2177 468 2231 Do
485 2177 748 2245 obligationibus
763 2182 798 2232 ct
814 2179 935 2232 officiis
951 2178 1182 2245 parochorum.

254 2339 284 2402 1⁰
313 2338 483 2404 Paroohus
504 2339 663 2422 provisus
689 2339 731 2404 de
759 2340 1040 2415 beneflcio,intra
1067 2339 1228 2404 bimestre
1259 2345 1395 2406 tenetur

211 2465 327 2512 coram
355 2449 513 2532 episcopo
543 2451 603 2513 aut
628 2449 753 2514 vicario
782 2447 933 2530 generah
961 2449 1116 2513 emittere
1145 2448 1394 2532 professionem

212 2553 302 2631 adei,
315 2547 469 2638 utsupra
482 2555 610 2620 dictum
625 2561 678 2620 est
691 2557 727 2620 in
741 2557 791 2619 tit.
806 2576 860 2620 vru
872 2555 929 2620 lib.
945 2555 969 2631 l;
982 2573 1080 2622 secus
1090 2557 1220 2621 fructus
1233 2573 1303 2620 non
1312 2557 1395 2620 iacit

213 2680 305 2739 suos,
322 2681 365 2727 ex
376 2680 471 2728 cono.
490 2663 579 2728 Trid.
594 2663 692 2745 (sess.
709 2663 759 2739 bl,
777 2681 848 2746 cap.
866 2665 915 2739 la,
933 2663 974 2728 cte
988 2663 1087 2746 Reli.

252 2772 284 2834 Ψ
308 2769 455 2836 Tenetur
476 2769 517 2834 de
538 2773 615 2854 jure
637 2769 752 2835 divino
768 2775 802 2835 et
817 2769 1045 2836 ecclesiastico
1059 2771 1101 2836 ad
1116 2770 1393 2854 praedicationem

158 2910 161 2918 ·
212 2877 309 2941 verbi
323 2877 438 2954 divini,
457 2883 495 2942 ut
508 2885 616 2942 consi.
635 2897 678 2942 ex
690 2896 784 2943 cono.
801 2877 888 2942 Trid.
905 2880 1001 2960 (sess.
1016 2880 1066 2956 bb,
1083 2897 1155 2962 cap.
1173 2881 1202 2955 l,
1220 2884 1254 2944 et
1265 2897 1348 2945 sess.
1360 2881 1391 2958 5,

213 3003 286 3068 cap.
310 2985 352 3066 b).
368 2985 406 3048 Vi
427 2987 531 3069 hujus
552 2984 769 3067 obligationis
792 2986 894 3051 dehet
914 2987 1035 3052 diebus
1057 2987 1235 3052 dominicis
1250 2993 1284 3051 et
1297 2988 1393 3051 festis

214 3093 475 3159 solemnioribus
501 3111 602 3157 suum
626 3091 793 3176 populum
817 3091 938 3158 docere
968 3096 1113 3159 verbum
1133 3095 1297 3158 divinum.
1321 3095 1392 3159 lmo

214 3203 392 3286 episcopus
405 3206 519 3285 potest
529 3203 666 3284 exigere
680 3207 718 3266 ut
727 3207 879 3286 tempore
889 3203 1064 3268 Adventus
1075 3210 1109 3268 et
1118 3203 1392 3284 Quadragesimae

214 3309 363 3394 quotidie
384 3309 440 3374 vel
460 3311 568 3374 trihus
589 3310 624 3372 in
648 3310 865 3374 hebdomada
888 3310 1007 3375 diebus
1030 3312 1090 3376 ssat
1112 3311 1305 3394 praedicatio
1320 3330 1393 3394 -per

212 3418 398 3500 parochum
413 3417 518 3500 (conc.
535 3417 636 3495 Tria,
651 3437 734 3482 sess.
763 3419 812 3494 ll,
829 3437 858 3483 c.
873 3418 915 3500 4).
937 3418 1015 3482 llaec
1029 3417 1191 3500 obligatio
1206 3423 1259 3482 ast
1278 3437 1392 3502 perso-

213 3525 300 3591 nalis
312 3546 319 3589 :
331 3529 465 3590 constat
477 3545 520 3590 ex
534 3527 621 3590 Trid.
636 3527 708 3608 (loc.
720 3528 789 3610 cit.)
802 3527 935 3592 dicente
952 3549 985 3591 :a
999 3527 1132 3592 Debent
1140 3547 1201 3612 per
1216 3545 1252 3591 se
1265 3525 1392 3610 velpar

212 3634 308 3710 alios,
323 3634 352 3698 si
365 3633 517 3716 legitime
532 3633 685 3718 impediti
699 3635 836 3700 fuerint.
857 3660 872 3694 »
886 3635 1023 3699 Modum
1050 3633 1153 3698 etiam
1168 3633 1294 3698 indicat
1311 3651 1392 3698 oon-

212 3740 327 3806 cilium
337 3741 437 3818 Tria,
452 3742 534 3806 dum
549 3742 663 3806 subdit
679 3763 686 3805 :
704 3767 719 3800 a
749 3741 868 3806 Plebes
888 3742 951 3805 sibi
973 3741 1173 3806 commissas
1191 3759 1253 3825 pro
1276 3759 1338 3806 sua
1357 3747 1392 3806 et

213 3867 332 3913 aarum
347 3851 531 3932 capacitate
552 3855 693 3933 pascant
706 3849 910 3914 salutaribus
925 3849 1048 3926 verbis,
1067 3848 1220 3914 docendo
1249 3867 1290 3914 ea
1315 3867 1390 3932 quae

213 3955 298 4020 scire
327 3957 485 4022 omnibus
504 3958 735 4022 necessarium
759 3957 868 4021 estad
894 3955 1050 4032 salutem,
1081 3955 1316 4021 annuntiando
1342 3957 1392 4020 eis

212 4080 292 4128 cum
306 4065 471 4130 brevitate
489 4069 523 4130 et
536 4063 696 4131 facilitate
712 4064 880 4129 sermonis
898 4064 982 4129 vitia
1001 4081 1078 4148 quse
1092 4081 1151 4128 eos
1166 4063 1346 4140 declinare,
1359 4067 1394 4127 et

213 4171 357 4238 virtutes
372 4191 456 4258 quas
471 4177 601 4238 sectare
622 4175 767 4255 oportet,
791 4176 829 4235 ut
841 4191 980 4256 poenam
1002 4175 1167 4237 aeternam
1190 4171 1335 4237 evadare
1360 4174 1394 4234 ei

213 4279 389 4346 ooelestem
412 4279 557 4363 gloriam
580 4280 744 4364 consequi
770 4280 916 4345 valeant.
943 4281 1145 4346 Moneantur
1175 4278 1317 4363 proinde
1350 4279 1393 4343 ab

214 4388 374 4472 episcopo
397 4389 627 4472 negligentem
649 4389 707 4453 uhi
722 4407 805 4454 vero
825 4391 947 4454 moniti
968 4389 1071 4453 tn'um
1090 4389 1261 4453 mansium
1283 4388 1392 4471 spatio

214 4515 277 4562 suo
293 4499 428 4561 muneri
443 4496 623 4573 defuerint,
640 4515 702 4580 per
720 4513 882 4562 censuras
898 4497 1153 4574 ecclesiasticas,
1170 4515 1231 4562 seu
1246 4497 1329 4561 alias
1348 4495 1391 4560 ad

214 4605 320 4688 ipsius
340 4605 516 4670 arbitrium
530 4593 740 4688 cogantur...
761 4631 776 4664 u
801 4605 997 4672 Praedicatio
1021 4607 1078 4671 illa
1100 4605 1173 4671 lieri
1195 4605 1296 4669 dehet
1313 4609 1391 4687 post

215 4715 328 4778 missae
345 4713 572 4796 evangelium,
590 4719 629 4780 ut
641 4714 768 4798 pluries
783 4713 966 4780 declaravit
981 4715 1013 4779 S.
1031 4715 1151 4800 Congr.
1166 4713 1265 4779 Gonc.
