3296 6630
535 463 622 516 arnan
644 463 769 508 rannus
790 461 1012 508 necnernuuu.
1302 446 1361 510 39¹1

189 582 241 645 nis
261 585 323 654 est,
343 581 422 664 quia
440 580 552 646 inhcc
565 597 646 644 casu
660 583 793 644 nonest
808 578 985 662 negotium
1001 577 1177 655 saeculare,
1194 579 1254 644 sed
1269 585 1364 645 actus

187 689 332 772 pietatis.

226 800 258 862 6⁰
273 798 437 882 Religiosi
451 817 521 863 non
544 797 671 862 debent
694 799 790 860 extra
808 793 995 859 claustrum
1017 794 1051 858 in
1075 795 1199 860 scholis
1224 796 1365 882 publicis

187 905 305 970 audire
317 905 424 988 leges,
441 923 501 970 seu
518 907 577 988 jus
592 902 702 978 civile,
720 907 755 968 ct
767 901 954 986 physicam,
971 903 1146 986 speciatim
1161 905 1366 970 medicinam

187 1015 226 1096 (c.
241 1016 260 1079 3
275 1015 308 1079 h.
325 1016 374 1098 t),
387 1015 453 1080 nisi
471 1015 561 1078 iutra
575 1013 725 1098 spatium
740 1011 888 1077 duorum
911 1012 1083 1076 mensium
1105 1011 1366 1079 redeant.·ltem

186 1121 423 1198 archidiaconi,
452 1121 579 1196 vicarii,
603 1119 740 1204 plebani
765 1120 968 1202 dignitatem
992 1125 1053 1185 aut
1070 1126 1294 1205 personatum
1307 1123 1367 1186 ha-

187 1231 318 1306 bentes,
334 1229 570 1314 etpresbyteri
595 1229 812 1313 quicumque,
826 1228 1052 1312 prohibentur
1072 1229 1234 1312 praedicta
1248 1231 1365 1298 audire

186 1339 225 1419 (c.
243 1339 302 1403 ssn.
319 1339 353 1401 h.
370 1341 394 1402 t.
412 1343 446 1402 et
459 1356 488 1402 c.
506 1338 521 1401 l
546 1337 582 1400 in
596 1337 651 1418 6⁰).
668 1335 746 1400 llaec
760 1335 1099 1420 prohibitioeratsub
1112 1355 1217 1421 poena
1231 1355 1366 1403 excom-

185 1446 426 1510 municationis
450 1446 524 1528 ipso
544 1446 633 1510 iacto
656 1443 862 1508 incurrenda
888 1443 1001 1527 quoad
1023 1443 1211 1527 regulares,
1229 1445 1257 1509 si
1277 1447 1366 1514 intra

186 1554 272 1619 duos
286 1571 425 1619 meuses
447 1553 490 1619 ad
516 1571 618 1618 suum
638 1552 887 1618 monasterium
902 1571 973 1618 non
991 1557 1108 1618 essent
1119 1553 1259 1618 reversi.
1280 1554 1366 1620 Item

186 1663 299 1746 quoad
314 1663 453 1729 clericos
467 1663 647 1728 saeculares
664 1665 897 1738 enumeratos,
912 1661 941 1726 si
955 1659 1044 1726 ultra
1055 1661 1143 1727 duos
1158 1679 1296 1728 meuses
1310 1682 1367 1728 au-

185 1771 360 1836 divissent.
378 1771 505 1836 Tamen
526 1773 600 1836 haec
623 1769 810 1854 dispositio,
837 1773 955 1854 utpote
979 1769 1135 1853 poenalis,
1156 1789 1226 1842 non
1250 1777 1367 1838 exten-

187 1879 331 1944 debatur
354 1879 397 1944 ad
423 1878 603 1944 saeculares
632 1877 805 1953 diaconos,
837 1877 1063 1944 subdiaconos
1094 1883 1129 1942 et
1157 1879 1364 1956 minoriatas,

185 1988 316 2053 nullam
336 1987 539 2069 dignitatem
557 1991 618 2052 aut
633 1991 857 2071 personatum
878 1987 1092 2063 obtinentes3
1116 2007 1228 2072 neque
1246 1990 1367 2072 proba-

188 2096 289 2160 bilius
304 2095 347 2160 ad
366 2113 424 2161 eos
441 2095 580 2160 clericos
600 2099 660 2160 aut
678 2096 866 2161 monachos
890 2095 949 2178 qui
967 2095 1102 2178 publice
1118 2095 1286 2161 docebant
1303 2098 1365 2161 has

184 2204 358 2281 scientias,
383 2203 574 2287 prasertim
596 2206 654 2287 jus
676 2203 785 2268 civile.
811 2204 937 2268 Verum
959 2203 1061 2268 hodie
1089 2203 1182 2268 nulla
1210 2211 1366 2288 superest
1454 2249 1456 2257 ·

184 2332 286 2396 paena
301 2316 379 2397 post
396 2317 504 2378 const.
526 2313 728 2398 Apostolicar
747 2312 846 2377 Sedis
868 2312 916 2375 Pii
931 2312 984 2375 lx.
1008 2312 1105 2379 Ratio
1127 2313 1364 2396 prohibitionis

183 2425 245 2498 est,
264 2440 308 2485 ne
324 2422 483 2486 monachi
504 2439 642 2486 rursum
656 2421 805 2502 negotiis
820 2420 1004 2484 mundanis
1018 2420 1250 2498 involvantur,
1271 2426 1363 2486 etue
1386 2439 1390 2446 ·

184 2528 335 2593 studium
348 2529 380 2592 S.
395 2527 576 2609 theologiae
593 2527 798 2610 negligatur.

223 2637 351 2702 'lamen
364 2637 477 2714 hodie,
495 2657 538 2702 ex
554 2636 742 2721 privilegiis
756 2641 790 2701 et
803 2637 1063 2714 consuetudine,
1085 2637 1215 2703 clericis
1233 2644 1268 2703 et
1289 2637 1365 2704 reli·
1400 2706 1406 2721 ,

182 2745 288 2830 glosis
309 2765 388 2810 cum
402 2745 539 2810 licentia
552 2745 783 2830 praelatorum
800 2746 930 2810 licitum
946 2751 999 2810 est
1012 2746 1130 2811 audire
1142 2749 1200 2830 jus
1215 2745 1313 2812 civile
1328 2747 1364 2812 in

183 2855 306 2920 scholis
320 2854 483 2939 publicis;
503 2861 538 2920 et
551 2857 624 2920 brec
647 2856 861 2921 cousuetudo
882 2861 934 2920 est
959 2856 1181 2934 rationabilis,
1208 2856 1287 2940 quia
1301 2856 1365 2921 cle-

181 2963 241 3026 rici
255 2981 325 3028 non
337 2962 482 3028 audiunt
492 2967 551 3046 jus
565 2963 664 3028 civile
679 2967 718 3027 ut
732 2981 853 3029 causas
872 2966 1028 3028 forenses
1051 2964 1088 3028 iu
1103 2963 1263 3030 tribunali
1277 2964 1363 3029 laico

182 3074 337 3147 tractent,
355 3071 416 3136 sed
437 3075 475 3135 ut
492 3071 616 3136 melius
639 3071 833 3154 intelligant
847 3072 902 3136 SS.
926 3090 1076 3137 canones
1102 3077 1137 3136 et
1155 3071 1364 3154 theologiam

182 3177 358 3243 moralem.
376 3180 485 3256 Quare
505 3179 541 3243 iu
555 3179 672 3244 multis
688 3179 968 3244 universitatibus
984 3179 1066 3244 olim
1078 3181 1151 3262 jam
1173 3179 1252 3244 data
1266 3184 1364 3244 erant

182 3286 359 3368 privilegia
384 3286 579 3370 apostolica.
607 3287 679 3351 lmo
705 3287 883 3352 decretum
905 3286 989 3350 illud
1012 3305 1041 3350 c.
1069 3287 1089 3350 3
1114 3291 1149 3352 et
1172 3285 1232 3351 ult.
1259 3288 1362 3369 hujus

183 3393 270 3478 tituli
287 3393 423 3458 videtur
436 3395 542 3458 fuisse
560 3395 669 3459 latum
691 3398 830 3477 propter
846 3393 1119 3458 circumstantias
1140 3393 1361 3476 particulares

184 3504 388 3582 temporum,
405 3505 575 3584 quatenus
590 3501 748 3566 monachi
764 3505 799 3566 et
818 3500 943 3578 clerici,
959 3500 1116 3582 neglecto
1137 3499 1249 3564 studio
1266 3500 1361 3566 theo-

181 3605 280 3688 logiae
309 3611 344 3670 et
363 3625 545 3683 canonum,
562 3607 784 3691 praetulerant
796 3626 918 3672 vacare
938 3607 1007 3688 juri
1028 3607 1117 3672 civili
1144 3626 1183 3673 ac
1211 3608 1361 3672 scientiis

182 3713 340 3796 physicis,
353 3715 397 3778 ob
413 3714 598 3798 impulsum
614 3715 656 3780 ab
668 3715 932 3799 imperatoribus
943 3715 1132 3780 Germaniae
1144 3714 1273 3791 datum;
1289 3733 1361 3780 non

183 3837 264 3902 ergo
278 3821 351 3886 sine
366 3822 544 3905 dispendio
560 3839 733 3888 sacrarum
755 3823 975 3888 scientiarum
993 3821 1185 3888 invaluerat
1203 3841 1280 3888 mos
1303 3842 1361 3888 va-

181 3928 280 3993 candi
296 3928 361 3994 illis
375 3929 496 3994 studiis
507 3930 695 4006 extraneis;
711 3933 918 4015 quapropter
929 3929 987 3995 illa
1005 3930 1117 3996 studia
1129 3932 1269 3995 luerunt
1285 3949 1361 4015 pro-

181 4037 298 4114 hibita,
313 4055 383 4103 non
398 4057 466 4124 qua
479 4037 579 4114 mala,
601 4038 660 4102 sed
675 4057 743 4122 qua
761 4039 876 4103 minus
897 4039 1105 4122 pertinentia
1125 4043 1160 4103 et
1174 4037 1357 4103 exclusiva.

455 4305 589 4349 exactem
612 4305 696 4350 bleba
718 4307 845 4351 TERTlUS
867 4305 1086 4351 becherellum.
