3498 5572
401 513 461 604 ddi
863 560 914 608 rus
940 559 1124 608 circuitur.

402 677 588 762 disciplina,
608 677 740 743 nullum
764 680 961 754 coenpbium
985 679 1170 744 mulierum
1200 679 1235 742 in
1264 695 1332 760 quo
1359 677 1594 742 admittuntur

401 789 483 851 vota
509 786 686 864 solemnia,
716 787 904 852 consistere
934 791 1047 872 potest
1071 788 1145 854 sine
1170 785 1328 852 clausura
1358 785 1473 867 (variae
1499 784 1590 850 decl.

402 891 434 956 S.
452 893 573 976 congr.
589 893 696 978 Episc.
714 900 749 960 et
761 893 870 980 Reg.).
1719 959 1720 990 ,

440 1001 473 1064 Ψ
487 1001 556 1066 Lex
568 1000 735 1068 clausere
749 1003 911 1087 importat
924 1004 1121 1084 generatim
1133 1007 1171 1068 ut
1184 1001 1360 1084 regulares
1372 1021 1391 1066 e
1404 1021 1468 1068 suo
1482 1003 1591 1068 domo
1719 1023 1720 1066 t

401 1107 456 1173 vel
468 1110 597 1174 ambitu
612 1109 729 1175 clauso
744 1111 836 1176 exire
852 1111 1147 1176 indiscriminatim
1162 1129 1233 1176 non
1248 1110 1395 1186 valeant,
1408 1111 1463 1175 vel
1476 1117 1593 1175 extra-
1719 1091 1720 1148 i

401 1235 475 1282 nere
489 1236 645 1301 personis
660 1218 740 1284 illuc
753 1219 923 1284 introduci
935 1225 996 1284 eut
1008 1220 1188 1302 pervenire
1203 1219 1511 1293 indiscriminatim,
1522 1237 1590 1283 seu
1719 1247 1720 1260 κ

400 1323 632 1403 siuelfcentia‚
651 1325 846 1392 nullatenus
857 1327 1002 1411 possint.
1719 1389 1720 1392 ,

440 1433 472 1496 3⁰
483 1431 654 1498 Glausurae
670 1435 809 1498 nomine
831 1435 927 1499 venit
954 1439 1064 1499 totum
1092 1434 1175 1498 illud
1200 1433 1350 1518 spetiem
1379 1433 1473 1518 quod
1496 1434 1590 1500 intra
1719 1473 1720 1476 =

401 1545 498 1623 septa
513 1541 714 1606 monasterii
728 1543 932 1618 continetur,
952 1542 986 1606 id
1000 1549 1053 1606 est
1064 1542 1169 1619 cellae‚
1186 1541 1342 1618 officinas,
1355 1541 1585 1615 coenaculum,
1719 1519 1720 1540 ¹

401 1633 859 1727 dormitorinminflrmaria,
879 1651 1026 1734 coquina
1037 1655 1072 1714 et
1082 1649 1280 1732 hujusmodi
1294 1649 1369 1713 alia.
1387 1648 1472 1712 Item
1492 1648 1587 1712 horti

401 1773 439 1820 ac
453 1761 549 1839 prata
563 1775 642 1820 cum
653 1763 828 1824 conventu
836 1758 1035 1826 etolmrsura
1046 1761 1247 1841 conjuncta;
1263 1775 1398 1822 necnon
1418 1756 1585 1832 sacristia,

401 1863 469 1928 imo
492 1869 526 1928 et
540 1864 634 1930 silvae
655 1883 731 1949 quae
747 1867 836 1932 intra
852 1871 948 1950 septe
970 1866 1239 1932 continerentur.
1262 1863 1340 1929 Haec
1365 1865 1482 1930 omnia
1508 1865 1587 1928 loca

400 1988 500 2036 muro
515 1971 746 2037 circumscribi
761 1973 883 2038 solent.

441 2079 470 2160 d)
504 2079 685 2163 Spectatim
720 2083 834 2164 quoad
867 2082 981 2163 legem
1012 2082 1179 2147 clausurae
1201 2081 1368 2158 virorum,
1395 2081 1469 2144 herc
1503 2084 1587 2142 sunt

399 2188 573 2252 notanda:

440 2297 472 2358 1ο
499 2295 648 2360 Feminae
674 2297 908 2378 ingredientes
935 2297 990 2362 vel
1013 2297 1166 2380 religiosi
1192 2297 1267 2363 illas
1293 2297 1516 2363 admittentes
1538 2294 1587 2377 od

401 2409 498 2486 septa
511 2405 721 2482 monasterii,
739 2405 811 2470 sive
825 2411 995 2489 praetextu
1004 2405 1173 2490 privilegii
1185 2427 1246 2471 seu
1256 2405 1458 2498 facultatum
1472 2405 1586 2484 ingre-

401 2511 525 2589 diendi,
542 2513 614 2578 sive
632 2514 704 2577 sine
721 2512 790 2578 ullo
805 2520 986 2597 praetextu,
1003 2515 1182 2580 incurrunt
1196 2515 1270 2598 ipso
1280 2515 1370 2578 facto
1385 2529 1585 2578 excommu-

401 2600 606 2686 nicatiobem
621 2623 699 2688 tstae
719 2626 909 2690 sententiar.
931 2625 981 2690 lta
999 2631 1108 2690 const.
1127 2625 1225 2706 Greg.
1238 2623 1311 2686 Xlll
1328 2623 1392 2686 Ubi
1405 2623 1525 2706 protis
1547 2627 1585 2684 et

401 2727 448 2790 Pii
461 2728 488 2792 V
501 2729 735 2814 Repularr‘um,
752 2737 787 2796 et
800 2731 922 2797 litterae
937 2731 1132 2816 apostolicas
1145 2731 1255 2818 Decet.
1274 2729 1352 2794 llaec
1365 2747 1469 2813 poena
1482 2746 1584 2792 reno-

401 2841 502 2900 vatur
514 2837 550 2900 in
568 2843 677 2902 const.
694 2839 894 2923 Apostolica’
907 2840 1006 2906 Sedis
1021 2841 1070 2904 Pii
1084 2839 1138 2914 tx,
1155 2859 1188 2903 n.
1206 2839 1335 2915 ii,inter
1348 2836 1583 2902 excommuni-

400 2943 551 3009 cationes
573 2945 650 3010 latae
673 2947 851 3011 sententiae
871 2947 969 3012 Rom.
994 2947 1148 3012 Pontifici
1162 2950 1364 3010 reservatas.
1382 2943 1520 3018 Tamen,
1537 2961 1583 3005 ex

400 3057 508 3115 const.
532 3051 656 3117 Bened.
681 3051 751 3116 xlv
764 3053 942 3136 chulcris
967 3054 1161 3139 discriminas,
1188 3053 1403 3136 excipiuntur
1424 3049 1583 3134 quaedam

399 3159 535 3224 feminae
563 3159 695 3224 nobiles
722 3160 779 3226 vel
809 3161 1016 3243 insigniores
1038 3161 1285 3238 benefactores,
1307 3179 1382 3243 quae
1403 3156 1583 3242 privilegia

354 3277 355 3282 ’
400 3263 432 3327 S.
448 3265 544 3330 Sedis
558 3265 734 3345 heberent,
751 3269 794 3333 ab
807 3269 986 3334 ordinariis
1005 3268 1160 3334 locorum
1181 3267 1367 3348 recognita,
1394 3265 1581 3330 dummodo

399 3373 635 3454 ingrediantur
648 3377 785 3459 pietatis
798 3395 912 3454 causa,
927 3397 959 3440 v.
977 3395 1011 3458 g.
1028 3375 1071 3440 ad
1081 3377 1224 3439 missam
1238 3373 1453 3438 audiendam.

440 3479 558 3546 l⁰Non
580 3483 685 3548 modo
704 3483 856 3565 religiosi
877 3489 1056 3567 nequeunt
1081 3500 1246 3566 personas
1274 3487 1465 3554 extraneas,
1495 3499 1582 3562 prat-

402 3589 518 3652 sertim
535 3590 708 3669 mulieres
734 3591 914 3656 admittere
940 3592 1030 3656 intra
1046 3569 1149 3672 'septa
1172 3588 1382 3664 monasterii,
1411 3606 1533 3652 verum
1562 3609 1581 3650 e

400 3696 549 3761 claustro
562 3699 678 3778 egredi
691 3717 762 3763 non
774 3697 900 3777 valent,
917 3699 984 3762 nisi
998 3698 1114 3762 habita
1127 3695 1264 3761 licentia
1285 3715 1306 3760 a
1326 3695 1501 3777 superiore
1518 3696 1582 3758 sub

401 3805 499 3889 cujus
513 3809 681 3887 potestate
697 3811 778 3868 sunt
791 3825 798 3882 ;
812 3805 886 3870 haec
897 3811 1014 3870 autem
1023 3803 1206 3888 prohibitio
1216 3821 1286 3868 nou
1297 3801 1495 3883 egrediendi
1505 3803 1583 3866 abs-

402 3929 468 3996 que
482 3911 618 3977 licentia
630 3931 692 3996 per
710 3931 748 3978 se
762 3919 798 3978 et
811 3933 854 3978 ex
868 3932 996 3994 genere
1012 3931 1074 3977 suo
1092 3918 1145 3977 est
1161 3911 1286 3993 gravis.
1305 3909 1581 3992 Praescriptiones

401 4019 612 4100 pontificales
627 4021 716 4086 circa
727 4021 920 4086 clausuram
936 4023 1088 4086 virorum
1107 4037 1178 4085 non
1192 4019 1378 4103 respiciunt
1396 4035 1583 4098 congrega-

403 4125 513 4190 tiones
526 4127 704 4208 religiosas
716 4129 752 4192 in
764 4129 886 4212 quihus
898 4145 970 4194 non
981 4129 1187 4195 amittuntur
1200 4127 1266 4191 nisi
1280 4129 1362 4191 vota
1376 4124 1549 4209 simplicia.

777 4320 809 4370 11.
826 4320 865 4371 lte
881 4319 1014 4372 clausura
1026 4318 1205 4372 montelium.
1243 4353 1245 4358 -

442 4455 475 4534 a)
502 4452 664 4520 Menidas
679 4453 879 4528 solemniter
905 4455 1068 4536 professae
1096 4454 1145 4518 ita
1171 4452 1285 4516 stricte
1312 4450 1509 4532 obligantur
1535 4447 1580 4512 ad

401 4558 606 4636 dausuram,
631 4565 670 4624 ut
693 4561 756 4626 sub
783 4579 887 4643 prena
910 4560 1274 4626 excomunicationis
1298 4557 1375 4624 later
1399 4555 1577 4622 sententire

402 4667 498 4732 Rom.
531 4666 681 4732 Pontifici
713 4673 939 4732 reservatae
965 4669 1175 4732 monasterio
1201 4667 1318 4748 egredi
1342 4664 1575 4746 nonpossint,
