3510 5574
353 559 414 624 aaa
814 575 865 622 000
884 575 1066 622 cmoritur.

353 695 500 760 conferri
518 695 608 760 intra
626 713 688 761 sex
707 711 857 770 menses,
873 695 952 778 quia
966 692 1129 759 diuturna
1142 693 1273 760 vacatio
1289 693 1533 762 beneficiorum

306 794 307 804 ’
354 807 407 867 cst
419 781 584 868 damnosa
599 803 749 868 ecclesiis
764 807 799 867 et
812 800 1004 886 periculosa
1017 801 1209 866 animabus.

393 913 427 976 2⁰
445 912 479 975 Si
494 911 699 976 beneficium
724 911 768 974 sit
789 909 982 986 electivum,
1000 913 1081 974 tunc
1101 909 1228 976 iterum
1250 910 1533 992 distinguendum

354 1021 509 1084 estinter
528 1020 711 1102 dignitates
732 1020 927 1104 superiores
950 1023 984 1083 et
1006 1019 1173 1084 beneficia
1194 1019 1366 1085 inferiora.
1389 1021 1437 1082 lle
1455 1023 1532 1102 jure

352 1129 526 1193 communi
539 1128 689 1194 ecclesiis
704 1127 954 1194 cathedralibus
970 1132 1005 1192 et
1023 1126 1237 1208 regularibus
1257 1128 1347 1193 intra
1361 1129 1533 1192 trimestre

352 1236 603 1320 providendum
622 1243 686 1313 001,
708 1255 751 1302 ex
772 1255 844 1320 cap.
860 1236 898 1300 11
920 1236 962 1301 de
978 1235 1105 1314 Elect.;
1123 1236 1298 1300 beneflciis
1313 1237 1533 1301 inferioribus

353 1345 441 1410 intra
456 1349 632 1422 semestre,
650 1364 693 1410 ex
707 1363 780 1428 cap.
796 1346 835 1408 11
848 1345 921 1426 huj.
938 1343 988 1408 tit.
1004 1343 1103 1409 Ratio
1117 1343 1322 1409 discriminis
1338 1350 1391 1409 est
1404 1345 1533 1428 perieu-

352 1452 436 1529 lum,
459 1454 549 1537 quod
575 1459 628 1518 est
650 1457 775 1537 majus,
799 1471 843 1516 ex
867 1453 1027 1517 diuturna
1045 1452 1193 1535 pastoris
1213 1453 1374 1528 carentia,
1398 1452 1533 1536 quande

351 1561 465 1642 egitur
478 1561 520 1626 de
533 1563 721 1646 majoribus
737 1561 970 1644 dignitatibus.

390 1671 423 1734 3⁰
438 1671 472 1734 Si
495 1672 700 1736 benellcium
722 1671 767 1735 sit
790 1675 1020 1754 patronatum,
1042 1675 1077 1734 et
1096 1674 1263 1754 patronus
1284 1671 1328 1733 sit
1348 1669 1465 1746 laicus,
1483 1673 1531 1746 ut,

351 1796 383 1840 v.
399 1797 432 1859 g.
450 1780 657 1860 gubernium
675 1777 774 1844 civile
795 1778 908 1863 quoad
927 1780 1115 1862 episcopos,
1130 1779 1221 1842 intra
1235 1782 1383 1861 quatuor
1396 1797 1534 1842 menses

350 1891 517 1968 patronus
538 1893 746 1970 praesentare
770 1892 918 1953 tenatur.
942 1887 976 1952 Si
997 1906 1080 1952 vero
1105 1887 1311 1950 beneficium
1336 1886 1535 1969 subjiciatur

350 1999 496 2078 patrono
511 1995 750 2074 ecclesiastico,
768 2013 830 2061 sex
852 2013 992 2060 menses
1014 1996 1079 2078 ipsi
1100 1995 1143 2060 ad
1162 1995 1442 2078 presentandum
1455 2013 1534 2059 een-

351 2102 529 2168 ceduntur.
555 2104 624 2169 Hoc
646 2101 784 2189 tempus
809 2105 962 2188 incipite
978 2104 1033 2170 die
1046 2105 1171 2170 habitae
1185 2105 1315 2168 nctitiae
1334 2103 1532 2180 vacationis,

350 2229 432 2276 nam
443 2215 580 2295 tempus
596 2215 764 2276 statutum
777 2213 843 2276 fuit
856 2216 976 2277 contra
989 2210 1216 2294 negligentes.
1233 2210 1337 2276 Pcrrc
1360 2212 1418 2294 qui
1439 2211 1535 2292 igno·
1616 2205 1627 2216 ’

351 2325 413 2396 rat,
429 2320 609 2401 negligens
627 2325 688 2385 aut
708 2319 884 2403 culpabilis
900 2320 966 2386 dici
979 2322 1108 2404 nequit.
1126 2320 1175 2386 Ob
1191 2319 1349 2385 eamdem
1364 2319 1534 2383 rationem

352 2431 489 2511 tempus
505 2447 576 2494 non
588 2429 694 2492 currit
707 2428 860 2510 legitime
875 2429 1051 2512 impedito.

393 2537 422 2616 1)
435 2535 544 2602 Poena
570 2554 641 2601 nen
663 2537 914 2602 conferentium
933 2537 1099 2602 beneficia
1118 2535 1275 2601 vacantia
1293 2536 1384 2600 intra
1397 2538 1534 2618 tempus

354 2663 374 2707 0
385 2647 463 2726 jure
476 2646 725 2728 praecriptum,
738 2651 791 2710 001
804 2647 895 2730 quod
909 2651 1061 2728 potestas
1075 2645 1273 2711 conterendi
1285 2643 1478 2722 devolvitur
1491 2643 1534 2708 ad
1658 2667 1667 2682 ·
1747 2683 1748 2758 p

354 2753 577 2837 superiorem,
594 2753 721 2818 00111001
734 2755 777 2818 ad
792 2753 889 2818 illum
910 2754 952 2819 ed
972 2772 1076 2838 quem
1096 2758 1226 2837 spectat
1245 2757 1397 2837 potestas
1413 2752 1534 2818 constr·

352 2862 469 2926 mandi
484 2863 644 2940 electum,
658 2862 715 2928 vel
728 2863 929 2929 instituendi
944 2868 1201 2947 presentatum.

782 3247 996 3322 TITULUS
1032 3247 1098 3319 IX.

544 3424 602 3479 ltu,
632 3425 721 3468 subu
747 3425 929 3480 VACANTE,
957 3425 1106 3476 Attoulb
1132 3423 1344 3468 lNNOVETUll.

394 3729 489 3794 Nera.
519 3729 549 3792 1⁰
575 3728 748 3794 Gennexio
774 3729 878 3811 hujus
906 3728 994 3792 tituli
1020 3746 1100 3792 cum
1129 3729 1305 3811 superiore
1341 3731 1394 3791 est
1421 3727 1531 3792 obvia.

356 3837 540 3922 Postquam
557 3838 598 3902 de
619 3839 823 3903 necessitate
843 3841 1013 3902 vaceturae
1030 3837 1233 3920 providendi
1254 3834 1405 3901 ecclesia.
1419 3839 1535 3900 actum

356 3955 418 4026 eat,
434 3950 722 4015 considerandum
742 3951 838 4015 venit
860 3950 943 4034 quid
965 3968 1068 4032 agere
1088 3952 1244 4034 operteat
1266 3952 1420 4032 tempore
1444 3945 1535 4010 illius

356 4063 525 4124 vacatura
542 4077 625 4142 :per
639 4059 757 4123 sedem
771 4063 951 4124 vacantem
967 4058 1063 4124 venit
1076 4057 1267 4142 praesertim
1286 4055 1385 4122 sedes
1407 4057 1536 4139 episcc-

356 4167 453 4251 palis‚
471 4186 532 4232 seu
553 4167 694 4233 ecclesia
712 4168 926 4234 cathedralis.
952 4169 991 4232 ln
1015 4169 1079 4232 hac
1102 4167 1255 4245 materia,
1273 4165 1348 4230 duae
1366 4164 1536 4229 habentur

356 4277 484 4359 regulae
494 4277 582 4361 juris
599 4297 674 4362 quea
687 4279 778 4344 inter
793 4299 830 4345 00
845 4297 998 4364 pugnare
1013 4279 1183 4344 videntur.
1197 4275 1310 4340 Prima
1330 4279 1383 4339 ast
1403 4275 1537 4339 rubrica

356 4385 460 4468 hujus
475 4385 581 4449 tituli:
592 4385 680 4451 Sede
694 4393 992 4466 0000010οο0οπ
1006 4386 1142 4472 aliquid
1153 4383 1396 4450 innovandum.
1409 4381 1534 4458 Altera,

284 4575 288 4583 ι
357 4513 433 4578 quae
448 4493 639 4560 desumitur
648 4513 692 4561 ex
703 4496 807 4560 variis
821 4497 999 4580 capitibus,
1016 4500 1069 4561 001
1082 4513 1231 4580 sequens
1251 4515 1259 4557 :
1277 4493 1365 4558 Sede
1379 4497 1534 4568 0000010,

352 4602 544 4682 jurisdictio
565 4604 711 4687 epr'acopz'
729 4606 855 4670 transit
882 4607 917 4668 in
940 4605 1128 4690 capitulum
1149 4603 1292 4682 00010010
1315 4597 1531 4664 cathedralis.

356 4709 492 4787 Verum,
511 4711 546 4776 in
565 4712 725 4794 praesenti
747 4713 845 4778 titulo
864 4713 1087 4779 conciliantur
1107 4713 1182 4776 istae
1203 4709 1343 4794 regulae,
1359 4708 1442 4774 dum
1469 4705 1535 4770 dis-
