3296 6630
380 612 647 690 nncrurmm
677 615 796 690 snnrs
825 613 1098 693 aeosromcn

190 828 517 936 DECRETA
558 817 649 938 AG
693 829 1289 940 DECLARATIONES

423 1061 487 1108 dact
497 1063 626 1110 PMleblS
635 1064 781 1120 odksttotts
791 1065 820 1110 ut
828 1064 912 1118 ollibus
923 1064 998 1110 tetdtt
1010 1064 1049 1110 Εδῐ

336 1235 394 1282 IN
426 1235 596 1284 LIBRO
628 1236 696 1282 111
729 1235 1144 1284 DECRETALIUM.

474 1445 1003 1500 mmmmm-w·-

628 1743 851 1806 MONITUM.

184 1921 307 1976 Decreta
330 1916 455 1976 inlerius
477 1917 621 1976 tradenda
639 1923 799 1976 versantur
821 1918 901 1976 eirca
919 1933 968 1977 res
991 1917 1089 1992 magis
1111 1917 1254 1988 usitatas,
1274 1931 1330 1978 seu

50 1999 52 2004 ’
147 2023 216 2082 quae
234 2008 266 2065 in
285 2007 427 2081 praesenti
444 2007 612 2080 disciplinae
633 2013 713 2066 statu
732 2007 923 2082 frequentius
943 2014 1115 2068 occurrunt.
1133 2008 1233 2066 llultae
1250 2008 1331 2066 enim

91 2103 93 2106 ’
148 2102 222 2154 sunt
242 2096 427 2169 quaestiones
445 2096 483 2154 ab
501 2095 724 2168 antiquioribus
740 2100 798 2155 Db.
815 2097 945 2170 agitatae,
967 2111 1035 2170 quae
1055 2095 1170 2156 nostris
1189 2094 1329 2168 tempori-

147 2185 270 2255 bus‚'ob
286 2185 385 2244 varias
401 2185 583 2244 mutationes
599 2186 630 2243 in
647 2190 727 2244 statu
742 2187 929 2244 oeconomico
943 2185 1151 2254 ecclesiarum,
1170 2183 1329 2244 beneficio-

148 2291 227 2343 rum,
249 2279 317 2344 ote,
333 2281 407 2334 sunt
426 2277 495 2348 plus
513 2276 652 2336 minusve
670 2275 823 2346 obsoletae,
839 2276 966 2350 ideoque
986 2276 1161 2334 innumeras
1177 2273 1330 2350 negligere

149 2364 311 2424 debuimus
324 2365 541 2424 declarationes
556 2365 593 2424 ad
608 2365 700 2439 hujus
721 2365 789 2424 libri
809 2365 960 2439 objectum
976 2365 1172 2438 pertinentes.
1189 2363 1285 2437 igitur
1298 2364 1329 2420 in

148 2455 293 2512 electione
308 2454 428 2537 illorum
442 2459 556 2515 Sanctae
570 2455 655 2515 Sedis
667 2457 865 2526 decretorum,
876 2457 913 2515 ad
929 2455 989 2514 duo
1002 2454 1200 2528 respeximus
1215 2453 1331 2512 scilicet

150 2542 247 2616 adjus
257 2544 364 2618 vigens
375 2549 404 2602 ct
414 2546 449 2603 ed
462 2544 584 2620 negotia
594 2546 692 2621 magis
706 2546 894 2619 frequentata
903 2545 981 2604 intra
991 2543 1138 2604 ambitum
1149 2542 1329 2616 illiusjmis.

186 2635 372 2694 Admodum
396 2636 544 2694 reserandi
567 2637 648 2709 quod
669 2641 795 2710 spectat,
812 2641 845 2694 ut
867 2635 1004 2694 brevitati
1026 2633 1269 2704 consuleremus
1292 2649 1330 2693 ex

148 2724 373 2796 compendiosis
397 2725 594 2784 relationibus
616 2739 813 2785 causamme
833 2723 1011 2784 clarissimis
1031 2723 1105 2782 viris
1123 2723 1283 2782 Zambonio
1301 2729 1331 2782 et

150 2815 332 2874 Gardellinio
346 2815 488 2886 conditis,
504 2815 572 2876 illas
586 2817 617 2876 in
634 2817 739 2890 primis
754 2815 961 2889 excerpsimus
974 2814 1175 2874 resolutiones
1189 2817 1240 2872 ss.
1256 2817 1330 2874 Gon-

149 2905 372 2978 gregationum,
385 2921 453 2980 queo
466 2912 605 2966 nostrum
616 2907 804 2982 propositum
815 2911 961 2980 spectant3
974 2905 1081 2965 deinde
1090 2904 1329 2980 recentiorequae

147 2993 180 3050 in
196 2994 326 3054 laudatis
340 2995 568 3056 collectionibus
585 2997 738 3067 deficiunt,
753 2983 915 3072 diligenter
928 2995 1116 3064 addidimus,
1134 2993 1235 3054 eedem
1254 2994 1329 3053 rele-

147 3085 233 3143 rendi
249 3084 388 3143 methodo
404 3087 569 3160 generatim
584 3087 751 3146 observata.

572 3458 725 3534 SECTIO
753 3457 908 3534 PRle.

368 3635 409 3680 DE
439 3635 650 3682 doddsrlrr:
676 3635 846 3680 nxrmltrtn
872 3635 1108 3681 clearcoltdlt.

535 3953 554 4003 l.
578 3949 625 4003 De
646 3949 766 4002 habitu
786 3950 942 4004 manenti.

180 4081 327 4149 Quamvis
344 4085 373 4140 S·
390 4081 550 4141 concilium
570 4082 774 4142 Tridentinum
793 4081 893 4140 verbis
909 4083 1062 4156 expressis
1081 4096 1142 4140 non
1164 4079 1331 4156 injunxerit

141 4165 362 4226 ecclesiasticis
378 4167 517 4240 personis
536 4181 627 4225 usum
641 4167 733 4226 vestis
754 4167 869 4237 talaris,
887 4167 940 4225 sed
960 4167 1059 4226 solum
1076 4165 1205 4239 jusserit
1220 4164 1328 4223 deferri

140 4248 294 4323 habitum,
311 4253 510 4313 nibilominus
523 4261 588 4313 rata
602 4269 721 4326 semper
735 4255 835 4313 habita
850 4263 923 4314 sunt
936 4256 1055 4314 decreta
1069 4255 1280 4328 episcoporum
1293 4254 1329 4312 dc

143 4353 208 4398 usu
222 4342 316 4402 vestis
331 4342 434 4401 talaris
448 4343 567 4414 (solea,
582 4343 690 4412 Edict,
707 4349 740 4402 27
757 4349 833 4417 sept.
850 4347 929 4414 maa,
945 4345 1012 4418 54).

178 4431 300 4490 Decens
315 4431 403 4490 debet
418 4448 486 4491 esse
500 4434 594 4491 restis
610 4433 769 4504 clericalis,
785 4435 838 4492 sed
851 4433 985 4492 nondum
998 4434 1030 4492 in
1041 4435 1110 4507 jure
1122 4437 1269 4492 statutum
1283 4439 1330 4492 est

142 4518 194 4590 cuj
205 4522 322 4580 usmodi
336 4537 404 4581 csse
420 4523 535 4592 debeat,
552 4523 609 4582 uisi
625 4524 706 4597 quod
723 4523 814 4596 recipi
831 4523 936 4582 debeat
953 4541 987 4582 ac
1002 4523 1123 4582 retineri
1138 4539 1173 4581 ea
1187 4537 1277 4595 quam
1293 4539 1329 4582 ex

143 4605 208 4667 loci
224 4611 366 4687 qualitate
382 4613 552 4676 communis
566 4628 643 4672 usus
658 4613 795 4688 probarit
809 4613 910 4688 (spol,
929 4617 961 4672 ll
973 4613 1036 4688 ian.
1055 4619 1133 4686 lida,
1149 4613 1217 4688 §ll
