3510 5574
653 3 798 14 ..τῇ-υ·-

11 9 650 209 w

562 623 648 682 traca
669 623 798 682 iterius
818 625 1043 683 hscntmnmir'.
1334 606 1390 682 eet

214 768 338 834 nempe
353 769 409 816 res
427 749 483 816 vel
506 753 661 834 pecunia,
677 753 713 817 in
727 754 1024 819 confirmationem
1043 757 1237 819 contractus
1257 753 1299 818 ad
1316 755 1395 836 ejus

215 860 443 936 securitatem,
462 864 497 924 et
518 864 557 923 ut
574 861 815 927 contrahentes
837 861 935 926 illum
952 863 995 927 ad
1013 863 1175 927 effectum
1196 861 1394 946 perducant.

214 967 334 1031 Ditiert
346 985 368 1032 a
381 967 537 1050 pignore,
555 967 646 1051 quod
661 973 714 1034 est
727 969 855 1054 aliquid
866 974 1047 1034 externum
1062 969 1120 1034 tali
1135 985 1278 1032 summae
1294 969 1398 1053 mqui-

214 1073 345 1139 valens.
648 1085 651 1090 ’

254 1184 287 1245 t·
301 1181 335 1246 Si
345 1183 446 1248 arrha
462 1182 610 1248 daturin
626 1184 844 1248 securitatem
856 1189 1051 1249 contractus
1063 1183 1220 1261 faciendi,
1232 1184 1311 1250 licet
1326 1185 1399 1268 qui-

216 1290 295 1354 dem
313 1295 522 1356 econtractu
540 1291 723 1367 abstinere,
745 1291 805 1356 sed
821 1295 957 1374 emptor
979 1291 1116 1356 arrham
1137 1291 1252 1355 datam
1275 1291 1396 1374 perdit,

214 1397 373 1462 venditor
387 1415 471 1462 vero
483 1397 638 1463 resiliens
654 1397 796 1483 duplum
808 1399 917 1464 arrhae
932 1399 1083 1482 pendere
1103 1399 1246 1479 cogitur.
1272 1399 1399 1462 Tamen

216 1507 244 1570 si
260 1511 352 1572 esset
363 1509 458 1589 justa
471 1523 575 1574 causa
593 1507 777 1584 resiliendi,
795 1507 878 1572 nulli
893 1525 1004 1592 poenae
1018 1507 1113 1573 locus
1129 1513 1221 1572 esset
1247 1527 1254 1570 :
1276 1507 1323 1572 ita
1342 1509 1399 1590 jus

216 1613 419 1679 Romanum.

255 1721 288 1786 Ψ
303 1721 336 1786 Si
349 1724 450 1788 arrha
463 1724 543 1790 data
555 1729 607 1789 est
621 1726 656 1806 tn
675 1725 974 1791 confirmationem
996 1729 1191 1788 contractus
1212 1725 1285 1804 J'am
1311 1721 1396 1797 initi,

216 1831 389 1907 nonlicet,
407 1830 515 1896 altero
529 1832 648 1908 invito,
666 1851 687 1898 a
700 1837 877 1897 contractu
895 1831 1026 1896 resilire
1040 1851 1047 1908 ;
1060 1849 1141 1895 nam
1156 1835 1401 1894 contractusex

217 1939 383 2021 postfacto
399 1945 480 2003 sunt
491 1940 712 2017 :necessitatis
731 1959 738 2002 :
756 1958 859 2023 quam
874 1939 1115 2004 necessitatem
1133 1957 1203 2002 non
1218 1935 1315 2012 tollit,
1340 1935 1400 2000 sed

217 2047 331 2110 tirmat
345 2047 446 2112 arrha
463 2068 470 2110 :
492 2049 539 2113 ita
550 2051 608 2131 jus
623 2049 721 2113 Rom.
925 2055 928 2064 '

258 2155 285 2233 c)
305 2153 497 2220 venditioni
516 2156 617 2240 adjici
638 2161 753 2240 potest
764 2165 908 2242 pactum
933 2155 1135 2223 addiete‘onis
1159 2155 1194 2218 in
1218 2155 1319 2230 diem,
1339 2170 1398 2216 seu

217 2262 401 2327 conventio
416 2280 484 2346 qua
496 2261 577 2328 licet
586 2262 757 2329 venditori
769 2283 844 2328 rem
858 2259 1218 2338 venditamuni,alteri
1229 2259 1397 2335 addicere,

220 2371 247 2434 si
269 2369 334 2434 hoo
353 2369 443 2435 intra
457 2375 590 2436 certum
609 2377 746 2454 tempus
767 2371 948 2436 meliorem
968 2371 1032 2453 ipsi
1056 2369 1299 2443 conditionem,
1315 2386 1349 2432 v.
1365 2385 1399 2448 g.

218 2481 332 2562 majus
347 2479 507 2563 pretium,
523 2479 666 2545 afferat:
683 2479 770 2544 ratio
788 2484 850 2556 est,
869 2480 949 2562 quia
966 2479 1085 2543 nullibi
1099 2479 1135 2541 in
1146 2479 1225 2562 Jure
1238 2476 1402 2543 canonico

218 2585 432 2670 reprobatur,
448 2593 483 2652 et
495 2588 700 2670 regulariter
719 2588 801 2653 iacit
823 2588 965 2652 minime
989 2587 1224 2652 venditionem
1240 2585 1403 2651 conditio·

219 2700 335 2762 natam
352 2696 565 2778 suspensive,
583 2696 643 2760 sed
658 2695 853 2762 absolutam
866 2695 1048 2780 relinquit;
1073 2713 1154 2760 nam
1175 2701 1319 2760 eventus
1333 2711 1403 2758 me-

218 2801 312 2866 lioris
325 2803 531 2868 conditionis
545 2823 616 2868 nou
631 2804 819 2888 suspendit,
832 2804 893 2869 sed
903 2804 1044 2870 resolvit
1057 2809 1279 2870 conuectum.
1335 2864 1336 2872 ,

260 2909 336 2984 Sed,
361 2915 399 2975 ut
417 2911 482 2976 hoc
503 2917 641 2995 pactum
660 2912 784 2988 valeat,
801 2911 900 2994 plura
920 2913 1142 2996 requiruntur
1163 2933 1170 2974 ε
1195 2913 1226 2976 1⁰
1254 2917 1292 2975 ut
1316 2911 1402 2974 alius

221 3023 355 3102 emptor
369 3017 548 3084 meliorem
568 3019 801 3084 conditionem
825 3020 957 3084 sincere
978 3019 1099 3084 afferat
1118 3025 1153 3084 et
1170 3021 1244 3083 siue
1267 3017 1403 3082 simula-

221 3125 330 3202 tione;
347 3127 380 3189 2⁰
396 3131 435 3188 ut
448 3126 627 3190 meliorem
650 3127 882 3192 conditionem
909 3127 995 3192 nolit
1018 3128 1148 3210 primus
1172 3131 1306 3211 emptor
1329 3127 1401 3209 ipse

221 3237 400 3313 praestare3
416 3233 448 3296 3·
464 3239 502 3296 ut
517 3234 677 3299 venditor
691 3233 870 3298 meliorem
882 3234 1114 3298 conditionem
1133 3239 1302 3317 acceptet;
1317 3233 1349 3296 4⁰
1366 3239 1403 3296 ut

220 3341 379 3406 venditor
392 3341 542 3404 secundo
558 3341 704 3424 emptori
718 3359 792 3405 rem
811 3341 946 3406 addicat
961 3341 1166 3424 simpliciter,
1185 3346 1219 3404 et
1234 3359 1303 3404 non
1324 3359 1402 3403 cum

222 3467 313 3514 nova
326 3449 519 3514 addictione
533 3449 569 3512 in
585 3449 691 3526 diem;
707 3453 740 3514 5⁰
755 3456 793 3514 ut
808 3457 947 3534 pactum
961 3451 1150 3516 venditioni
1165 3451 1200 3514 in
1214 3449 1401 3514 continenti

221 3557 409 3640 adjiciatur,
426 3563 628 3622 nouantem
643 3577 687 3622 ex
700 3558 891 3624 intervallo.
909 3558 959 3624 lta
968 3562 1025 3641 jus
1041 3559 1138 3624 Rom.

260 3665 353 3730 'lunc
366 3671 502 3748 emptor
514 3667 554 3730 tlt
566 3665 682 3730 statim
697 3666 857 3731 dominus
871 3668 937 3742 rei,
956 3667 1107 3732 dominio
1122 3665 1245 3731 saltem
1263 3685 1402 3732 revoca-

222 3773 290 3850 hili,
307 3775 437 3838 fructus
453 3791 535 3838 suos
549 3774 630 3838 iacit
644 3779 678 3838 et
693 3781 857 3858 tauquam
880 3775 1040 3839 dominus
1059 3775 1199 3857 suscipit
1213 3775 1402 3857 periculum

222 3883 271 3946 rei
286 3888 411 3964 emptae
428 3901 435 3944 ε
452 3882 501 3946 ita
514 3899 677 3964 expresse
698 3885 756 3965 jus
781 3881 877 3946 Rom.
893 3903 900 3958 ;
918 3883 977 3947 sed
993 3883 1021 3946 si
1045 3883 1197 3947 venditio
1215 3867 1403 3947 celebrare-

224 3997 278 4054 tur
292 3991 355 4054 suh
378 3988 574 4054 conditione
595 3991 809 4074 suspensiva,
832 3991 916 4054 nihil
939 3992 1074 4068 horum,
1093 3991 1265 4074 pendente
1288 3991 1402 4054 condi-

207 4099 326 4174 tione,
347 4099 489 4164 haberet
507 4103 652 4179 emptor.
672 4097 716 4172 Si,
735 4103 887 4180 tempore
903 4099 1010 4180 lapso,
1029 4099 1152 4162 melior
1165 4099 1315 4162 conditio
1334 4117 1403 4164 non
1455 4101 1459 4110 '

223 4205 411 4282 estoblata,
422 4224 479 4269 res
491 4206 531 4268 itt
553 4205 717 4287 emptoris
732 4203 1017 4282 irrevocabiliter3
1039 4207 1067 4269 si
1089 4225 1172 4270 vero
1186 4206 1308 4270 melior
1324 4225 1404 4270 con-

223 4314 305 4378 ditio
314 4313 429 4378 oblata
438 4319 501 4391 est,
512 4311 665 4377 venditio
678 4311 872 4387 resolvitur,
884 4319 918 4376 et
928 4332 983 4377 res
997 4333 1076 4378 cum
1090 4313 1266 4388 fructibus,
1282 4314 1403 4378 saltem

224 4422 448 4498 exstantibus,
464 4421 656 4485 restituitur
669 4419 850 4484 venditori.
874 4419 951 4484 Haeo
966 4421 1082 4485 omnia
1094 4427 1254 4486 constant
1270 4441 1312 4486 ex
1325 4425 1402 4504 jure

224 4527 334 4607 Rom,
351 4529 405 4594 cui
420 4529 654 4610 suffragantur
667 4527 725 4591 GC.

264 4637 299 4719 d)
317 4637 515 4702 venditioni
540 4642 655 4720 potest
685 4637 789 4700 etiam
814 4635 925 4718 adjici,
953 4653 996 4701 ex
1025 4638 1103 4718 jure
1136 4637 1233 4701 Rom.
1259 4645 1294 4702 et
1321 4638 1405 4704 Gall.

224 4745 298 4827 (art.
317 4747 418 4827 laad),
430 4753 572 4830 pactum
585 4745 667 4828 lepis
682 4746 926 4808 comrntssortoe.
