3488 5564
492 571 578 624 mem
600 575 750 622 ssccrocs
772 575 988 622 pecuarium.
1099 605 1101 611 .
1292 557 1331 621 33

164 696 308 760 llomauo
321 693 470 778 legitur:
497 720 513 752 ι(
527 694 607 772 Quae
620 694 789 775 religiosis
811 695 996 770 adhaerent,
1013 693 1174 776 religiosa
1195 694 1296 759 ssunt.
1315 721 1329 752 a
1398 742 1400 751 .

162 802 221 867 Sed
235 804 399 888 quaeritur

198 915 228 980 3⁰
242 915 297 979 An
307 916 546 979 cotcsuctndine
559 916 728 980 introduci
734 917 841 1000 possit
855 915 1010 997 ntjndec
1019 915 1332 1002 secutorisccpnca-

160 1024 383 1088 cotdecunsis
398 1025 543 1088 rentibus
567 1025 789 1088 clericor-nm?
813 1024 907 1088 Multi
932 1025 1117 1089 canonista
1133 1030 1167 1088 et
1181 1024 1331 1106 theologi

160 1130 277 1196 docent
291 1132 385 1198 illam
402 1152 476 1198 esse
490 1132 729 1215 corruptelam,
748 1138 820 1196 tum
836 1133 916 1216 quia
929 1133 964 1196 in
979 1151 1015 1196 se
1031 1139 1164 1198 nonest
1178 1153 1241 1198 nec
1256 1152 1331 1197 esse

158 1247 265 1324 potest
292 1241 514 1316 rationabilis,
544 1247 617 1304 tum
639 1243 719 1326 quia
743 1243 776 1304 in
814 1241 956 1306 articulo
989 1263 1043 1305 vm
1079 1243 1330 1308 constitutionis

158 1351 354 1432 Apostolica‘
376 1350 473 1416 Sedis
487 1350 535 1412 Pii
549 1350 591 1413 lll
606 1351 912 1415 excommunicatio
927 1352 1035 1415 fertur
1047 1352 1119 1414 sine
1138 1351 1330 1416 discrimine

158 1464 269 1523 contra
283 1459 487 1524 invadentes
497 1459 689 1524 libertatem
705 1465 744 1522 et
750 1462 828 1542 jura
842 1457 1008 1523 Ecclesiae.
1024 1459 1086 1522 mii
1103 1465 1217 1524 tamen
1232 1461 1331 1524 coho-

158 1573 287 1632 nestare
317 1567 438 1632 volunt
461 1568 553 1634 illam
575 1589 617 1632 ex
634 1569 733 1634 tacito
748 1588 919 1633 consensu
939 1569 1069 1631 Summi
1092 1567 1261 1632 Pontificis
1277 1569 1331 1632 vel

156 1675 273 1738 saltem
282 1695 328 1740 ex
333 1679 409 1758 jure
420 1677 673 1750 reservationis,
691 1682 859 1760 quatenus
873 1677 1052 1760 principes
1068 1677 1217 1740 dotando
1229 1677 1332 1740 eccle-

156 1788 236 1852 siam
253 1807 335 1851 cum
351 1807 520 1852 consensu
534 1789 642 1872 Papa,
661 1789 722 1852 sihi
744 1793 959 1852 reservarent
970 1791 1028 1870 jus
1042 1787 1220 1851 exercendi
1231 1761 1333 1870 jmis-
1363 1835 1366 1842 .

156 1893 337 1960 dictionem
352 1897 387 1960 in
409 1897 498 1960 bona
515 1897 664 1960 ecclesiis
684 1902 718 1960 et
732 1895 861 1960 clericis
876 1903 1048 1961 concessa.

191 2007 216 2084 c)
232 2005 370 2069 Ducitur
385 2005 520 2088 quidem
545 2008 762 2090 acceptiones.
792 2005 886 2068 liccdc
908 2024 1019 2070 corum
1046 2005 1201 2070 snccdcri
1216 2005 1332 2086 jndice

155 2113 476 2198 corrneniripcssnnt
490 2114 602 2178 clerici
615 2133 626 2178 :

190 2222 220 2284 t·
235 2221 435 2298 Siclen'cus,
451 2227 601 2299 utactor,
615 2223 943 2298 conveniatlaicum;
964 2228 1044 2288 tunc
1058 2223 1273 2288 enimforum
1283 2223 1332 2284 rei

155 2331 247 2413 sequi
265 2331 388 2406 dehet;

189 2439 221 2501 2⁰
235 2438 270 2501 Si
285 2439 361 2522 ipse
377 2438 519 2503 clericus
542 2439 766 2505 conveniatur
779 2439 919 2504 nomine
933 2440 1055 2516 alieno,
1074 2459 1134 2504 seu
1159 2459 1191 2503 v.
1208 2459 1241 2522 g.
1261 2445 1332 2504 tan-

154 2565 253 2630 quam
265 2551 370 2622 tutor,
380 2552 580 2630 procurator
588 2548 731 2632 alicujus
741 2547 828 2624 laici,
856 2554 936 2612 tuuc
951 2550 1331 2613 sortiturlorumcoram

151 2656 260 2738 judice
286 2656 460 2732 saeculari;
477 2657 645 2741 siquidem
667 2677 737 2722 uon
761 2657 949 2740 attenditur
960 2677 1115 2742 personae
1130 2658 1253 2734 clerici,
1271 2656 1331 2721 sed

154 2783 270 2830 eorum
288 2784 437 2849 quorum
451 2767 589 2832 uomina
604 2769 824 2843 convenitur;

188 2875 221 2938 3ο
235 2875 275 2938 ln
289 2894 372 2940 casu
386 2876 574 2952 evictionis,
589 2876 671 2939 dum
685 2877 1067 2959 agiturcoutralaicum,
1079 2878 1120 2942 ad
1133 2875 1229 2940 illum
1240 2876 1331 2939 evin·

152 2984 300 3048 cendum
315 3003 350 3048 re
366 2984 479 3067 aliqua
493 3003 596 3068 quam
612 2985 694 3048 emit
708 3004 728 3048 a
742 2984 879 3062 clerico;
907 2991 988 3048 tunc
1005 2985 1146 3049 clericus
1161 2984 1328 3059 venditor,

154 3092 178 3154 si
193 3093 299 3158 luerit
314 3098 454 3157 vocatus
478 3095 521 3158 ab
539 3099 702 3176 emptore,
721 3093 752 3156 ei
767 3095 925 3159 assistere
950 3093 1060 3170 debet,
1089 3094 1192 3158 etiam
1216 3111 1331 3157 coram

151 3201 262 3281 judice
277 3199 383 3278 laico;

188 3303 221 3370 4⁰
236 3309 271 3372 Si
285 3310 378 3374 bona
392 3309 580 3376 immobilia
604 3331 624 3376 a
645 3311 809 3396 principio
826 3311 977 3377 ecclesiis
991 3310 1046 3375 vel
1060 3309 1189 3374 clericis
1205 3309 1330 3373 donata

154 3417 229 3493 sint,
261 3435 342 3481 cum
373 3420 605 3484 reservatione
627 3421 872 3503 jurisdictionis
901 3439 961 3484 seu
984 3437 1062 3482 cum
1084 3423 1183 3501 pacto
1209 3421 1247 3479 ut
1268 3417 1330 3478 suh

154 3525 274 3589 eodem
290 3528 366 3591 soro
380 3533 543 3592 maneant
556 3529 619 3592 sub
639 3547 706 3612 quo
721 3531 814 3612 prius
829 3530 1034 3603 existebant;
1050 3527 1123 3590 hac
1139 3525 1231 3589 enim
1253 3543 1330 3588 con-

156 3633 235 3699 ditio
251 3639 306 3700 est
316 3637 411 3718 justa
425 3654 464 3700 ac
477 3637 620 3718 proinde
636 3638 813 3702 servanda.
832 3637 957 3701 Verum

190 3745 222 3826 d)
242 3736 1128 3829 chnritnrunaliqnandojndersacularisclcricum
1137 3742 1330 3824 delinquen-

152 3859 216 3914 tem
230 3871 350 3936 capere
364 3861 396 3932 et
411 3853 618 3918 incarcerare
630 3857 738 3938 possit
753 3855 771 3920 ?

189 3959 291 4044 Resp.
332 3963 535 4028 affirmative
562 3970 744 4029 :attamen
783 3963 879 4027 illum
922 3963 1176 4047 delinquentem
1213 3958 1331 4041 nequit

149 4069 301 4148 judicare
326 4076 386 4136 aut
398 4071 542 4154 punire;
575 4074 634 4138 sed
652 4072 869 4138 solummodo
895 4073 1027 4139 tradere
1046 4067 1205 4154 potestati
1228 4064 1329 4130 eccle-

152 4176 306 4242 siasticae.
1056 4187 1062 4194 '

189 4285 382 4351 Notandum
415 4295 467 4354 est
506 4293 609 4358 etiam
629 4292 694 4357 hoc
714 4293 788 4357 lieri
812 4311 882 4357 non
911 4310 1012 4374 posse
1039 4287 1175 4372 propria
1207 4283 1329 4368 jndicis

152 4393 320 4460 saecularis
339 4403 520 4480 potestate,
538 4401 597 4465 sed
622 4421 665 4465 ex
684 4403 926 4466 commissione
949 4399 1005 4464 vel
1025 4413 1206 4470 consensu,
1227 4393 1329 4456 etiam

152 4503 393 4570 rationabiliter
404 4514 631 4592 praesumpto,
648 4511 753 4594 ipsius
768 4510 932 4575 Ecclesia.
943 4507 1020 4572 llaec
1033 4503 1212 4591 permissio
1222 4499 1329 4564 Eccle-

152 4609 366 4679 siccabatur
380 4615 435 4680 vel
450 4619 670 4702 praesumitur
686 4640 692 4683 :

190 4721 220 4783 l⁰
237 4721 321 4788 Gom
337 4723 478 4791 clericus
502 4726 601 4792 alicui
624 4747 728 4808 grave
750 4727 879 4792 malum
905 4727 1029 4790 inferre
1055 4723 1139 4795 vult,
1163 4719 1218 4784 vel
1237 4715 1328 4782 aliud

290 4851 323 4894 n.
1167 4833 1186 4892 3
