3440 5568
355 565 417 634 666
811 592 862 638 rus
882 591 1062 642 canonicali.

393 707 486 764 limus
500 704 662 778 episcopua
685 709 714 764 S.
735 706 845 766 Floria
864 711 893 767 s.
914 713 948 769 11.
968 713 999 769 G.
1022 709 1175 770 humiliter
1189 708 1322 784 postulat
1346 709 1528 770 solutionem

357 794 548 874 sequentium
571 795 772 868 quaestionum
792 795 822 855 in
847 798 1071 858 consecratione
1096 798 1210 872 lapidis
1228 799 1341 869 altaris,
1366 798 1527 858 videlicet:

357 881 471 942 Dicitur
484 883 514 942 in
530 883 697 944 pontificali
714 885 795 958 quod
815 885 984 962 episcopus,
1007 892 1166 962 postquam
1186 887 1377 948 madefecerit
1390 887 1528 961 pollicem

357 971 388 1030 in
403 985 483 1046 aqua
495 971 662 1044 benedicta,
678 973 749 1034 iacit
762 989 880 1035 crucem
892 977 921 1035 in
939 977 1038 1036 medic
1051 977 1170 1048 tabula,
1182 977 1308 1036 dicans:
1326 975 1528 1046 Sancti†licc-

358 1065 407 1120 tur
420 1066 450 1118 ct
462 1062 695 1134 conse†crelur
707 1063 772 1124 baec
783 1065 884 1140 tabula
902 1067 931 1124 in
947 1067 1068 1127 nomine
1082 1067 1154 1138 Pa†
1163 1066 1218 1125 tris
1229 1071 1259 1124 et
1272 1065 1303 1122 Fi
1312 1063 1376 1137 ’s'lii
1392 1069 1422 1122 et
1436 1063 1529 1137 Spiri-

357 1155 408 1210 tus
417 1152 439 1221 †
448 1149 556 1210 sancti.
575 1155 635 1212 Par
648 1153 712 1212 tibi.
726 1154 838 1214 Deinde
849 1155 921 1214 tacit
933 1161 1064 1230 quatuor
1076 1169 1182 1214 cruces
1197 1155 1227 1213 in
1242 1157 1373 1227 quatuor
1386 1152 1528 1211 cornibus

357 1239 470 1310 altaris,
490 1245 629 1314 repetens
648 1243 738 1302 verba
756 1245 923 1317 praemissa.
940 1245 1090 1316 Quaeritur
1108 1259 1180 1319 erqo
1203 1248 1253 1301 1⁰:
1282 1243 1529 1302 Necessariumnc

356 1333 405 1388 est
428 1329 525 1388 iacere
546 1331 577 1390 in
595 1331 695 1392 medio
719 1333 853 1406 quinque
873 1334 961 1410 signa
989 1348 1058 1394 cum
1073 1333 1191 1407 pollice,
1210 1337 1241 1391 et
1263 1330 1372 1390 deinde
1395 1329 1530 1404 quinque

357 1418 417 1478 alia
439 1418 529 1494 signa
550 1419 682 1496 singulis
706 1422 839 1498 angulis,
863 1424 895 1482 in
921 1429 1016 1483 talum
1037 1423 1145 1498 viginti
1169 1421 1326 1495 qninqnet
1349 1419 1395 1478 rel
1418 1419 1531 1478 suflicit

359 1507 455 1566 lacere
478 1509 577 1568 solum
605 1509 729 1586 signum
756 1514 856 1574 crucis
881 1515 912 1572 in
934 1513 1044 1584 medio,
1059 1519 1089 1571 et
1111 1511 1219 1571 deinde
1245 1510 1373 1568 alterurn
1397 1507 1530 1582 singulis
1555 1577 1559 1586 .

358 1595 491 1672 angulis,
506 1597 536 1656 in
552 1603 646 1658 totum
663 1601 817 1674 quinquct
831 1603 980 1672 Quaeritur
991 1609 1041 1662 20:
1058 1602 1089 1660 Si
1107 1605 1180 1660 sunt
1193 1599 1328 1672 quinque
1342 1597 1433 1672 signa
1446 1597 1530 1654 omni

356 1685 420 1744 rice
429 1687 610 1758 necessaria,
620 1689 757 1749 iacienda
769 1697 881 1752 suntne
889 1693 990 1752 omnia
1004 1705 1073 1752 cum
1087 1691 1216 1765 pollicet
1230 1703 1347 1748 anrero
1361 1685 1501 1748 solliciti
1518 1717 1530 1728 -

356 1775 495 1834 cercduo
510 1776 604 1848 prima
625 1779 715 1854 signa
727 1795 797 1840 cuna
816 1783 934 1854 pollice,
957 1788 986 1842 et
1008 1783 1066 1840 tria
1085 1779 1280 1839 attimacum
1297 1791 1388 1836 manu
1403 1781 1531 1835 extensa

356 1877 449 1936 super
471 1864 619 1939 lapidem?
642 1871 671 1927 S.
697 1873 730 1928 lt.
760 1872 979 1942 despondit:
1003 1871 1145 1932 consulat
1172 1867 1322 1928 rubricam
1348 1867 1531 1926 Pontiiicalis

357 1953 492 2023 Romani,
508 1970 575 2029 quae
602 1959 843 2030 praeseribitduo
866 1962 954 2037 signe
974 1962 1073 2022 crucis
1088 1975 1157 2019 esse
1179 1957 1314 2018 iacienda
1335 1971 1404 2016 cnm
1425 1955 1531 2030 pollice

355 2042 387 2101 in
402 2041 512 2112 medio,
526 2050 555 2104 et
569 2046 598 2104 in
610 2047 744 2120 quolibet
754 2063 859 2109 cornu.
875 2051 952 2110 Dice
965 2051 1106 2111 lebrnarli
1122 2054 1201 2120 18117,
1216 2049 1323 2108 inuno
1334 2045 1367 2104 S.
1383 2047 1475 2106 Fieri.

392 2133 491 2202 Quum
504 2133 535 2192 in
544 2134 667 2195 diaecesi
677 2138 867 2198 Transcelen.
877 2139 963 2212 plura
971 2141 1076 2200 altaria
1085 2137 1236 2214 portatilia
1244 2135 1528 2204 consecrandasint,

357 2223 451 2280 limus
465 2223 838 2298 episeopuslranscalen,
847 2243 884 2288 ne
900 2229 1025 2288 nimium
1035 2230 1226 2304 defatigetur,
1239 2225 1412 2286 eorumdem
1422 2238 1531 2284 conse·

356 2311 521 2370 cretionem
537 2313 630 2374 biduo
651 2321 703 2376 aut
723 2316 823 2402 triduo
841 2317 873 2376 in
895 2319 1028 2392 qnalibet
1047 2318 1235 2378 bebdomada
1255 2315 1397 2390 perticere
1412 2313 1529 2373 statuit

356 2402 578 2472 verumtamen,
597 2418 666 2463 curn
687 2419 764 2480 aqua
781 2405 937 2466 benedicta
954 2408 1048 2466 mixta
1070 2422 1140 2467 eum
1155 2407 1229 2477 sale,
1252 2406 1352 2464 cincre
1366 2409 1396 2462 et
1408 2403 1480 2463 uino
1498 2403 1530 2462 in

355 2487 411 2548 bac
424 2489 631 2552 benedictione
645 2495 789 2568 requisita
803 2502 836 2555 ut
853 2495 1016 2570 plurimum
1040 2497 1182 2571 supersit,
1203 2495 1347 2570 praelatus
1368 2495 1530 2568 episcopus

356 2577 548 2652 insequentia
566 2582 626 2642 duo
639 2581 731 2644 dubia
745 2588 774 2643 s.
791 2589 824 2644 11.
849 2585 1052 2648 denudanda
1070 2587 1237 2661 proposuit,
1257 2585 1400 2644 nimirum
1418 2602 1426 2641 ε
1445 2587 1471 2640 1·
1485 2585 1530 2642 An

357 2683 436 2743 aqna
454 2668 619 2736 benedicta.
639 2687 707 2746 quat
729 2676 877 2748 superfuit
898 2677 929 2734 in
950 2691 1012 2737 una
1033 2674 1268 2742 consecratione,
1285 2672 1417 2732 adhiberi
1432 2671 1532 2746 possit

357 2757 387 2816 in
404 2758 598 2833 insequenti?
612 2766 643 2818 2⁰
654 2766 689 2821 ltt
701 2771 853 2838 quatenus
875 2765 1066 2833 affirmative,
1084 2779 1137 2838 pro
1153 2779 1214 2839 quo
1229 2777 1354 2823 numero
1371 2775 1530 2821 consecra-

357 2847 473 2908 tionum
488 2849 592 2908 eadem
612 2865 691 2925 aqna
707 2853 841 2912 adhiberi
857 2853 975 2925 possut
992 2857 1028 2912 lit
1045 2855 1074 2912 S.
1090 2857 1125 2912 lt.
1141 2855 1172 2912 G.
1188 2852 1366 2926 respondit:
1391 2851 1536 2926 Negatire

356 2935 387 2994 in
403 2936 556 2996 omnibus.
571 2941 624 2998 Die
638 2945 656 2998 9
670 2941 810 3001 fabruarii
828 2947 907 3012 1861,
921 2944 955 3002 tn
970 2943 1138 3004 renerum.

392 3027 435 3084 Ex
455 3026 566 3087 tabulis
587 3036 721 3089 recenter
743 3033 939 3102 consecratis
960 3039 988 3091 l·
1006 3032 1144 3106 quaedam
1165 3031 1315 3102 existunt,
1341 3031 1372 3090 in
1400 3045 1530 3106 quorum

357 3115 497 3188 sepulcro
511 3131 548 3176 ex
566 3133 665 3178 errore
685 3119 778 3180 nnius
796 3127 912 3180 tantum
932 3125 961 3180 S.
980 3120 1119 3195 martyris
1140 3119 1274 3194 reliquia
1297 3120 1425 3180 condite
1446 3125 1528 3186 sunt,

356 3207 385 3262 et
398 3219 466 3278 quae
479 3205 517 3264 ab
530 3206 599 3266 aliis
618 3213 762 3282 separatae
773 3211 921 3280 existunt;
937 3217 968 3270 a·
983 3211 1091 3284 aliqua
1105 3216 1205 3270 autem
1222 3223 1348 3270 numero
1362 3225 1529 3283 perpaucae,

356 3296 393 3354 de
416 3295 527 3370 quibus
539 3297 693 3358 dubitatur
707 3313 746 3357 an
769 3301 861 3360 unius
875 3301 920 3358 rel
936 3299 1067 3374 plurium
1083 3305 1256 3358 sanctorum
1278 3298 1422 3372 reliquias
1436 3297 1530 3357 cend-

356 3389 457 3456 neant,
472 3391 503 3444 et
516 3401 583 3460 qum
597 3387 636 3446 ab
660 3387 728 3447 aliis
752 3403 863 3462 magno
886 3403 1012 3449 numero
1026 3390 1081 3448 rite
1102 3389 1288 3448 consecratis
1305 3387 1454 3464 distingui
1469 3403 1528 3447 non

358 3480 496 3547 possunt.
513 3477 663 3545 Quaeritur
681 3491 754 3550 erqo
775 3481 826 3534 1⁸:
849 3480 892 3537 An
915 3478 1019 3554 prime
1041 3479 1103 3538 sint
1116 3477 1216 3536 denuo
1236 3477 1460 3548 consecrandae,
1483 3477 1529 3535 vel

357 3563 489 3623 sufficiat
503 3566 534 3624 in
549 3566 595 3625 eis
607 3567 645 3626 ab
656 3567 943 3641 ipsometepiscopo,
959 3569 1010 3642 qui
1027 3583 1078 3627 aas
1091 3565 1289 3634 consecrarit,
1305 3566 1414 3640 aperiri
1428 3567 1529 3640 sepul-

359 3663 454 3720 crum,
470 3657 499 3709 et
513 3651 554 3710 ibi
577 3653 701 3714 alterins
717 3657 746 3713 S.
769 3656 913 3732 reliquias
936 3657 1121 3732 adiungeret
1139 3663 1170 3715 2⁰
1183 3658 1227 3714 bn
1248 3655 1390 3714 secundae
1410 3656 1531 3727 possint

357 3739 486 3813 relinqui
502 3749 591 3814 preat
604 3749 686 3815 sunt,
702 3747 900 3819 permittendo
913 3751 948 3805 nt
961 3747 991 3805 in
1008 3748 1053 3805 eis
1065 3745 1240 3814 celebretur,
1251 3757 1320 3804 eum
1335 3759 1397 3802 non
1411 3746 1530 3818 possint

357 3827 395 3888 ab
422 3829 491 3890 aliia
511 3845 579 3905 quac
594 3833 722 3894 duorum
743 3843 916 3896 sanctorum
940 3837 1084 3911 reliquias
1106 3837 1136 3893 in
1161 3835 1300 3909 sepulcro
1322 3833 1447 3904 babent,
1466 3835 1529 3894 dis·

358 3917 476 3994 linqui?
487 3923 517 3978 S.
534 3925 567 3982 11.
585 3925 616 3982 G.
632 3927 810 3998 respondit:
825 3927 1061 4000 supplicandum
1079 3925 1276 3985 sanctissimo
1290 3935 1345 3996 pro
1360 3925 1528 3995 sanatione,

357 4006 395 4066 ed
409 4009 555 4070 cautelam
571 4017 696 4074 tantum
713 4016 765 4075 ilie
776 4021 809 4075 13
821 4015 925 4088 aprilis
940 4017 1019 4086 18117,
1033 4016 1067 4074 ia
1080 4015 1239 4076 Cacumen.
1255 4018 1285 4072 et
1299 4013 1335 4072 de
1349 4012 1528 4086 inempta.

394 4093 470 4152 llub.
493 4099 536 4154 ld.
562 4101 665 4158 Utrum
689 4101 721 4160 in
746 4103 875 4164 ecclesia
895 4105 1103 4165 tantummodo
1133 4103 1289 4162 benedicta
1309 4103 1402 4162 altare
1431 4103 1529 4176 possit

358 4186 538 4256 consecrari,
554 4188 628 4260 quin
652 4191 736 4263 prius
750 4193 819 4266 ipsa
840 4193 966 4255 ecclesia
979 4195 1191 4255 consecretur?
1205 4195 1234 4252 S.
1250 4196 1284 4250 lt.
1305 4195 1336 4252 G.
1350 4191 1528 4266 respondit:

358 4273 400 4332 ld
414 4279 458 4346 lit,
473 4277 665 4344 Affirmutire.
682 4282 733 4341 Die
750 4285 782 4342 l‘t
795 4283 978 4357 septembris
994 4287 1073 4354 18111,
1094 4285 1127 4342 ia
1141 4283 1278 4344 unacco.

837 4523 1048 4537 .————-——
