3488 5564
372 498 412 562 :tt
831 520 883 566 rus
904 517 1085 566 csrorrcuu.

370 635 582 700 committere
611 635 781 712 delictum,
808 635 898 720 quod
923 637 1051 720 absque
1068 641 1211 720 captura
1234 635 1390 719 impediri
1416 635 1545 719 nequit.

354 743 543 820 Χ1111110001,
572 745 651 826 quia
668 744 807 828 quilibet
822 763 892 808 non
915 749 1048 808 tanturn
1073 763 1120 822 se,
1144 744 1204 808 sed
1227 745 1330 808 etiam
1351 743 1547 826 proximum

369 849 551 914 defendere
566 855 680 934 potest
692 857 726 916 ct
741 851 842 914 dehet
857 857 976 918 eontra
990 851 1132 934 injurias
1147 857 1182 916 et
1198 851 1339 928 damnem
1358 869 1460 934 porro
1476 851 1510 916 id
1527 869 1555 930 a¹

367 955 498 1022 fortiori
513 958 635 1022 dieitur
650 959 691 1022 de
708 959 962 1040 magistratibus
976 979 982 1034 ;
1357 1023 1362 1030 ,

407 1065 439 1128 2⁹
454 1065 537 1130 Cum
550 1065 692 1132 clericus
707 1066 972 1150 deprehenditur
986 1067 1021 1130 in
1042 1067 1207 1150 flagrante
1226 1065 1360 1144 delicto,
1380 1066 1501 1132 saltem
1517 1068 1544 1132 si

368 1179 546 1258 suspectus
560 1175 604 1238 sit
617 1175 658 1240 de
673 1175 771 1256 iuga3
789 1193 887 1238 secus
898 1174 1006 1258 judex
1023 1175 1193 1240 saecularis
1206 1192 1275 1240 non
1298 1180 1425 1257 posset,
1442 1177 1545 1246 etiam

367 1283 401 1346 in
412 1283 474 1348 hac
484 1283 674 1366 hypothesi,
690 1302 770 1348 eum
782 1303 921 1367 capere;

405 1393 437 1454 3⁰
451 1390 533 1454 Cum
557 1392 686 1458 crimen
700 1395 760 1470 [est
783 1393 968 1468 notorium,
999 1397 1033 1456 et
1055 1390 1156 1456 simul
1181 1391 1324 1456 clericus
1345 1377 1545 1476 delinquens

366 1507 543 1584 suspectus
559 1501 600 1565 de
615 1503 711 1582 luga;
726 1502 829 1566 etiam
845 1503 879 1566 in
891 1503 956 1566 hoc
969 1521 1062 1578 casu,
1080 1502 1106 1564 si
1124 1519 1193 1566 non
1209 1506 1300 1566 esset
1314 1500 1383 1566 ulla
1398 1501 1544 1584 suspicio

365 1612 513 1692 defuga,
524 1611 634 1694 judex
651 1612 822 1677 saecularis
838 1631 908 1676 non
923 1617 1039 1696 posset
1052 1629 1173 1694 capere
1195 1611 1366 1688 clericum,
1382 1611 1461 1695 quia
1473 1629 1545 1675 ma-

363 1719 526 1799 gistratus
540 1719 649 1784 civilis
662 1721 734 1802 agit
748 1725 880 1786 tentum
896 1721 930 1784 in
946 1720 1117 1784 derectum
1129 1718 1253 1801 judicis
1268 1718 1502 1794 ecclesiastici;

402 1829 435 1891 4ο
451 1829 484 1892 Si
499 1827 640 1892 clericus
655 1847 751 1894 arma
762 1833 915 1910 gestaret
929 1829 1003 1892 loco
1022 1832 1056 1891 et
1066 1833 1220 1910 tempore
1234 1829 1351 1897 vetito.
1368 1827 1425 1892 llis
1440 1827 1543 1892 salvis

363 1937 628 2022 exceptionibus
646 1937 757 2002 clerici
774 1943 854 2000 sunt
869 1936 1095 2002 conveniendi
1110 1937 1145 2000 in
1160 1937 1234 2001 loro
1248 1935 1414 2001 Ecclesiae.
1437 1935 1503 2000 Sed

402 2043 455 2108 lll.
471 2044 513 2109 In
526 2064 591 2128 quo
603 2047 679 2128 soro
695 2045 911 2110 ecclesiastico
927 2047 995 2110 sint
1013 2044 1242 2122 conveniendi,
1266 2063 1324 2110 seu
1339 2065 1452 2110 eoram
1475 2063 1540 2128 quo

358 2153 473 2234 judice
487 2154 731 2218 ecclesiastico?

402 2262 501 2344 Resp.
520 2264 550 2324 1ο
566 2261 682 2327 Clerici
696 2247 884 2338 interiores,
899 2263 926 2326 si
942 2262 1092 2345 exempti
1108 2280 1178 2328 non
1192 2263 1270 2336 sint,
1295 2263 1469 2326 conveniri
1486 2261 1540 2326 de-

363 2371 444 2432 hent
457 2389 571 2434 eoram
585 2371 743 2454 episcopo
757 2373 905 2454 proprio,
925 2372 996 2434 sive
1011 2390 1115 2436 causa
1139 2372 1182 2436 sit
1207 2371 1315 2436 civilis
1331 2371 1403 2434 sive
1419 2371 1462 2434 sit
1480 2371 1540 2434 cri-

363 2477 512 2550 mirralis;
544 2483 577 2541 et
600 2481 779 2562 episcopus
798 2480 1074 2562 jurisdictionem
1098 2499 1257 2544 exercere
1282 2483 1395 2562 potest
1418 2480 1539 2562 quovis

363 2587 549 2650 rlioeoeseos
568 2586 653 2664 loco,
681 2587 740 2650 sed
756 2605 825 2650 nou
839 2587 928 2651 ultra
943 2587 1045 2662 illam,
1064 2588 1128 2650 uisi
1151 2589 1185 2650 in
1200 2607 1281 2652 casu
1297 2586 1506 2670 expulsionis
1520 2605 1540 2648 a

363 2695 453 2776 sede,
481 2701 513 2757 et
528 2701 662 2758 servata
686 2697 795 2758 lorma
817 2714 892 2778 quae
915 2696 1145 2778 praescribitur
1160 2696 1195 2758 in
1214 2694 1426 2758 clementina
1441 2695 1540 2758 unica

360 2803 464 2886 hujus
480 2803 576 2867 tituli.
601 2803 704 2868 Porro
720 2804 791 2867 hsec
806 2803 1017 2870 Clementina
1031 2805 1065 2868 iu
1080 2805 1199 2887 primis
1212 2803 1354 2887 requirit
1372 2824 1378 2864 :
1396 2804 1427 2866 1ο
1445 2807 1483 2866 nt
1496 2803 1540 2866 sit

361 2913 539 2996 episcopus
552 2911 673 2976 saltam
687 2912 920 2988 confirmatus,
941 2917 975 2976 et
997 2931 1115 2976 secure
1132 2917 1280 2996 nequeat
1290 2914 1349 2994 jus
1373 2910 1483 2975 dicere
1503 2912 1538 2974 in

360 3020 453 3086 nullo
466 3021 611 3104 propriae
625 3021 810 3084 diaeceseos
821 3020 915 3097 loco;
933 3021 965 3084 9⁰
983 3027 1020 3084 ut
1034 3021 1220 3104 litigantes,
1234 3025 1293 3084 aut
1308 3017 1430 3083 saltem
1444 3037 1535 3095 reus,

360 3133 427 3194 sint
453 3131 610 3214 episcopo
628 3129 770 3213 expulso
794 3131 935 3206 suhditi;
962 3131 994 3193 3ο
1008 3135 1046 3194 ut
1071 3135 1165 3212 petat
1184 3131 1279 3213 prius
1302 3127 1474 3192 licentiam
1494 3129 1537 3193 ah

359 3240 516 3322 episcopo
530 3239 610 3314 luci;
628 3239 752 3303 sulsscit
766 3245 881 3304 autem
895 3239 1032 3304 licentia
1048 3239 1164 3322 petita.

398 3348 589 3413 Notandum
610 3347 701 3431 quod
713 3329 893 3430 episcopus
914 3347 1072 3430 proprius
1091 3347 1145 3409 hic
1165 3349 1265 3410 estin
1285 3349 1383 3429 cujus
1399 3345 1535 3410 diecesi

358 3457 498 3522 clericus
512 3458 614 3520 hahet
627 3455 848 3532 domicilium,
864 3456 1067 3520 heneficium
1082 3455 1298 3536 personalem
1312 3454 1534 3520 residentiam

357 3566 544 3648 postulone,
564 3565 617 3630 vel
635 3566 738 3628 etiam
755 3564 961 3628 heneficium
980 3563 1230 3648 quodcumque,
1247 3565 1274 3628 si
1297 3571 1411 3628 tamen
1427 3563 1462 3626 in
1478 3561 1533 3626 illo

356 3673 513 3738 resideat.
531 3673 675 3737 Sortitur
690 3678 858 3756 praeterea
869 3673 983 3737 forum
997 3672 1108 3736 modis
1124 3691 1227 3756 supra
1240 3673 1459 3738 enumeratis.

397 3783 537 3847 Nomine
560 3782 721 3846 ordinarit
743 3782 885 3846 veniunt
909 3782 1012 3844 etiam
1030 3781 1159 3864 praelati
1181 3782 1338 3864 episcopo
1356 3779 1533 3844 inferiores

357 3893 413 3974 qui
435 3890 510 3972 lege
535 3891 590 3955 vel
614 3890 859 3955 consuetudine
885 3889 1011 3954 hahent
1023 3889 1295 3974 jurisdictionem
1318 3890 1352 3952 in
1376 3889 1451 3954 loro
1477 3905 1533 3951 ex-

357 4006 464 4065 terno.

393 4111 425 4172 2⁰
440 4109 591 4193 Episcopi
607 4111 779 4174 conveniri
793 4109 918 4173 dehent
930 4129 1045 4174 coram
1063 4103 1316 4192 archiepiscopo
1334 4127 1394 4170 seu
1411 4113 1532 4170 metro-

355 4217 460 4300 polita
474 4237 547 4294 suo,
564 4222 662 4301 cujus
688 4237 809 4303 nempe
825 4225 905 4282 sunt
920 4219 1142 4300 suffraganei;
1168 4223 1318 4282 attamen
1339 4215 1531 4281 laciendum
1559 4275 1564 4288 ,

354 4331 405 4388 est
421 4325 603 4390 discrimen
618 4327 707 4390 inter
717 4345 838 4392 causas
856 4347 863 4389 :
882 4345 993 4391 cauare
1009 4328 1158 4390 minores
1173 4325 1365 4390 crhuiuales
1377 4329 1530 4388 etcausae

353 4433 469 4498 civiles
510 4434 619 4500 decidi
642 4435 768 4500 dehent
802 4437 837 4502 in
871 4435 1013 4502 concilio
1051 4434 1259 4519 provinciali,
1289 4453 1359 4498 non
1391 4449 1474 4498 vero
1511 4447 1531 4494 a

354 4541 426 4606 solo
442 4545 721 4628 metropohtan03
747 4563 857 4609 causae
881 4548 1030 4628 majores
1053 4543 1246 4609 criminales
1271 4547 1305 4608 st
1323 4541 1397 4606 aliae
1421 4539 1530 4620 magis

354 4651 468 4716 arduae
482 4657 702 4718 reservantur
724 4653 864 4718 Summo
884 4653 1036 4716 Pontissci
1051 4651 1223 4734 (Trident,
1241 4669 1324 4716 sess.
1336 4650 1386 4726 hl,
1401 4667 1473 4731 cap.
1483 4649 1524 4730 5).
