3504 5572
349 544 411 609 348
809 563 860 610 tus
880 553 1060 609 ebroardus.
1084 616 1088 625 ,

351 696 422 743 non
442 683 556 760 potest
579 677 708 744 donare
731 677 852 744 alienis
876 680 950 745 sine
974 678 1112 763 speeiali
1135 697 1307 746 consensu
1336 679 1450 744 mariti
1474 677 1530 743 vel

351 786 551 851 auctoritate
570 785 704 868 judiois.
721 786 759 851 ln
782 788 856 872 ipso
880 791 958 853 aotu
981 786 1224 854 matrimoniali
1245 791 1391 872 possunt
1413 787 1529 870 sponsi

352 895 415 959 sibi
430 894 570 971 donare,
587 894 691 960 etiam
700 896 801 978 juxte
812 898 870 979 Jus
883 897 981 963 Rom.

391 1002 425 1066 3ο
439 1001 545 1078 Miles,
561 1019 632 1066 suae
653 1005 864 1084 concubinae,
880 1003 961 1070 lieet
973 1005 1057 1072 alias
1075 1004 1190 1072 valeat
1209 1003 1348 1072 donatio
1363 1005 1453 1071 tanta
1462 1021 1531 1070 me·

351 1111 474 1176 retrioi.

390 1217 423 1282 4ο
434 1219 676 1286 Benefloiarius
692 1239 735 1285 ex
750 1219 938 1286 redditibus
954 1221 1145 1305 superfluis,
1166 1221 1209 1287 ad
1222 1239 1343 1288 eausas
1357 1219 1528 1305 profanos,

352 1328 432 1411 quia
447 1328 601 1393 redditus
622 1329 797 1412 superflui,
817 1328 845 1392 si
859 1347 930 1394 non
948 1348 991 1394 ex
1009 1330 1153 1414 justitia,
1171 1329 1294 1395 saltem
1306 1347 1349 1394 ex
1361 1333 1531 1413 praeoepto

351 1434 516 1512 Eoelesiea,
533 1434 748 1520 expendendi
763 1437 893 1500 suntin
906 1453 1028 1503 oausas
1045 1438 1135 1521 pias;
1152 1438 1213 1504 sad
1232 1436 1274 1502 de
1289 1437 1355 1502 boo
1372 1437 1410 1500 in
1430 1433 1528 1502 titulo
1625 1466 1629 1475 ·
1739 1415 1740 1426 ἵ

351 1545 521 1629 sequenti.

391 1654 423 1717 5⁰
437 1653 687 1720 Filiustamilios
701 1673 744 1721 ex
757 1656 857 1721 bonis
871 1656 1070 1740 profeetitiis
1083 1661 1119 1721 et
1130 1655 1336 1731 adventitiis,
1355 1673 1399 1720 ne
1410 1656 1532 1738 prmiu-

352 1760 441 1827 dioet
451 1762 548 1846 patri.
560 1763 604 1826 At
613 1783 656 1828 ex
666 1764 766 1830 bonis
775 1765 1007 1830 castrensibus
1020 1769 1055 1829 et
1066 1763 1262 1830 adventitiis
1275 1761 1530 1846 irregularibus,

352 1888 499 1953 quorum
512 1872 701 1956 proprietas
717 1877 751 1938 et
765 1873 980 1938 ususfructus
995 1873 1037 1939 ad
1053 1872 1162 1938 fllium
1175 1874 1333 1956 pertinet,
1350 1871 1456 1936 libere
1472 1870 1530 1934 do·

352 1995 435 2042 nare
448 1981 572 2061 potest.
590 1979 815 2046 Praetermitto
837 1980 912 2046 illas
929 1981 1026 2066 leges
1048 1980 1190 2046 Gallione
1211 1981 1334 2064 quibus
1355 1979 1533 2062 inoapaoes

352 2083 503 2150 donandi
517 2085 720 2153 interrivos
738 2087 955 2154 declarantur
976 2086 1155 2165 moniales,
1172 2093 1329 2171 respectu
1344 2085 1533 2152 eommuni-

353 2192 431 2258 tatis
453 2193 509 2258 vel
532 2196 608 2278 ejus
628 2195 874 2273 membrorum,
892 2195 965 2260 sive
990 2194 1190 2280 simpliciter
1212 2196 1285 2260 sive
1310 2194 1423 2280 quoad
1443 2211 1533 2258 sum·

352 2323 446 2370 mam
471 2304 744 2370 determinatam.
760 2303 935 2388 Ejusmodi
955 2304 1051 2387 leges
1076 2305 1112 2369 in
1136 2304 1254 2370 odium
1276 2301 1433 2368 Ecclesiae
1455 2301 1532 2368 later.

353 2417 445 2489 sunt,
462 2416 498 2477 et
509 2430 580 2477 non
594 2411 747 2494 obligant
760 2412 796 2476 in
810 2411 1030 2478 conscientia.

394 2519 431 2602 α’)
446 2519 617 2602 Quaeritur
630 2539 676 2584 an
687 2519 804 2584 valeat
817 2521 956 2584 donatio
971 2519 1124 2584 omnium
1134 2520 1302 2584 'donorum
1311 2519 1532 2605 praesentium

354 2636 387 2692 et
400 2628 598 2710 futurorum
613 2647 705 2694 mere
719 2628 985 2708 liberalis?,01im
999 2632 1096 2694 erant
1109 2629 1185 2694 duae
1199 2629 1388 2704 sententiae,
1404 2625 1534 2692 etaillr-

354 2734 483 2801 mativa
497 2741 571 2801 erat
584 2738 811 2814 communior,
828 2737 907 2820 quia
929 2735 1005 2802 talis
1027 2736 1165 2803 donatio
1188 2735 1282 2802 nullo
1294 2737 1372 2818 jure
1385 2734 1532 2820 positivo
1566 2789 1568 2794 ,

353 2845 606 2928 prohibebatur,
623 2850 658 2910 ot
677 2847 755 2928 jure
779 2844 925 2912 naturali
941 2846 1043 2911 valet.
1061 2845 1128 2911 Sed
1144 2845 1270 2928 injure
1286 2843 1367 2909 Gall.
1385 2845 1459 2926 (art.
1474 2843 1533 2908 943

355 2951 434 3017 God.
451 2952 531 3034 aiv.)
542 2969 613 3018 non
626 2952 719 3017 valet
733 2953 871 3018 donatio
891 2954 1061 3018 bonorum
1078 2954 1284 3029 futurorum,
1302 2971 1364 3017 seu
1380 2969 1456 3036 quae
1476 2949 1533 3015 do·

355 3065 455 3126 nator
468 3079 538 3126 non
552 3059 714 3144 possidet,
728 3079 875 3146 quorum
888 3061 1032 3145 proinde
1045 3061 1164 3145 nequit
1178 3059 1356 3127 actualiter
1368 3059 1533 3125 tansferre

355 3166 555 3234 dominium.

684 3333 714 3383 tl.
735 3333 775 3384 De
790 3329 933 3385 habilibus
948 3329 983 3384 ad
999 3330 1203 3396 reoiplendum.

397 3493 590 3560 Generatim
605 3493 807 3559 donationes
819 3493 970 3577 resipere
982 3496 1127 3576 possunt
1140 3491 1187 3556 illi
1203 3492 1393 3576 omnesqui
1409 3491 1533 3574 speeie·

355 3601 433 3666 liter
455 3620 477 3666 a
490 3605 569 3684 jure
593 3620 664 3667 non
687 3600 903 3666 declarantur
925 3599 1102 3665 inhabiles.
1127 3601 1159 3664 1⁰
1182 3600 1245 3678 Qui
1275 3600 1430 3666 nondum
1453 3617 1533 3664 eon-

356 3713 475 3793 oeptus
490 3714 552 3786 est,
570 3709 724 3774 absolute
748 3707 904 3773 inhabilis
925 3713 978 3773 est
991 3707 1035 3772 ad
1048 3707 1297 3791 reeipiendum3
1313 3707 1374 3772 sed
1389 3707 1447 3791 qui
1460 3709 1533 3790 jam

356 3821 541 3900 conceptus
558 3822 611 3881 est
623 3822 775 3900 tempore
794 3815 998 3892 donationis,
1014 3819 1127 3899 potest
1140 3815 1291 3899 resipere
1313 3815 1533 3880 donationem

357 3925 430 4004 (art.
443 3925 503 3990 906
518 3923 597 3990 God.
615 3923 704 4004 aivi,
719 3923 905 3988 dummodo
921 3927 1081 3987 nascatur
1094 3921 1216 3986 vitalis.

396 4035 428 4098 2⁰
443 4033 557 4108 Tutor,
568 4051 650 4113 erga
659 4032 840 4106 minorem,
858 4030 1087 4106 inhabilisest,
1104 4031 1169 4096 nisi
1180 4031 1534 4097 si‘tenumeronsoen-

357 4143 511 4208 dentium
524 4163 531 4205 ε
544 4143 591 4207 ita
602 4146 665 4207 art.
676 4141 735 4206 907
750 4139 828 4206 God.
843 4141 907 4204 oiv.
921 4140 1024 4206 Seous
1038 4147 1130 4206 tutor
1143 4142 1236 4206 abuti
1249 4144 1367 4224 posset
1382 4159 1445 4206 sua
1457 4157 1533 4205 auo

356 4252 493 4318 toritate
514 4251 549 4316 in
563 4248 682 4334 pupilli
703 4249 952 4314 detrimentum
957 4268 965 4324 ;
986 4254 1020 4314 et
1042 4248 1276 4315 ideo-etiamsi
1296 4249 1410 4315 minor
1430 4248 1474 4314 ad
1493 4249 1533 4312 16

357 4362 466 4427 aetatis
489 4379 561 4426 suae
585 4376 714 4424 aunum
736 4358 945 4440 pervenerit,
961 4357 1018 4422 vel
1042 4357 1147 4424 etiam
1171 4357 1214 4423 ad
1240 4357 1481 4442 majoritatem,
1504 4355 1531 4420 si

359 4469 513 4536 nondum
527 4468 668 4534 redditae
683 4471 764 4532 sunt
778 4467 893 4532 tutelae
906 4467 1067 4544 rationes,
1083 4467 1177 4533 nulla
1191 4468 1256 4533 erit
1269 4466 1419 4532 donatio.

398 4577 568 4654 3⁰llledioi,
583 4575 869 4661 pharmacopolae,
879 4575 1090 4648 confessarii,
1103 4576 1160 4660 qui
1169 4593 1308 4658 operam
1322 4573 1422 4640 alieni
1431 4573 1531 4638 dede-

359 4693 440 4752 runt
460 4689 495 4751 in
508 4687 627 4752 ultimo
648 4689 778 4762 morbo,
795 4686 878 4752 nibil
893 4687 992 4752 nb'eo
1005 4686 1156 4768 aoeipere
1169 4689 1324 4769 possunt,
1342 4684 1440 4749 titulo
1453 4701 1529 4765 gra·
