3498 5572
379 583 439 650 444
842 601 892 648 sus
915 603 1095 650 canonicus.
1154 609 1164 628 .

379 721 569 804 perlectum
584 723 790 802 estexparte
804 721 983 784 voventis:
1000 726 1038 785 ut
1052 721 1185 803 ingredi
1198 721 1401 803 religionem
1416 723 1445 787 si
1458 741 1562 788 sanus

380 847 424 893 ex
434 829 554 893 morbo
566 827 715 892 evaseris
729 847 736 902 ;
752 827 887 910 poenale
903 833 957 893 est
971 848 1038 914 quo
1052 829 1264 914 promittitur
1277 849 1380 913 poena
1399 831 1563 896 solvenda

326 977 328 981 -
380 937 415 1000 in
430 955 511 1000 casu
523 953 730 1020 quovovens
740 937 805 1001 hoc
818 935 875 1002 vel
886 936 969 1003 illud
983 939 1118 1014 tecerit;

419 1046 451 1110 2⁰
467 1044 505 1109 ln
515 1052 692 1110 externum
708 1049 743 1110 et
750 1065 839 1132 pure
852 1048 1034 1124 internum,
1050 1048 1086 1112 in
1093 1048 1269 1133 publicum
1284 1053 1319 1114 et
1338 1049 1514 1126 occultum,
1527 1050 1562 1112 ln

380 1173 573 1238 expressum
587 1159 622 1219 et
634 1155 786 1230 tacitum,
805 1173 952 1240 quorum
966 1155 1088 1220 notitia
1102 1175 1145 1220 ex
1160 1155 1243 1239 ipsis
1259 1156 1400 1221 vocibus
1422 1160 1531 1239 patet;

421 1263 571 1329 Tandem
592 1265 624 1328 3⁰
644 1263 679 1327 in
698 1264 845 1329 solemne
865 1269 900 1328 et
925 1266 1091 1350 simplem
1118 1270 1153 1328 et
1171 1265 1244 1336 baec
1270 1265 1403 1342 divisio,
1427 1266 1469 1329 de
1495 1283 1563 1351 quo
1679 1253 1681 1257 ’

287 1421 289 1426 .
378 1375 451 1455 jam
468 1392 570 1456 supra
581 1375 617 1438 in
632 1373 730 1440 titulo
745 1373 847 1452 llell
862 1379 987 1451 aetum,
1010 1379 1063 1438 est
1085 1374 1318 1449 celeberrima,
1335 1393 1415 1438 cum
1430 1375 1465 1438 in
1487 1376 1563 1457 ejus

381 1481 606 1564 explicatione
622 1479 692 1548 non
706 1483 923 1548 consentiant
935 1461 1001 1546 DD.
1015 1483 1058 1547 At
1067 1482 1261 1548 communis
1272 1481 1426 1547 doctrina
1440 1483 1564 1548 solem-

381 1591 524 1656 nitatem
538 1592 610 1656 voti
625 1591 776 1656 refundit
789 1593 824 1656 in
840 1592 1100 1675 dispositionem
1117 1591 1273 1656 Ecclesia
1288 1591 1336 1656 ita
1357 1591 1563 1675 acceptantis

380 1699 475 1776 illud,
500 1705 549 1775 ut,
568 1699 701 1764 seclusa
727 1701 980 1784 disponsatione
1007 1699 1203 1784 apostolica,
1227 1700 1271 1763 sit
1293 1704 1508 1784 perpetuum,
1529 1705 1563 1763 et

381 1814 567 1874 voventem
580 1807 766 1874 inhabilem
780 1809 901 1874 reddat
926 1809 1084 1876 adactus
1107 1815 1189 1874 voto
1212 1813 1455 1891 repugnantes.
1478 1808 1563 1873 Vota

381 1916 549 1982 solemnia
563 1920 644 1980 sunt
657 1921 793 1981 tantum
820 1917 908 1981 duo:
937 1917 1105 2000 professio
1135 1915 1296 1998 religiosa
1322 1915 1431 1979 tribus
1455 1915 1562 1980 solitis

382 2025 470 2090 votis
493 2029 665 2100 constans,
696 2030 731 2089 et
758 2029 879 2090 votum
903 2025 1123 2090 continentiae
1152 2024 1194 2089 de
1227 2026 1305 2107 jure
1335 2023 1562 2088 ecclesiastico

382 2129 556 2197 adnexum
571 2133 674 2198 sacris
689 2133 878 2198 ordinibus.
1464 2189 1468 2197 .

422 2239 550 2306 Gaetera
571 2241 688 2306 omnia
712 2247 794 2307 vota
815 2247 896 2306 sunt
926 2243 1107 2326 simplicia;
1135 2244 1208 2307 haec
1240 2240 1394 2324 obligant
1426 2241 1564 2325 quidem

383 2354 580 2426 voventem,
598 2355 735 2416 etactus
742 2355 824 2417 voto
832 2352 1021 2417 contrarios
1036 2351 1186 2416 reddunt
1199 2349 1347 2426 illicitos,
1362 2367 1432 2416 non
1447 2353 1563 2414 tamen

385 2457 563 2534 invalidos,
580 2459 645 2523 nisi
661 2477 704 2523 ex
718 2460 855 2544 speciali
870 2460 1094 2542 dispositione
1104 2459 1314 2524 contrarium
1329 2462 1509 2532 statuatur,
1527 2461 1565 2520 ut

383 2565 419 2628 in
440 2567 607 2632 Societatc
626 2567 717 2632 Jesn.
741 2567 864 2634 Recole
891 2569 1048 2651 superius
1072 2569 1162 2634 dicta
1182 2567 1223 2632 de
1239 2568 1348 2632 tribus
1374 2566 1463 2632 votis
1488 2568 1586 2631 sub·'

385 2674 598 2740 stantialibus
614 2681 722 2742 status
736 2677 896 2760 religiosi.

726 2868 757 2917 11.
775 2865 844 2927 ouis
857 2865 947 2929 possit
959 2866 1059 2918 votum
1072 2865 1223 2918 emitteret

424 2999 454 3081 a]
468 3000 681 3081 Regulariter
690 3001 803 3065 omnis
813 3001 1045 3077 homoviator,
1057 3019 1122 3066 usu
1130 3001 1272 3067 rationis
1282 2999 1426 3086 pollens,
1435 3019 1563 3066 vovere

382 3107 979 3192 potest,dummodovotumimplore
995 3109 1259 3193 sitinpotestate
1269 3109 1428 3174 voventis
1438 3107 1563 3173 etnulli

382 3215 668 3298 praejudiciosum.
685 3217 758 3282 Non
770 3217 882 3282 solum
898 3209 1047 3300 persona
1060 3217 1209 3300 physica,
1227 3217 1403 3282 sedetiam
1417 3235 1565 3302 persone

382 3323 521 3387 moralis
534 3343 596 3388 seu
610 3326 850 3400 communitas,
866 3325 1022 3390 emittere
1035 3330 1117 3389 vota
1126 3329 1267 3408 queunt,
1284 3343 1366 3390 cum
1379 3325 1464 3389 nihil
1476 3325 1565 3390 obsit

384 3437 531 3515 exparte
547 3431 670 3516 objecti
680 3437 715 3496 et
724 3437 873 3516 exparte
886 3433 1046 3516 subjecti;
1063 3437 1098 3496 et
1111 3433 1272 3497 haecvota
1282 3431 1436 3514 obligant
1447 3451 1564 3516 super-

384 3539 562 3605 venientes
579 3541 616 3604 in
638 3540 896 3615 communitate,
916 3541 965 3604 ita
990 3545 1029 3603 ut
1049 3541 1122 3604 haec
1142 3539 1304 3621 obligatio
1330 3541 1447 3607 veniat
1464 3559 1507 3604 ex
1531 3541 1564 3604 vi

383 3647 464 3724 voti,
482 3666 563 3714 nam
577 3647 805 3713 communitas
820 3665 923 3711 suum
929 3647 1033 3712 babet
1044 3647 1207 3730 placitum
1218 3665 1261 3712 cx
1271 3665 1415 3713 assensu
1424 3649 1564 3732 majoris

382 3757 487 3841 partis
496 3757 676 3823 resultans.

425 3865 454 3947 b)
469 3865 535 3930 Sed
548 3865 662 3950 aliqua
675 3885 751 3931 esse
767 3871 913 3950 possunt
926 3865 1172 3948 impedimenta
1187 3883 1230 3929 ex
1248 3865 1384 3948 speciali
1396 3867 1484 3948 juris
1500 3865 1566 3929 dis-

384 3973 565 4057 positione,
593 3972 649 4038 vel
675 3992 718 4037 ex
747 3973 882 4038 delectu
902 3972 1013 4056 plenae
1040 3971 1206 4037 libertatis
1230 3977 1290 4037 aut
1307 3991 1392 4036 usus
1411 3973 1562 4038 rationis.

342 4145 343 4151 ,
385 4081 501 4165 ltaque
516 4081 620 4166 aliqui
635 4082 851 4165 excipiuntur
865 4099 909 4146 ex
921 4081 1147 4146 deiectuusus
1162 4080 1303 4145 rationis
1316 4100 1323 4156 ;
1336 4081 1384 4145 sic
1398 4082 1430 4143 4ι
1439 4099 1565 4145 vovere

385 4188 607 4272 probibentur
620 4189 779 4265 infantes,
797 4208 857 4254 seu
873 4189 969 4273 pueri
979 4177 1089 4275 uscue
1100 4189 1144 4254 ad
1157 4188 1385 4272 septennium,
1398 4193 1564 4262 amentes,

387 4297 516 4362 luciosi.
532 4297 658 4361 Verum
672 4299 783 4382 quoad
809 4317 947 4382 pueros,
964 4300 992 4363 si
1007 4303 1086 4362 ante
1102 4297 1321 4381 septennium
1337 4295 1568 4380 deprebende-

386 4409 505 4470 rentur
526 4423 666 4489 capaces
687 4407 769 4482 voti,
796 4411 939 4491 possent
957 4425 1095 4482 vovere,
1120 4407 1168 4471 ita
1198 4410 1236 4468 ut
1261 4408 1343 4469 vota
1370 4403 1508 4469 valeant
1524 4405 1565 4468 'in

387 4515 461 4578 toro
475 4513 621 4579 interno.
639 4512 872 4579 communiter
885 4515 1010 4580 docent
1032 4514 1097 4577 bb.
1115 4513 1213 4577 illum
1225 4529 1303 4576 esse
1318 4527 1492 4594 capacem,
1509 4513 1565 4595 qui

388 4625 500 4704 potest
513 4639 652 4704 peccare
666 4621 864 4697 mortaliter,
882 4621 962 4704 quia
976 4621 1033 4704 qui
1049 4639 1086 4684 se
1101 4620 1257 4701 obligare
1275 4623 1389 4702 potest
1406 4617 1564 4692 daemoni,

390 4729 492 4794 etiam
508 4733 621 4811 potest
635 4749 672 4795 se
687 4729 838 4812 obligare
852 4731 933 4795 Deo.
