3488 5564
359 583 399 647 to
821 599 873 646 rus
895 597 1076 644 canonieus.

361 715 467 782 tentia
480 719 599 781 contra
612 717 790 782 absentem
805 733 875 782 non
889 715 1032 780 citatum
1045 711 1176 795 prolata
1199 711 1320 776 dicitur
1331 727 1410 776 esse
1423 707 1516 774 nulla
1529 729 1536 772 :

359 823 446 888 ratio
462 827 514 888 est
529 821 735 907 quianullus
750 823 923 888 inauditus
940 827 992 886 est
1005 819 1297 886 condemnandus.

398 931 430 993 2·
446 929 562 1008 Quoad
578 949 675 994 reum
689 935 905 1014 praesentem,
923 930 951 992 si
973 927 1077 994 vellet
1098 927 1213 993 statim
1233 926 1452 1010 respondere,
1469 944 1538 990 non

359 1056 445 1122 opus
473 1043 525 1102 est
548 1037 613 1102 alia
631 1037 809 1111 citatione;
833 1039 861 1100 s'i
881 1055 964 1102 vero
985 1035 1127 1101 dicatae
1147 1053 1217 1100 non
1233 1053 1307 1098 esse
1326 1039 1482 1117 paratum
1496 1032 1540 1096 ad

359 1145 647 1230 respondendum,
664 1144 820 1210 citandus
842 1151 895 1210 est
918 1145 1126 1210 solemniter.
1148 1141 1275 1207 Tamen
1298 1147 1379 1206 sunt
1401 1141 1540 1225 quidam

358 1273 457 1318 casus
473 1254 509 1318 in
533 1241 655 1338 quibus
673 1254 787 1318 citatio
802 1271 873 1318 non
895 1251 1079 1336 requiritur
1097 1271 1103 1314 :
1120 1271 1153 1314 v.
1176 1270 1209 1332 g.
1234 1251 1262 1314 si
1283 1248 1483 1333 delinquens
1504 1249 1539 1312 in

358 1362 513 1442 flagranti
530 1359 651 1426 delicto
667 1361 950 1444 deprehendatur,
968 1361 996 1424 si
1008 1359 1116 1443 Judex
1137 1358 1299 1442 procedat
1313 1376 1356 1421 ex
1370 1357 1492 1432 oisscio,
1510 1355 1538 1420 si

358 1469 487 1533 crimen
502 1469 546 1532 sit
560 1469 742 1544 notorium,
759 1467 814 1534 vel
828 1469 872 1532 sit
885 1467 1075 1551 periculum
1089 1467 1125 1530 in
1140 1483 1246 1530 mora.

400 1577 428 1658 d)
452 1577 551 1659 Resp.
573 1578 617 1640 1⁰.
636 1576 735 1642 Citari
749 1581 862 1660 potest
876 1575 987 1641 omnis
1002 1580 1036 1639 et
1059 1575 1151 1639 solus
1163 1573 1390 1657 jurisdictioni
1405 1573 1538 1637 citantis

359 1687 532 1768 subjectus
550 1705 556 1747 :
573 1703 654 1750 nam
666 1685 780 1750 citatio
796 1688 849 1748 est
862 1689 957 1748 actus
968 1681 1212 1766 jurisdictionis
1228 1699 1303 1765 quae
1318 1685 1451 1744 tantum
1466 1685 1539 1743 ten-

359 1793 408 1856 dit
422 1793 455 1856 in
471 1794 654 1875 subjectos.
671 1791 831 1857 (litandus
845 1791 1075 1874 principaliter
1095 1794 1147 1854 est
1165 1807 1255 1864 reus,
1273 1794 1307 1853 et
1320 1793 1444 1872 prater
1458 1805 1537 1850 eum

359 1917 479 1965 omnes
494 1899 541 1964 illi
556 1917 702 1984 quorum
716 1899 868 1974 interest,
886 1917 948 1962 seu
963 1915 1109 1982 quorum
1123 1915 1225 1961 causa
1239 1897 1362 1978 agitur.

398 2007 485 2070 Olim
508 2011 609 2072 certae
633 2025 789 2090 personae
805 2011 972 2090 exemptae
998 2011 1095 2071 erant
1116 2005 1266 2068 absolute
1285 2003 1339 2067 vel
1356 2004 1496 2067 relative
1517 2023 1538 2068 a

357 2116 528 2180 citatione.
550 2113 735 2178 Absolute:
757 2133 912 2196 personae
937 2113 1101 2196 dignitate
1123 2115 1286 2180 eminenti
1300 2113 1482 2195 fulgentes,
1499 2117 1538 2176 ut

335 2235 338 2246 ·
357 2222 525 2296 consules,
543 2220 717 2304 prosola,
734 2223 954 2302 nragistratus
969 2225 1117 2306 majores
1139 2226 1173 2286 et
1196 2223 1299 2286 etiam
1322 2221 1395 2286 aliae
1420 2223 1463 2285 ob
1478 2221 1535 2284 bc-

358 2349 441 2394 nmn
467 2328 649 2412 publicum,
676 2333 714 2392 ut
737 2349 880 2393 uxorem
909 2331 1083 2406 ducentae,
1108 2331 1211 2396 sacris
1239 2349 1377 2414 operam
1402 2329 1533 2400 dantes,

358 2437 449 2503 domi
465 2456 535 2500 suae
551 2437 664 2521 quiete
680 2437 847 2512 viventes,
865 2457 907 2502 ex
922 2439 1025 2503 effato
1037 2440 1124 2520 J'uris
1137 2459 1143 2501 :
1158 2464 1173 2495 α
1184 2439 1312 2503 Domus
1328 2437 1534 2502 tutissimum

356 2546 478 2628 cuique
494 2545 676 2625 refugium.
694 2569 709 2602 »
726 2545 897 2609 Relative:
912 2564 1067 2628 persona
1084 2545 1208 2629 quain
1220 2549 1278 2628 jus
1293 2565 1363 2610 non
1377 2549 1535 2628 poterant

356 2653 480 2728 vocari,
498 2653 562 2714 nisi
577 2671 655 2715 cum
670 2651 770 2715 venia
783 2652 948 2736 praetoris,
964 2656 1003 2716 ut
1013 2657 1183 2736 parentes,
1199 2653 1332 2736 patroni
1348 2659 1382 2717 et
1396 2672 1535 2734 genera·

357 2761 417 2824 tim
434 2779 553 2824 omnes
570 2760 691 2842 quihus
706 2760 899 2823 reverentia
913 2761 954 2824 ab
970 2765 1082 2826 actore
1098 2761 1290 2845 praestanda
1304 2766 1366 2825 est.

397 2869 496 2950 Resp.
509 2867 552 2930 Ψ.
565 2867 718 2931 ludexin
732 2867 843 2932 alieno
859 2868 1028 2933 territorio
1043 2871 1162 2952 nequit
1176 2871 1343 2934 conticere
1360 2870 1532 2936 decretum
1550 2865 1553 2876 ’

349 2975 557 3072 citatorium,
583 2974 690 3039 multo
716 2976 828 3039 minus
853 2995 951 3040 reum
976 2977 1078 3040 citare
1102 2977 1239 3042 realiter
1261 2997 1322 3062 per
1342 2983 1532 3062 capturam;

356 3089 447 3149 esset
467 3087 562 3147 actus
583 3083 828 3165 jurisdictionis
847 3085 1069 3149 contentiosae
1091 3089 1124 3149 et
1139 3085 1298 3150 coactiva
1314 3073 1444 3152 in'loco
1463 3106 1533 3152 non

356 3191 501 3257 subdito.
520 3191 585 3256 Sed
600 3191 627 3256 si
643 3211 721 3256 reus
737 3193 773 3256 in
787 3193 897 3257 alieno
917 3194 1087 3264 territorio
1105 3199 1269 3270 moretur,
1286 3196 1375 3258 mitti
1395 3195 1532 3260 adeum

354 3305 468 3384 potest
482 3300 622 3364 nuntius
635 3319 714 3364 cum
728 3299 849 3364 litteris
871 3302 1033 3366 citatoriis
1047 3322 1054 3378 ;
1070 3320 1160 3378 nam,
1179 3308 1273 3367 actus
1296 3303 1362 3378 ille,
1380 3321 1441 3367 seu
1456 3303 1533 3366 inti-

354 3408 470 3484 matio,
488 3427 558 3472 non
578 3413 630 3471 est
643 3413 738 3472 actus
757 3409 1015 3490 jurisdictionis.
1033 3410 1149 3476 Potest
1168 3411 1272 3476 etiam
1285 3411 1411 3496 requiri
1423 3411 1531 3493 judex

355 3516 494 3580 alterius
510 3516 680 3594 territorii,
698 3521 735 3580 ut
749 3535 848 3581 reum
862 3516 943 3582 citet
958 3522 992 3582 et
1006 3523 1106 3599 cogat
1117 3519 1159 3584 ad
1174 3519 1452 3604 comparendum.

657 3711 699 3761 m.
718 3709 840 3772 Quinem
858 3709 915 3763 sint
932 3711 1048 3764 effectus
1065 3711 1226 3764 citationis?

396 3846 490 3910 Nom.
520 3846 640 3927 Agitur
676 3845 717 3910 de
751 3847 910 3910 citatione
951 3847 1081 3922 vatida;
1108 3849 1256 3914 invalida
1282 3851 1373 3914 enim
1398 3849 1528 3916 nullum

353 3955 529 4020 evidenter
550 3955 653 4020 habet
676 3956 846 4032 effectum,
863 3957 928 4020 nisi
954 3977 996 4022 ex
1016 3959 1195 4040 postfacto
1210 3959 1528 4026 convalidetursive

350 4083 412 4145 per
438 4064 720 4147 competitionem
747 4065 857 4141 citati,
889 4066 961 4130 sive
989 4086 1051 4150 per
1072 4070 1339 4152 acceptationem
1360 4071 1528 4136 citationis

350 4169 506 4234 invalidae
522 4177 673 4254 exparte
689 4172 748 4247 rei,
766 4173 837 4236 sive
852 4192 913 4256 per
927 4176 1128 4259 rescriptum
1147 4177 1316 4259 principis.

390 4277 439 4340 ilii
468 4279 609 4342 eftectus
638 4285 718 4342 eunt
742 4285 949 4364 sequentes:
973 4283 1004 4345 10
1030 4282 1148 4348 Citatic
1171 4283 1299 4365 obligat
1320 4285 1461 4349 citatum
1486 4284 1528 4350 ad

348 4386 625 4468 comparendum,
654 4388 717 4451 nisi
740 4390 835 4471 justa
863 4389 1062 4473 exceptione
1092 4410 1129 4454 sc
1156 4395 1305 4466 tuentum
1330 4391 1424 4469 alias,
1450 4411 1527 4456 reus

347 4492 547 4557 redderetur
560 4499 755 4570 contumax.
772 4497 805 4558 2⁰
821 4495 939 4562 indicit
962 4497 1031 4561 litis
1055 4497 1276 4582 pendentiam
1305 4503 1339 4562 et
1360 4519 1434 4564 rem
1450 4502 1528 4566 facit

302 4623 304 4630 ¹
347 4599 1527 4691 litigioscmtclem.u·‚deL2·tepend.,in6·):porrolitependentenihil

348 4707 503 4772 innovari
533 4713 655 4790 potest,
686 4714 719 4775 et
757 4728 810 4774 res
845 4710 994 4794 litigiosa
1030 4711 1169 4779 alienari
1197 4715 1315 4800 nequit
1342 4716 1403 4796 (tit.
1435 4715 1524 4797 xvi).
