3488 5568
548 548 634 620 01000
655 575 780 622 marrus
801 574 1022 622 0000010000.
1315 557 1373 620 007

198 694 322 756 ratur?
340 691 392 756 An
407 691 552 757 sufficiat
571 691 898 774 quasi-domicilium
913 693 968 757 vel
984 693 1129 778 simplex
1143 692 1318 768 hahitatio,
1338 697 1374 754 ut

198 798 273 881 quis
288 799 347 862 hat
361 798 516 864 subditus
532 799 566 862 iu
582 798 700 862 ordine
717 799 759 864 ad
774 800 1006 882 baptismum?
1022 801 1152 865 Sufficit
1165 801 1199 863 in
1214 799 1373 883 praesenti

197 914 236 972 ut
253 909 445 990 generatim
469 927 672 974 moneamus
692 909 814 974 eodem
834 910 937 975 modo
952 909 1101 994 aliquem
1116 908 1277 975 constitui
1299 925 1374 990 pro-

197 1019 309 1100 prium
323 1019 510 1101 paroehum
533 1019 568 1082 in
588 1019 706 1084 ordine
721 1019 765 1084 ad
784 1021 1003 1103 baptismum,
1022 1039 1124 1104 quam
1139 1019 1175 1082 in
1190 1018 1309 1084 ordine
1330 1017 1374 1081 ad

197 1126 464 1190 matrimonium.
488 1125 582 1190 Unde
604 1126 796 1192 distinctius
821 1127 1003 1192 delinietur
1023 1127 1181 1210 proprius
1205 1125 1373 1209 parochus

197 1231 232 1296 in
248 1232 334 1297 lihro
349 1233 405 1310 1v;
429 1234 490 1298 sed
513 1239 632 1299 notare
656 1239 790 1318 oportet
804 1235 895 1318 quod
914 1235 948 1298 in
971 1253 1053 1300 casu
1068 1233 1291 1308 necessitatis,
1319 1233 1373 1296 vel

198 1341 334 1422 quando
358 1341 481 1406 mulier
509 1347 606 1406 extm
623 1341 738 1406 locum
764 1341 923 1407 domicilii
949 1361 1030 1407 casu
1049 1342 1206 1426 parturiit
1228 1347 1262 1405 et
1289 1359 1374 1422 puer

197 1448 419 1532 baptizandus
438 1467 508 1514 000
533 1456 650 1533 posset
672 1451 745 1514 sine
767 1450 918 1534 periculo
936 1451 1111 1516 transferri
1136 1449 1178 1514 ad
1202 1448 1373 1532 propriam

197 1558 408 1638 parochiam,
437 1561 591 1639 potesta
612 1559 759 1641 parocho
783 1557 848 1624 loci
879 1558 1066 1623 nativitatis
1093 1556 1270 1640 baptizari,
1304 1574 1373 1620 non

197 1665 360 1748 requisito
395 1683 565 1730 consensu
602 1667 740 1750 parochi
777 1666 938 1732 domicilii
982 1667 1102 1731 matris
1140 1663 1370 1748 parturientis.

197 1769 324 1836 Tamen
334 1773 502 1858 parochus
511 1773 1191 1858 propriusnonessetministerlegitimus
1202 1771 1371 1854 baptismi,

198 1880 341 1946 sialiter
362 1884 542 1948 obtentum
568 1884 611 1946 sit
635 1884 884 1948 consuetudine
907 1883 964 1948 vel
987 1883 1241 1968 prescriptione
1262 1901 1269 1942 ε
1292 1899 1373 1944 nam

197 1991 444 2056 consuetudine
465 1993 508 2056 ab
529 1997 692 2058 extraneo
710 1995 859 2076 parocho
879 1993 1024 2058 obtineri
1047 1996 1161 2076 potest
1176 1993 1234 2074 jus
1249 1989 1374 2072 baptis-

197 2116 293 2161 mum
308 2099 451 2164 aliarum
465 2102 702 2184 parochiarum
718 2103 862 2168 subditis
878 2103 921 2168 ad
936 2103 1050 2186 ipsum
1065 2106 1186 2186 sponte
1201 2099 1374 2164 confluen-

179 2199 297 2282 tibus,
315 2208 591 2280 ministrandi.,S.
603 2209 725 2292 Cougr.
742 2210 856 2287 0000,
874 2212 913 2275 15
928 2211 1008 2275 maii
1023 2210 1112 2286 1600,
1129 2214 1242 2273 101010
1256 2205 1374 2270 hahuit

194 2313 252 2394 jus
274 2315 413 2396 parochi
439 2315 586 2381 basilicae
614 2317 649 2380 in
683 2319 952 2383 controversiam
980 2317 1165 2382 deductum
1188 2335 1209 2380 a
1234 2313 1373 2398 reliquis

197 2418 293 2486 Urbis
319 2425 498 2506 parochis;
524 2426 638 2510 itaque
666 2445 735 2491 nou
761 2426 902 2512 quilibet
925 2427 1094 2511 parochus
1130 2421 1290 2490 domicilii
1322 2425 1374 2486 est

197 2527 354 2594 minister
365 2529 541 2613 legitimus
558 2534 738 2616 baptismi;
754 2553 903 2619 namque

236 2637 269 2699 01
284 2637 317 2702 Si
333 2637 445 2722 aliqua
461 2639 603 2705 ecclesia
617 2642 741 2706 matrix
754 2642 962 2726 privativum
979 2647 1014 2708 et
1037 2639 1249 2706 exclusivum
1264 2639 1371 2722 bapti·

196 2745 293 2810 zaudi
314 2747 372 2828 jus
394 2747 515 2811 habuit
537 2767 579 2812 ax
603 2749 844 2815 immemoriali
870 2749 1129 2826 consuetudine,
1148 2765 1218 2814 non
1240 2747 1320 2812 licet
1338 2748 1373 2810 in

197 2852 262 2918 alia
277 2853 418 2919 ecclesia
427 2857 611 2938 parochiali
622 2877 753 2923 novum
766 2860 898 2924 iontem
908 2857 1146 2942 baptismalem
1162 2861 1371 2932 construere,

193 2961 293 3043 juxta
312 2962 557 3030 declarationes
574 2965 605 3029 S.
624 2965 745 3048 Congr.
764 2966 863 3031 Cone.
880 2967 916 3030 01
931 2969 1003 3049 jan.
1021 2965 1110 3041 1130,
1128 2965 1264 3030 101001.
1282 2963 1370 3028 tritt.

195 3067 246 3133 00
271 3071 455 3136 0000011001
481 3073 631 3138 ecelesia
658 3075 859 3157 parochialis
884 3093 955 3140 non
976 3074 1125 3158 pertinet
1146 3073 1224 3138 tons
1248 3071 1373 3154 baptis-

197 3176 405 3255 maliacem
426 3181 608 3246 concilium
622 3181 709 3246 Trid.
732 3183 828 3264 (sess.
855 3184 905 3259 01,
932 3201 960 3246 0.
977 3181 1007 3258 1,
1032 3181 1073 3246 de
1086 3181 1178 3264 lies.)
1195 3180 1373 3262 distinguit

197 3287 357 3352 ecclesias
377 3289 588 3371 parochiales
607 3295 642 3353 et
663 3291 894 3373 baptismales,
921 3295 1091 3374 quatenus
1110 3289 1313 3372 disjunctive
1331 3287 1371 3351 de

196 3393 262 3458 illis
280 3395 441 3478 loquitur.

237 3503 365 3589 ltaque,
381 3511 419 3569 ut
437 3506 536 3572 docet
550 3507 624 3590 ipsa
639 3513 670 3574 S.
688 3507 809 3590 Gongr.
825 3509 938 3584 Cone,
955 3509 991 3572 in
1007 3505 1157 3572 ecclesiis
1171 3503 1370 3589 parochiali-

197 3612 260 3676 bus
279 3631 350 3677 non
370 3615 532 3678 continuo
560 3613 640 3678 11001
663 3615 793 3696 erigere
821 3616 953 3681 fontem
982 3613 1220 3697 baptismalem
1249 3611 1306 3674 ubi
1329 3629 1370 3673 ex

195 3725 311 3784 vetere
328 3719 503 3803 disciplina
518 3739 608 3784 unus
625 3725 757 3785 tantum
772 3721 827 3786 vel
841 3721 927 3786 alter
946 3723 1092 3785 habetur
1112 3719 1164 3801 (08
1178 3721 1249 3802 jan.
1268 3717 1368 3797 1831).

195 3829 304 3894 Antea
324 3848 475 3894 annuere
495 3829 620 3912 pluries
640 3831 810 3895 recusavit
827 3829 1047 3913 petitionibus
1062 3827 1288 3912 parochorum
1310 3844 1370 3907 pro

196 3937 366 4002 erectione
386 3937 490 4001 sontis
509 3936 729 4020 baptismalis.

107 4059 110 4064 “
235 4047 267 4108 3⁰
290 4045 356 4108 Sed
378 4045 513 4128 quando
540 4044 682 4109 ecclesia
714 4047 916 4129 parochialis
943 4051 996 4110 est
1018 4046 1121 4109 etiam
1146 4039 1367 4126 baptismalia,

194 4152 382 4236 baptismus
405 4151 633 4217 conferendus
662 4157 715 4216 est
738 4155 916 4237 apropriis
942 4152 1133 4236 respective
1153 4149 1310 4234 parochis
1336 4147 1371 4212 in

194 4260 506 4344 propriaparochia,
516 4279 587 4326 non
600 4260 756 4326 obstante
765 4258 1203 4334 contrariaconsuetudine‚
1215 4263 1253 4322 ut
1263 4255 1371 4322 deela-

193 4367 409 4434 raviteadem
422 4367 556 4450 (longa,
566 4368 677 4432 otebr.
690 4368 779 4432 1731.
795 4369 864 4434 Hoc
874 4369 1038 4453 procedit,
1050 4367 1184 4434 etiamsi
1196 4372 1318 4449 agatur
1327 4366 1369 4430 de

195 4477 336 4542 ecclesia
362 4475 545 4541 cathedrali
577 4475 633 4541 vel
658 4477 922 4561 metropolitana
945 4481 979 4544 et
1007 4477 1148 4560 dejure
1178 4474 1368 4558 baptizandi

196 4585 329 4650 adultos
357 4583 512 4650 infideles
541 4585 583 4650 ad
606 4585 710 4650 tidem
733 4603 919 4652 conversos
942 4589 957 4668 l:
984 4587 1032 4651 ita
1057 4585 1089 4650 S.
1117 4583 1238 4666 Gongr.
1266 4581 1365 4647 (lonc.

196 4693 333 4793 000001.
350 4693 440 4770 1081,
455 4711 529 4776 quae
546 4691 696 4760 decrevit
710 4694 917 4777 baptismum
932 4693 1127 4760 adultorum
1141 4691 1310 4776 pertinere
1325 4689 1368 4754 ad
