3488 5564
558 614 645 658 niara
666 613 817 660 sscouocs
838 615 1055 660 nacaaraucu.
1358 597 1396 657 87

260 730 397 804 Verum,
415 730 444 793 si
461 747 542 794 reus
558 729 601 792 sit
609 733 793 796 contumax
808 731 990 814 postlitem
1002 734 1239 806 contestatam,
1251 736 1286 794 et
1295 747 1399 796 causa

222 838 265 900 sit
283 836 422 920 liquida,
437 838 545 902 fertur
560 838 731 902 sententia
745 837 921 903 definitiva
938 838 994 902 vel
1010 857 1072 922 pro
1092 843 1217 914 actore,
1240 839 1268 902 si
1289 839 1400 902 inten-

224 946 351 1008 tionem
372 963 470 1010 suam
490 945 701 1028 probaverit,
717 946 772 1010 vel
792 965 853 1029 pro
872 963 933 1010 reo
951 947 1103 1010 absente.
1128 945 1194 1010 Sed
1215 950 1400 1010 contumax

221 1053 330 1116 victor
357 1051 394 1115 in
424 1071 562 1136 poenam
588 1053 810 1119 contumaciae
833 1071 969 1140 semper
989 1053 1209 1118 condemnari
1234 1053 1335 1118 debet
1357 1051 1399 1116 ad

222 1177 402 1243 expensas.

262 1266 455 1332 Notandum
465 1270 616 1353 estquod
630 1271 665 1333 in
675 1270 819 1336 materia
828 1269 1026 1345 benessciali,
1040 1269 1210 1334 sententia
1220 1269 1286 1334 hoc
1296 1268 1400 1333 modo

221 1374 291 1438 lata
307 1393 377 1439 non
396 1377 519 1441 transit
537 1378 573 1441 in
587 1395 663 1448 rem
679 1377 866 1459 judicatam
886 1382 1005 1441 contre
1023 1376 1245 1458 superiorem,
1267 1381 1306 1439 ut
1323 1393 1401 1440 con-

222 1487 291 1548 stat
304 1503 348 1547 ex
360 1504 389 1548 c.
407 1487 436 1560 7,
451 1486 484 1548 h.
503 1491 540 1561 1.;
555 1491 590 1549 et
603 1485 689 1549 ratio
705 1490 767 1562 est,
782 1485 861 1567 quia
872 1502 970 1548 secus
982 1484 1197 1560 beneficium,
1215 1484 1288 1548 sine
1302 1499 1402 1548 cano·

221 1591 300 1656 nica
313 1591 537 1669 institutione,¹
555 1593 700 1657 obtineri
715 1597 842 1675 posset.
860 1591 1088 1668 Quamobrem
1108 1591 1274 1675 superiori
1291 1589 1402 1656 adhuc

221 1700 396 1781 integrum
425 1706 478 1764 est
504 1700 545 1765 de
573 1702 722 1783 partium
750 1699 885 1782 juribus
911 1701 1082 1783 inquirere
1111 1704 1146 1765 et
1171 1715 1399 1780 cognoscere,
1439 1755 1443 1766 .

220 1809 372 1874 maxime
388 1809 417 1872 si
429 1809 599 1874 sententia
611 1809 681 1874 lata
693 1807 796 1872 luerit
808 1811 927 1872 contra
937 1809 1116 1874 absentem
1129 1807 1186 1891 qui
1201 1825 1272 1872 non
1283 1807 1402 1872 habuit

223 1915 451 1981 defensorem.

647 2289 863 2364 Tl'l’ULUS
897 2289 976 2363 XV.

279 2465 318 2511 aa
335 2463 375 2511 co
393 2466 443 2518 our
463 2465 607 2512 arrrrroa
626 2466 657 2510 ru
674 2465 905 2523 rossassrouau,
927 2467 1022 2514 causa
1042 2467 1093 2512 aar
1114 2465 1278 2512 sravaann
1295 2447 1346 2528 (l).

265 2779 407 2857 Quando
421 2797 501 2844 reus
518 2780 591 2844 sine
604 2783 698 2864 justa
716 2799 819 2846 causa
837 2781 1082 2846 contumaciter
1096 2781 1203 2856 abest,
1220 2785 1315 2845 actor
1327 2782 1404 2844 mit-

224 2889 308 2952 titur
321 2888 356 2950 in
375 2888 629 2970 possessionem
643 2889 813 2953 bonorum
827 2889 891 2964 rei;
907 2889 980 2954 haec
995 2907 1077 2970 ergo
1097 2887 1214 2952 missio
1236 2892 1288 2952 est
1301 2907 1404 2971 poena

223 2995 466 3072 coutumacia,
489 2999 524 3060 et
544 2995 621 3061 ideo
645 3002 723 3080 post
748 2996 884 3060 titulum
908 2996 950 3060 de
972 2995 1201 3071 contumacia,
1225 2995 1338 3076 egitur
1361 2995 1403 3060 de

224 3105 389 3170 missione
403 3105 439 3168 in
453 3105 707 3187 possessionem
721 3106 902 3170 bonorum.
917 3103 1044 3170 Tamen
1059 3103 1201 3186 quaestio
1212 3103 1314 3168 latius
1326 3121 1404 3168 con·

225 3213 404 3286 sideratur,
424 3230 484 3276 seu
503 3215 606 3295 prout
626 3212 744 3277 missio
768 3213 804 3275 in
824 3212 1078 3295 possessionem
1102 3211 1141 3274 sst
1161 3209 1217 3275 vel
1240 3211 1403 3276 custodie

224 3337 339 3395 cause,
353 3319 409 3384 vel
426 3319 468 3384 ad
481 3319 736 3404 possessionem
756 3319 946 3384 immissam
962 3319 1244 3384 transferendam.
1259 3318 1403 3386 Proinde

224 3429 268 3494 de
281 3429 345 3495 hac
356 3428 490 3493 rubrica
503 3427 626 3493 dicitur
641 3448 648 3490 :
666 3427 838 3509 «Nigrum
854 3432 906 3492 est
919 3427 1114 3508 generalius
1126 3429 1241 3494 rubro.
1259 3451 1275 3486 a

459 3621 479 3670 1.
497 3616 569 3678 Quid
583 3617 620 3670 sit
633 3615 731 3670 missio
744 3615 775 3668 in
789 3615 997 3682 possessionem
1011 3616 1169 3670 bonorum?

267 3753 300 3834 α)
310 3751 442 3836 Duplex
451 3751 672 3834 distinguitur
683 3751 801 3816 missio
814 3751 850 3816 in
862 3752 1126 3835 possessionem,
1140 3751 1267 3817 scilicet
1278 3768 1403 3836 eaquae

226 3862 267 3924 111
280 3861 445 3944 exprimo
462 3859 608 3935 decreto,
626 3863 661 3924 et
681 3875 812 3942 eaquae
833 3876 876 3924 ex
896 3858 1056 3924 secundo.
1073 3859 1121 3926 lte
1136 3863 1279 3943 utraque
1294 3859 1406 3940 egitur

225 3970 263 4034 in
277 3969 342 4033 hoc
356 3966 466 4032 titulo.

268 4074 331 4139 Per
348 4075 501 4159 primum
528 4075 698 4138 decretum
725 4071 927 4155 intelligitur
958 4075 1128 4138 sententia
1151 4073 1406 4140 interlocutoria

223 4182 349 4268 judicis
365 4200 441 4267 qua,
459 4183 502 4248 ob
516 4182 766 4247 contumaciam
779 4182 840 4258 rei,
859 4185 954 4246 actor
966 4182 1002 4246 in
1016 4183 1106 4246 bona
1120 4181 1220 4258 illius,
1243 4181 1406 4248 custodie

226 4309 342 4368 causa,
361 4291 517 4368 mittitur,
533 4297 572 4354 ut
588 4289 646 4356 illa
663 4289 816 4374 pignoris
837 4289 911 4354 vice
933 4291 1058 4365 teneat,
1076 4289 1185 4354 donec
1198 4291 1314 4356 veniat
1327 4308 1407 4356 reus

227 4417 472 4484 responsurum
497 4417 540 4464 ex
560 4417 632 4482 cap.
650 4400 666 4464 l
687 4400 720 4462 h.
745 4403 769 4462 t.
785 4398 882 4463 Ratio
897 4395 987 4462 illius
1004 4397 1177 4464 missionis
1196 4403 1250 4463 est
1269 4403 1308 4462 ut
1327 4417 1407 4464 reus

260 4583 297 4647 (l)
308 4581 366 4633 vid.
381 4585 407 4632 1υ
419 4581 554 4642 Pendeat,
566 4579 613 4632 lib.
626 4579 699 4642 11111,
713 4579 754 4629 111.
770 4590 808 4638 1v,
821 4589 839 4630 x
845 4593 853 4640 ;
869 4577 916 4630 lib.
927 4577 1012 4640 xilll,
1031 4577 1070 4628 tit.
1084 4589 1121 4641 av,
1135 4581 1194 4641 etc.;
1208 4577 1282 4640 Cod,
1294 4578 1340 4630 lib.
1353 4577 1407 4640 vu,

229 4664 268 4714 tit.
287 4675 376 4725 axau,
392 4663 458 4713 Nor.
473 4663 513 4721 5³,
528 4675 550 4715 c.
565 4664 588 4725 1,
604 4659 650 4710 lib.
662 4659 727 4723 vill,
741 4659 782 4710 111.
798 4669 871 4720 xxru
887 4660 914 4708 2⁰
925 4657 1063 4722 Codeta,
1076 4662 1124 4710 art.
1137 4661 1323 4724 1211111117,
1337 4661 1407 4720 lotii,

233 4746 301 4808 1318,
318 4750 368 4796 cm
