3504 5566
288 569 291 576 ¹
406 587 463 652 ¹32
860 593 911 650 ius
931 603 1110 649 canonicor.

404 741 477 805 quae
493 723 662 786 actionem
678 740 747 786 non
760 721 899 786 omuino
914 721 1097 804 perimunt,
1114 719 1174 784 sed
1190 723 1323 784 tantum
1336 721 1497 788 differunt
1513 744 1574 789 seu

399 830 590 906 retardaut3
616 833 696 893 sunt
726 829 849 893 diversi
879 827 1031 910 generis,
1057 833 1159 912 prout
1185 829 1370 912 respiciunt
1392 849 1576 914 personam

398 937 536 1020 judicis,
551 954 735 1021 personam
760 936 882 1000 actoris
906 935 961 1000 vel
986 937 1224 1019 procuratoris,
1240 937 1354 1002 locum
1381 943 1415 1004 et
1439 943 1575 1024 tempus

398 1044 526 1127 judicii.
543 1044 782 1131 Peremptoriar
802 1049 1061 1126 vocanturque.
1083 1046 1141 1127 jus
1164 1045 1286 1109 actoris
1308 1046 1491 1128 perimunt,
1514 1065 1574 1112 seu

275 1177 279 1190 ¹
402 1153 571 1217 actionem
593 1151 790 1236 simpliciter
804 1151 944 1215 elidunt.
964 1150 1046 1216 Hine
1062 1153 1215 1236 exceptio
1230 1155 1457 1238 peremptoria
1476 1161 1528 1220 est
1542 1161 1576 1220 et

403 1255 708 1342 diciturperpetua‚
725 1261 759 1320 et
774 1255 939 1330 dilatoria,
956 1255 1162 1338 temporalis.

441 1364 591 1430 Tandem
604 1366 637 1428 5⁰
649 1363 809 1428 dividitur
823 1364 926 1427 etiam
941 1363 976 1426 in
985 1363 1118 1444 justam
1136 1383 1196 1428 seu
1211 1364 1428 1442 relevantem,
1442 1385 1516 1450 quae
1531 1367 1574 1432 ob

400 1475 530 1556 justam
547 1491 686 1538 causam
709 1471 916 1556 approbatur
936 1489 956 1534 a
974 1473 1063 1554 jure,
1086 1475 1121 1534 et
1139 1472 1303 1553 injustam
1323 1491 1385 1537 seu
1398 1475 1573 1555 frivolam,

404 1601 477 1664 quae
496 1587 637 1648 vocatur
653 1582 757 1648 etiam
778 1581 1011 1662 miseratoric,
1029 1598 1103 1662 quae
1118 1579 1160 1643 ad
1182 1580 1424 1674 retardandum
1444 1583 1573 1646 exitum

400 1689 467 1752 litis
481 1691 651 1754 malitiose
666 1689 859 1772 opponitur.

718 1936 732 2004 ‚t
752 1939 785 1993 tt.
811 1936 849 1993 Iir
868 1936 1049 2008 receptionis
1068 1937 1258 2009 oppositione.

442 2133 474 2210 a)
490 2129 556 2194 Cui
568 2136 598 2188 rt
613 2146 634 2188 c
646 2145 710 2212 quo
724 2127 848 2208 opponi
861 2126 968 2208 possit
983 2126 1161 2208 exceptio?
1179 2127 1210 2189 t·
1220 2127 1376 2209 Exceptio
1392 2127 1575 2210 opponitur

402 2238 505 2302 actori
522 2239 556 2300 et
570 2238 645 2318 eJus
660 2234 862 2298 haeredibus.
877 2235 909 2296 2⁰
923 2235 1132 2317 Quicumque
1147 2253 1237 2310 reus,
1261 2235 1364 2299 etiam
1380 2253 1575 2303 excommur

402 2347 533 2410 nicetus
548 2344 603 2408 rel
621 2343 777 2406 inhabilis
803 2343 844 2406 ad
862 2343 1044 2423 agendum,
1073 2362 1242 2428 opponere
1268 2347 1381 2426 potest
1408 2346 1575 2428 exceptio-

401 2472 481 2516 nem
496 2455 535 2534 (c.
550 2455 571 2516 5
585 2451 620 2542 b„
636 2451 687 2533 t.);
704 2453 789 2514 ratio
806 2456 867 2527 est,
885 2452 964 2534 quia
978 2451 1131 2516 defensio
1146 2471 1166 2515 a
1175 2454 1252 2534 jure
1268 2452 1412 2518 naturali
1426 2455 1575 2517 olricum-

400 2581 466 2646 que
481 2561 693 2636 conceditur;
722 2577 823 2642 porro
850 2561 1004 2642 exceptio
1032 2567 1084 2624 est
1108 2563 1238 2644 species
1262 2561 1573 2646 defensionisque

400 2671 541 2752 proinde
565 2670 723 2734 omnibus
745 2669 951 2746 conceditur,
979 2669 1081 2733 etiam
1105 2670 1188 2735 alias
1213 2671 1426 2748 inhabilibus
1452 2669 1574 2754 quibus

401 2778 560 2860 denegari
576 2779 694 2862 nequit
706 2779 803 2861 copia
817 2778 1036 2842 defensionis.

440 2889 469 2970 d)
486 2889 629 2968 Querido
644 2865 769 2971 opponi
784 2889 930 2951 debeat?
944 2889 975 2951 1⁰
989 2887 1213 2972 Exceptiones
1229 2889 1396 2954 dilatoriae
1412 2889 1572 2972 regulari-

401 3003 451 3059 ter
466 3005 701 3082 propommtur
715 2982 793 3062 ante
808 2999 876 3061 litis
898 2999 1193 3076 contestationem,
1209 3018 1288 3065 cum
1301 2999 1488 3083 impediant
1504 3001 1571 3063 litis

399 3106 592 3185 ingressum
608 3111 642 3170 et
654 3109 932 3172 constitutionem
944 3107 1073 3190 judicii.
1089 3109 1176 3174 Sunt
1189 3115 1305 3174 mmen
1320 3115 1389 3172 tres
1404 3110 1572 3191 exceptio-

400 3232 471 3291 nes,
488 3235 562 3300 quec
576 3217 611 3279 in
625 3235 653 3280 c.
670 3218 737 3282 eh.
754 3223 777 3281 t.
797 3236 967 3302 expressae
982 3219 1214 3302 reperiuntur3
1229 3224 1264 3283 et
1278 3219 1313 3282 in
1328 3219 1449 3282 codem
1464 3218 1571 3300 capite

400 3329 558 3388 mouetur
579 3325 702 3408 judicis
724 3346 799 3392 esse
818 3329 994 3411 praeflgere
1017 3329 1201 3393 terminum
1222 3327 1476 3412 exceptionibus
1495 3325 1572 3390 dila·-

401 3433 504 3511 toriis,
522 3452 564 3498 ne
579 3433 656 3498 lites
670 3437 772 3500 nimis
790 3438 1012 3521 protelentur.

438 3543 471 3606 2⁰
485 3542 707 3646 Exceptiones
723 3558 879 3633 perempt
881 3551 960 3612 oriae
980 3546 1182 3630 regulariter
1195 3548 1339 3632 proponi
1355 3547 1480 3612 debent
1494 3549 1568 3630 post

397 3650 465 3713 btrs
479 3655 774 3734 contestationem
801 3663 879 3722 ante
906 3657 1194 3723 conclusionem'
1186 3677 1220 3722 m
1242 3675 1360 3732 cousa;
1386 3657 1459 3718 ista
1479 3655 1570 3718 enim

356 3747 357 3752 ’
399 3761 615 3843 exceptiones
629 3765 802 3845 peremunt
812 3767 995 3830 achonem
989 3785 1112 3849 porro
1121 3767 1208 3832 eobo
1220 3763 1352 3830 excludr
1365 3765 1494 3848 nequit
1507 3765 1569 3827 nisi

399 3869 441 3930 sit
453 3868 596 3935 deducta
610 3873 644 3936 in
657 3873 834 3954 judicium.
857 3875 890 3938 Si
901 3875 1008 3958 judex
1022 3895 1101 3940 cum
1122 3895 1232 3940 causae
1247 3875 1441 3956 cognitione
1458 3872 1572 3936 terrui-

398 3995 481 4040 num
495 3979 682 4060 assignavit
692 3983 948 4066 exceptionibus
963 3985 1048 4062 istis,
1065 4003 1106 4049 eo
1121 3986 1236 4068 elapso
1247 4003 1317 4050 uon
1332 3982 1567 4054 auditurreus,

397 4104 475 4148 cerm
491 4089 658 4152 terminus
670 4093 762 4173 juste
777 4093 880 4156 fuerit
893 4096 1064 4177 praefixus.

437 4193 470 4254 3⁰
487 4193 710 4279 Exceptiones
736 4201 927 4286 inproprie
949 4221 1008 4266 seu
1032 4205 1121 4285 sceti
1143 4203 1268 4286 opponi
1288 4205 1442 4287 possunt,
1469 4200 1571 4266 etiam

311 4321 317 4350 ι
397 4305 475 4364 ante
490 4299 585 4366 litem
599 4311 835 4386 contestatam,
847 4327 927 4373 nam
939 4311 1172 4374 ieustrasseret
1185 4311 1387 4376 contestatio
1399 4310 1478 4388 litis,
1490 4311 1571 4373 dum

397 4409 501 4472 actori
516 4409 610 4475 nulla
624 4415 715 4478 aetio*
736 4415 777 4479 de
789 4419 866 4498 jure
881 4416 1054 4500 competit,
1070 4417 1126 4513 vel
1142 4419 1314 4498 notorium
1336 4425 1388 4484 est
1401 4419 1569 4484 actionem

397 4515 497 4580 istam
512 4517 677 4585 inutiliter
690 4525 844 4606 proponi.

434 4624 468 4688 40
483 4626 645 4702 Quaedam
660 4629 887 4714 exceptiones,
910 4634 1012 4697 etiam
1037 4639 1115 4718 post
1140 4635 1355 4714 sententiam,
1372 4637 1496 4721 opponi
1512 4655 1570 4700 va-

395 4731 477 4810 lent,
495 4739 533 4797 ut
546 4737 698 4819 exceptio
713 4737 876 4803 nullitatis
889 4743 1077 4819 sententiis,
1094 4745 1318 4809 restitutionis
1342 4745 1376 4810 in
1396 4745 1567 4826 integrum
