3510 5574
376 575 436 642 ets
838 589 891 636 sus
911 587 1092 636 muouruuu.

378 709 581 776 obedientiae
589 707 795 793 juramentis
808 707 917 782 saetis,
929 705 1035 772 iidem
1044 703 1214 788 recipiunt
1225 703 1375 786 insignis
1384 703 1559 787 paroehia-

376 819 440 885 lia:
457 838 561 904 quam
576 817 816 882 investituram
829 816 865 880 in
879 815 1112 899 spiritualibus
1129 817 1265 880 voeant.
1282 811 1558 880 Paraetadeinde

376 947 413 992 re
429 927 554 1003 divina,
569 925 707 1012 parochi
721 925 986 990 introducuntur
998 924 1035 988 in
1050 923 1192 988 domum
1206 921 1436 1006 parochialem
1457 925 1558 1004 etque

377 1035 502 1098 ibidem
516 1033 630 1100 olaves
654 1037 689 1098 et
710 1033 883 1098 rationum
903 1031 980 1098 libri
1003 1029 1133 1096 eisdem
1155 1029 1355 1106 traduntur;
1377 1047 1480 1114 quam
1496 1033 1559 1097 tra·

377 1143 543 1210 ditionem
558 1142 797 1229 temporalium
812 1139 994 1226 appellent.

773 1333 815 1384 111.
835 1330 956 1385 Effectus
970 1327 1156 1384 investitura.

417 1472 449 1553 a)
478 1470 624 1536 Effectus
653 1473 735 1533 sunt
758 1467 863 1532 iidem
893 1467 951 1551 qui
976 1466 1151 1550 aequisitae
1178 1443 1423 1550 possessionis,
1452 1473 1557 1552 puta:

375 1579 555 1644 interdicta
574 1579 796 1662 possessoris,
820 1581 878 1660 jus
902 1576 1049 1642 faciendi
1074 1577 1205 1642 fruetus
1228 1595 1320 1652 suos,
1337 1579 1559 1662 presumptio

376 1687 464 1752 tituli
479 1693 514 1752 et
525 1687 675 1752 eonditio
688 1684 940 1772 praesoribendi.
957 1684 1074 1766 Igitur,
1092 1684 1172 1748 boet
1186 1683 1227 1749 de
1247 1703 1284 1749 se
1304 1683 1442 1752 titulum
1457 1691 1491 1750 et
1501 1687 1559 1768 jus

376 1814 445 1864 non
462 1795 598 1872 tribuat,
615 1815 658 1860 ex
673 1794 731 1860 illa
744 1799 861 1860 tamen
880 1791 1000 1858 titulus
1021 1793 1058 1858 in
1074 1792 1228 1876 subjecto
1243 1811 1366 1877 oapaoe
1383 1793 1560 1877 praesumi-

377 1910 449 1980 tur;
474 1905 556 1981 imo,
581 1923 642 1989 per
663 1903 869 1970 triennalem
887 1902 1144 1987 possessionem
1165 1919 1248 1966 oum
1272 1901 1371 1968 titulo
1396 1901 1556 1976 eolorato‚

375 2013 580 2078 beneficium
592 2013 705 2097 ipsum
715 2012 946 2097 praecribitur
958 2011 995 2076 in
1009 2012 1085 2078 foro
1099 2013 1235 2077 interno
1249 2015 1284 2076 et
1297 2015 1561 2096 extemo,juxta

375 2121 533 2203 regulam
547 2141 643 2186 xxxu
656 2120 882 2186 Ganoellariae.

416 2231 446 2310 d)
458 2231 515 2296 An
529 2231 578 2295 ad
586 2230 872 2316 praescribendum
886 2233 1040 2313 szlfficiat
1055 2249 1173 2296 annua
1186 2232 1352 2317 possessio
1377 2229 1465 2294 tona
1490 2231 1558 2312 fide

376 2347 409 2402 et
432 2341 572 2424 pacifice
600 2340 827 2404 continuata?
853 2339 1024 2424 Respond.
1051 2340 1223 2422 negative.
1247 2339 1407 2404 Attamen
1433 2339 1469 2403 in
1495 2339 1560 2403 hoo

376 2465 458 2512 easu
472 2447 667 2531 impetratio
681 2447 839 2511 benessoii
853 2447 944 2530 quod
966 2447 1008 2512 ab
1024 2445 1090 2512 alio
1105 2465 1312 2530 perannum
1326 2447 1468 2530 panidos
1482 2465 1560 2530 pos-

377 2555 516 2630 sidetur,
532 2572 602 2619 non
616 2554 718 2632 valet,
734 2555 800 2618 nisi
815 2555 1017 2620 ostendatur
1030 2554 1153 2618 vitium
1172 2553 1272 2619 tituli.
1287 2554 1380 2638 (Vide
1394 2555 1556 2636 Pirhing.‚

377 2665 418 2728 de
431 2663 633 2748 Pramum,
650 2682 684 2727 n.
701 2663 785 2744 115.)

281 2753 283 2760 ’
416 2773 443 2854 c)
457 2772 512 2836 An
525 2773 553 2836 is
567 2772 629 2855 qui
638 2789 704 2855 per
719 2773 917 2836 canonicum
936 2775 1183 2838 institutionem
1203 2773 1329 2836 obtinet
1348 2771 1557 2854 beneficium,

376 2881 450 2961 ejus
476 2881 722 2965 possessiouem
752 2881 1003 2966 apprehendere
1029 2883 1136 2967 possit
1156 2883 1301 2967 propriu
1327 2879 1560 2946 auctoritate?

376 2987 573 3070 Respond:
597 2987 857 3070 Distinguendo.
877 2989 912 3053 Si
932 2989 1094 3072 praelatus
1110 2989 1308 3073 simpliciter
1321 2993 1357 3054 et
1370 2988 1444 3054 sine
1459 2987 1558 3068 signo

376 3095 615 3161 investituram
630 3096 814 3162 denotante
825 3097 1008 3162 contulerit
1023 3102 1083 3164 aut
1097 3101 1343 3182 presentatum
1357 3096 1554 3172 instituerit,

376 3203 553 3267 institutus
567 3221 639 3268 non
651 3209 767 3288 potest
776 3206 914 3289 propria
923 3206 1125 3271 auctoritate
1136 3205 1392 3289 possessionem
1402 3203 1557 3268 benesseii

377 3311 481 3376 etiam
491 3327 635 3376 vacuam
649 3312 917 3396 apprehendere,
930 3317 969 3376 ut
981 3314 1105 3378 dooent
1114 3311 1555 3378 communiteroanonistae:

375 3418 458 3494 imo,
478 3419 537 3502 qui
553 3420 690 3502 propria
710 3421 911 3486 austeritate
925 3421 1009 3486 adiit
1021 3420 1277 3506 possessionem
1290 3420 1447 3486 beneficii
1459 3423 1558 3503 eujus

378 3525 515 3590 titulum
527 3527 641 3604 habet,
657 3527 732 3610 ipso
745 3529 823 3610 Jure
846 3533 881 3592 et
902 3529 992 3594 iacto
1006 3530 1133 3594 amittit
1148 3527 1285 3592 titulum
1299 3529 1467 3604 beneficii,
1483 3529 1512 3591 si
1523 3529 1557 3592 vi

135 3673 147 3691 2
280 3723 284 3728 Ι
376 3633 470 3698 illata
483 3633 633 3716 priorem
647 3636 887 3700 beuessoiatum
903 3635 1042 3718 depulit.
1056 3635 1155 3701 Ratio
1170 3639 1233 3712 est,
1250 3637 1330 3721 quia
1342 3641 1457 3718 partes
1468 3636 1558 3720 judi-

376 3741 425 3804 ois
439 3759 614 3804 assumere
631 3740 768 3807 videtur
782 3741 821 3824 (o.
839 3743 879 3806 18
894 3743 936 3808 de
949 3742 1154 3823 Praebendis,
1169 3743 1205 3806 in
1219 3743 1274 3826 6⁰).

418 3847 452 3912 Si
464 3866 547 3912 vero
560 3849 648 3914 hano
661 3851 917 3932 possessionem
940 3851 1075 3928 adierit,
1093 3850 1188 3916 nulla
1209 3849 1460 3916 interveniente
1485 3852 1557 3917 vio-

375 3955 492 4032 lentia,
514 3959 595 4021 tune
621 3971 725 4038 poena
748 3957 925 4022 arbitraria
950 3977 971 4023 a
991 3957 1106 4041 judice
1135 3963 1188 4022 est
1211 3958 1418 4041 puniendus.
1443 3943 1581 4042 ipsum¹

377 4069 492 4127 tamen
505 4063 711 4128 benessoium
723 4081 794 4129 uon
808 4065 944 4142 amittit,
961 4066 1041 4149 quia
1052 4066 1096 4132 ad
1110 4066 1332 4131 amissionem
1343 4069 1401 4150 jus
1416 4065 1558 4150 requirit

377 4171 572 4254 neglectum
583 4171 708 4255 judiois
725 4177 759 4236 et
773 4173 972 4238 violentiam
985 4175 1177 4258 possessori
1193 4175 1352 4240 existenti
1366 4173 1505 4239 illatam.

828 4441 1102 4457 Q
