3488 5564
365 573 405 638 58
822 596 872 642 rus
893 595 1073 642 cancurcuu.

365 707 467 774 idest
487 727 601 776 coram
612 712 760 794 parocho
777 719 811 778 et
831 713 988 788 testibus;
1004 713 1051 778 ita
1065 711 1097 776 S.
1116 710 1236 794 Gongr.
1254 710 1391 790 Concil.;
1407 721 1539 782 constat

367 819 469 884 etiam
482 839 526 886 ex
538 839 611 904 cap.
627 823 718 888 Licet
734 824 766 887 h.
785 823 824 888 tit
845 845 851 884 :

294 993 297 1003 ,
407 929 523 994 Solum
539 950 620 1012 ergo
634 933 688 996 hic
701 932 923 1015 prohibentur
937 932 1182 1010 solemnitates,
1200 938 1238 996 ut
1251 939 1331 998 sunt
1349 933 1539 1000 benedictio

367 1038 572 1120 nuptiarum,
595 1041 753 1105 convitia
773 1040 946 1124 nuptialia,
972 1041 1138 1106 traductio
1163 1041 1325 1106 solemnis
1346 1061 1480 1125 sponsae
1504 1043 1539 1107 in

368 1146 508 1211 domum
527 1147 600 1222 viri,
621 1151 654 1214 et
673 1146 786 1224 etiam,
801 1150 900 1230 Juxta
919 1148 1049 1232 plures,
1066 1149 1138 1232 ipsa
1157 1149 1406 1215 consummatio
1425 1150 1539 1216 matri-

367 1253 483 1330 monii,
501 1253 561 1319 scd
575 1255 850 1342 improbabiliter,
871 1257 919 1321 ait
935 1257 1096 1324 Schmalz.
1112 1257 1147 1338 (l.
1164 1255 1215 1334 lV,
1234 1257 1283 1321 tit.
1300 1259 1374 1340 avr).

638 1453 682 1506 lv.
699 1451 752 1515 in
769 1451 850 1504 actus
866 1450 1072 1516 prohibeantur
1089 1451 1135 1504 dle
1153 1451 1270 1504 festivo?

407 1587 440 1668 a)
454 1585 662 1670 Praeceptum
676 1587 879 1652 observandi
899 1587 1000 1652 terias
1021 1605 1134 1652 sacras
1148 1587 1271 1671 partim
1286 1588 1538 1666 altlrmstivum,

366 1694 489 1778 partim
504 1695 703 1776 negativum
718 1700 770 1760 est
788 1715 795 1757 :

406 1803 579 1886 Quatenus
607 1802 868 1879 affirmativum,
894 1803 1044 1886 praecipit
1070 1808 1108 1866 nt
1132 1821 1252 1868 omnes
1277 1799 1397 1868 Christi
1424 1803 1542 1868 fideles

365 1911 505 1974 missam
520 1909 688 1992 integram
699 1929 778 1975 cnm
792 1912 980 1976 attentione
997 1910 1146 1986 audiant,
1163 1911 1227 1976 nisi
1248 1913 1387 1978 eosdem
1403 1916 1543 1977 excuset

253 2015 258 2030 '
366 2019 567 2102 impotentis
580 2019 718 2102 physion
731 2024 791 2084 ant
804 2019 954 2084 moralis.

406 2125 474 2191 Hoc
488 2132 668 2211 praecepto,
685 2133 723 2191 nt
737 2129 908 2210 negativo,
926 2129 1149 2212 probibentur
1167 2149 1173 2191 :

407 2235 437 2298 1⁰
460 2235 570 2318 Opera
590 2237 735 2300 servilia.
760 2236 938 2320 Excipitur,
962 2237 990 2300 si
1011 2256 1114 2302 causa
1136 2236 1349 2302 necessitatis
1371 2237 1436 2302 tale
1457 2255 1543 2320 opus

366 2343 586 2428 suscipiatur;
610 2363 690 2410 nam
712 2345 1013 2428 impedimentum,
1039 2345 1187 2410 maxime
1218 2345 1246 2408 si
1273 2345 1446 2409 notorium
1472 2349 1540 2419 est,

367 2457 516 2516 excusat.
532 2451 707 2530 Attamen,
727 2453 755 2516 si
772 2471 841 2517 non
856 2469 917 2536 pro
939 2471 1008 2516 una
1025 2457 1159 2516 tentum
1182 2451 1237 2516 vel
1252 2452 1359 2518 altera
1374 2453 1465 2526 vice,
1483 2453 1542 2516 sed

367 2559 535 2624 ordinarie
551 2565 585 2623 et
599 2579 688 2644 saepe
708 2559 784 2624 tabe
802 2577 906 2624 cansa
927 2565 1129 2636 occurreret,
1149 2560 1272 2624 decens
1288 2565 1341 2624 est
1357 2565 1395 2622 nt
1409 2559 1543 2642 dispen-

370 2668 456 2732 satio
475 2671 610 2750 petatur
624 2687 644 2732 a
656 2668 841 2751 superiore.

406 2775 553 2842 Servilia
567 2776 725 2840 dicuntur
739 2775 795 2840 ille
811 2794 915 2859 opera
929 2793 1003 2859 quae
1019 2775 1252 2841 commoditati
1270 2775 1423 2859 corporis
1445 2773 1484 2840 ac
1507 2775 1543 2838 in

365 2883 546 2949 utilitatem
560 2885 715 2968 ejusdem
729 2884 883 2968 proxime
899 2883 1034 2964 cedunt,
1053 2889 1087 2948 et
1100 2885 1229 2948 viribus
1244 2885 1395 2968 corporis
1417 2883 1543 2968 potius-

367 3012 468 3078 quam
483 2993 587 3058 animi
601 2993 794 3058 efficiuntur
810 3014 816 3056 :
833 2994 913 3077 qnia
926 2993 1128 3075 ignobiliora
1148 2997 1229 3057 sunt
1245 2994 1318 3057 haec
1331 3011 1445 3077 opera,
1462 2992 1544 3057 olim

366 3121 428 3186 per
447 3119 564 3166 servos
588 3107 720 3166 tantum
741 3103 997 3178 exercebantur,
1018 3102 1096 3166 inde
1119 3120 1247 3166 nomen
1269 3126 1284 3158 α
1306 3100 1419 3184 operis
1439 3101 1544 3166 serri-

366 3211 446 3274 lis».
461 3211 628 3276 Liberalia
642 3211 800 3276 dicuntur
814 3211 870 3276 illa
885 3230 988 3295 opera
1003 3231 1078 3294 quae
1095 3211 1215 3276 diebus
1232 3211 1328 3276 iestis
1350 3229 1420 3275 non
1433 3209 1544 3292 prohi-

366 3322 499 3386 bentur.
517 3319 603 3385 Sunt
616 3321 764 3384 maxime
779 3319 836 3384 illa
852 3339 927 3404 qnae
947 3321 989 3384 ab
1012 3322 1127 3385 animo
1151 3320 1319 3404 praecipue
1342 3317 1540 3402 procedunt,

367 3433 468 3514 atque
484 3429 637 3512 proxime
652 3433 687 3493 et
701 3428 897 3492 immediate
912 3430 1107 3493 referuntur
1128 3428 1172 3493 ad
1192 3426 1429 3492 instruendam
1450 3444 1543 3489 men-

368 3543 438 3602 tem
457 3538 629 3621 propriam
648 3537 704 3602 vel
726 3537 883 3602 alienam.
900 3537 1162 3618 Distinguuntnr
1183 3535 1323 3600 etiams
1340 3533 1542 3619 quibusdam

369 3672 384 3702 a
401 3665 505 3730 opera
524 3645 637 3710 media
653 3671 680 3722 e,
699 3663 759 3709 seu
780 3645 981 3721 communio,
1003 3663 1078 3728 quse
1098 3662 1118 3708 a
1137 3643 1253 3708 liberis
1277 3647 1311 3706 et
1336 3641 1443 3706 servis
1465 3658 1543 3724 pro·

368 3756 495 3820 misene
509 3758 720 3819 exercentur.

406 3864 487 3940 Quae
503 3863 570 3925 sint
584 3863 619 3925 in
634 3862 745 3944 specie
767 3879 869 3945 opera
886 3861 1031 3936 servilia,
1049 3859 1103 3924 vel
1123 3859 1285 3936 liberalia,
1308 3878 1369 3924 seu
1392 3877 1541 3924 commu-

367 3971 433 4046 nie,
451 3969 574 4036 docent
588 3969 780 4036 moralistae.

407 4081 439 4143 9⁰
454 4079 622 4145 Mercurius
637 4081 674 4162 (c.
693 4080 753 4143 lh.
771 4079 820 4160 t).
835 4079 975 4144 Nomine
990 4083 1160 4143 mercatus
1172 4077 1226 4142 hic
1240 4079 1541 4143 veniuntcontrac-

366 4193 421 4252 tus
436 4189 657 4271 emptionum,
674 4188 920 4266 venditionum,
936 4193 1012 4264 etc,
1024 4187 1213 4271 praesertim
1229 4187 1257 4250 si
1271 4186 1406 4270 publica
1420 4187 1541 4252 solem-

366 4298 471 4362 nitate
485 4297 578 4360 flant.
594 4297 743 4361 Veniunt
757 4297 860 4361 etiam
873 4297 1016 4380 pnblicae
1032 4301 1066 4360 et
1080 4295 1251 4361 solemnes
1269 4294 1442 4359 nundinae.
1458 4293 1542 4358 Huic

366 4411 535 4488 precepto
556 4424 617 4488 per
635 4405 919 4470 consuetudinem
940 4405 1153 4480 contrariam,
1177 4403 1468 4469 consentientibus
1485 4401 1542 4466 Ec-

369 4513 480 4578 clesiae
496 4513 706 4597 presidibus,
719 4514 754 4578 in
766 4515 867 4579 variis
879 4513 961 4578 locis
977 4513 1178 4595 derogatum
1188 4519 1250 4578 est.
1263 4511 1317 4578 Sic
1329 4513 1542 4578 celebrantur

370 4620 594 4696 venditiones,
611 4621 807 4696 locationes,
826 4621 946 4686 saltam
960 4623 1118 4704 privatam
1134 4641 1245 4708 neque
1260 4622 1396 4706 penitus
1411 4619 1542 4685 deiicie-

370 4730 427 4796 bat
445 4731 538 4812 justa
559 4748 671 4805 causa,
699 4749 773 4814 qnae
794 4733 845 4795 est
871 4731 982 4812 major
1008 4729 1133 4796 utilitas
1152 4729 1286 4816 populi,
1312 4729 1431 4795 diebus
1451 4728 1543 4796 enim
