3488 5564
508 589 595 638 crare
616 589 768 639 srconnos
790 589 1013 638 uncnnracruu.
1313 569 1349 633 8l

214 707 438 774 accidentalis
454 713 507 774 est
514 708 571 773 vel
585 711 786 775 antecedens
800 729 862 776 seu
876 710 961 775 daus
975 724 1125 784 causam,
1136 707 1192 772 vel
1207 707 1354 772 incidens

175 837 235 883 seu
244 817 489 882 concomitans.
500 817 754 906 Priorhabetur‚
764 819 900 902 quando
910 803 1355 902 'quisconsiliispersuasio-

175 925 274 990 nibus
296 923 414 990 dolose
437 925 609 988 inducitur
629 925 671 990 ad
691 927 880 992 ineundum
900 930 1122 1000 contractum,
1141 943 1244 1008 quem
1258 923 1352 998 alias,

176 1035 203 1097 si
218 1033 317 1098 dolus
331 1033 506 1108 abluisset,
524 1049 594 1098 non
609 1033 751 1098 iniisset.
769 1033 939 1100 Posterior
952 1032 1129 1114 contingit,
1145 1031 1282 1115 quando
1298 1029 1355 1094 do-

176 1142 247 1206 lum
263 1159 397 1224 passus,
421 1140 531 1206 adhuc
551 1141 673 1206 fuisset
689 1147 902 1207 contractum
925 1141 1084 1216 initurus,
1107 1140 1171 1204 etsi
1193 1140 1354 1222 deceptus

176 1251 212 1314 in
225 1269 267 1314 eo
283 1267 353 1314 non
366 1249 490 1314 fuisset
506 1268 513 1312 :
530 1253 569 1312 ut
581 1249 609 1312 si
622 1249 687 1313 fuit
701 1254 835 1314 tautum
849 1251 1108 1314 circumventus·
1118 1249 1152 1312 in
1169 1247 1278 1332 pretio
1292 1248 1352 1323 rei,

177 1377 281 1442 quam
295 1357 438 1424 emisset
449 1357 574 1422 minori
585 1358 706 1440 pretio.
722 1357 787 1423 Sed
802 1358 831 1422 si
846 1359 1001 1442 qualitas,
1019 1358 1060 1422 da
1076 1375 1113 1422 se
1127 1356 1353 1432 accidentalis,

176 1467 375 1532 transeatiu
389 1467 617 1531 substantiam
630 1467 764 1550 objecti,
780 1467 827 1532 ita
843 1471 881 1531 ut
894 1467 1038 1532 intentio
1051 1466 1282 1532 contrahentis
1296 1483 1358 1548 per

176 1594 213 1640 se
228 1577 360 1640 teratur
373 1575 409 1639 iu
424 1577 607 1658 objectum,
633 1581 671 1638 ut
693 1575 857 1640 vestitum
877 1571 939 1640 'tali
966 1575 1138 1658 qualitate,
1164 1579 1237 1638 tum
1259 1573 1356 1638 dolus

176 1685 266 1750 circa
281 1683 480 1768 qualitatem
494 1688 631 1748 nonest
645 1683 870 1760 accidentalis,
888 1683 949 1748 sed
964 1682 1210 1760 substantialis;
1227 1688 1262 1748 et
1274 1683 1358 1747 difu-

175 1794 286 1860 cultas
310 1799 363 1858 est
388 1793 608 1876 quandonam
623 1790 767 1875 qualitas
791 1791 990 1856 transeatin
1003 1791 1225 1874 praedicatum
1240 1808 1356 1856 essen-

177 1901 269 1980 tiale,
287 1921 346 1968 seu
358 1902 395 1966 iu
406 1901 632 1967 substantiam
641 1901 786 1984 objecti?
799 1900 1024 1984 Gertaregula
1038 1901 1141 1967 statui
1151 1919 1221 1965 non
1230 1906 1354 1984 potest,

177 2010 240 2076 sed
254 2010 289 2075 id
303 2010 555 2076 desumendum
576 2016 630 2076 est
650 2029 693 2074 ex
711 2010 885 2076 communi
907 2029 972 2075 usu
990 2015 1024 2074 et
1038 2010 1141 2075 modo
1156 2010 1358 2076 contrahen-

178 2120 276 2183 tium.

219 2229 249 2310 b)
264 2229 368 2294 Dolus
392 2230 590 2315 contingere
605 2231 719 2312 potest
733 2229 820 2294 circa
835 2228 961 2312 duplex
974 2247 1084 2312 genus
1107 2233 1354 2302 contractuum,

178 2337 307 2404 scilicet
338 2337 449 2421 quoad
477 2341 670 2404 contractus
703 2339 801 2402 bonae
827 2337 918 2414 ssdei,
944 2337 998 2403 vel
1025 2338 1136 2421 quoad
1165 2342 1358 2402 contractus
1472 2370 1476 2378 ·

180 2448 289 2512 stn'cti
301 2447 400 2530 juris.

221 2557 253 2620 1ο
274 2553 473 2620 Contractus
495 2555 589 2620 bona
611 2556 695 2636 fidet
715 2557 762 2638 sic
776 2560 1025 2640 nuncupantur,
1048 2556 1127 2640 quia
1147 2556 1183 2620 iu
1198 2555 1239 2619 iis
1251 2555 1359 2638 judex

178 2664 224 2730 ad
237 2664 389 2746 rigorem
412 2663 650 2728 conventionis
672 2663 853 2728 adstrictus
873 2669 1024 2739 nonest,
1047 2665 1108 2730 sed
1125 2663 1300 2746 judicandi
1317 2681 1359 2727 ex

179 2791 280 2857 aequo
295 2777 329 2836 et
344 2773 434 2837 bono
450 2772 599 2855 amplam
612 2777 818 2855 potestatem
831 2773 945 2838 habet.

219 2883 253 2946 θ’
268 2879 467 2946 Contractus
482 2883 590 2946 stricti
601 2882 693 2961 ,soro
708 2887 760 2946 est
783 2883 819 2946 in
840 2902 907 2967 quo
928 2882 1108 2947 adhibetur
1121 2882 1236 2949 stricta
1256 2883 1359 2948 inter-

182 2989 339 3074 pretatio,
354 2989 494 3073 praecise
518 2989 707 3054 secundum
721 2990 756 3055 id
771 2990 862 3073 quod
879 2991 993 3056 verbis
1015 3009 1216 3075 expressum
1231 2995 1265 3056 et
1277 3009 1357 3058 cou-

181 3105 326 3166 ventum
341 3104 403 3164 est.

223 3207 410 3290 etEtt'eotus
434 3207 501 3274 doli
529 3209 565 3272 in
586 3209 835 3274 contractibus:
852 3211 882 3272 1·Ι
897 3208 1001 3274 Dolus
1023 3209 1111 3274 circa
1132 3208 1357 3274 substantiam

182 3319 308 3400 obiecti
320 3317 374 3382 vel
389 3319 478 3383 circa
490 3317 698 3400 qualitatem,
716 3318 890 3384 moraliter
905 3317 1173 3394 substantialem,
1191 3317 1264 3399 ipso
1282 3321 1360 3402 jure

183 3426 329 3492 naturali
352 3427 464 3491 reddit
486 3431 697 3492 contractum
718 3427 924 3502 invalidum3
947 3446 1027 3492 uam
1047 3428 1081 3491 in
1106 3426 1164 3492 tali
1184 3432 1359 3493 contractu

183 3535 282 3600 deest
294 3553 494 3611 cousensus,
512 3541 550 3607 ut
563 3537 763 3602 terminatus
778 3537 820 3602 ad
836 3537 902 3602 tale
915 3538 1097 3621 obiectum.

224 3646 257 3708 9·
269 3643 373 3708 Dolus
382 3643 609 3720 accidentalis,
627 3645 699 3710 sive
714 3645 919 3711 antecedens
935 3647 1007 3711 sive
1021 3645 1185 3720 incidens,
1198 3646 1271 3728 ipso
1283 3647 1361 3728 jure
1424 3725 1427 3732 Ι

171 3749 344 3830 naturali,
371 3751 534 3836 relinquit
557 3757 769 3817 contractum
790 3752 967 3818 validum:
998 3759 1153 3819 remanet
1172 3771 1360 3819 cousensus

184 3859 271 3924 liber
282 3861 370 3925 circa
385 3861 611 3925 substantiam
626 3865 732 3926 actus.
745 3861 899 3944 lmojure
914 3861 1061 3944 positivo
1083 3880 1154 3927 non
1173 3863 1271 3927 vitiat
1284 3881 1361 3926 con-

185 3973 344 4044 tractum,
360 3985 441 4032 narn
455 3987 497 4032 ex
506 3970 583 4051 jure
599 3967 763 4046 Romano,
775 3969 809 4034 L.
822 3969 851 4044 9,
866 3969 901 4032 u.
920 3971 961 4034 de
974 3969 1068 4046 Doto,
1085 3970 1184 4035 datur
1199 3970 1285 4034 actio
1299 3970 1361 4034 cir-

183 4081 382 4151 cumvento,
400 4081 435 4139 et
446 4075 522 4140 ideo
536 4081 729 4141 contractus
745 4094 815 4140 non
829 4077 1021 4142 habeturut
1033 4077 1212 4142 invalidus.

225 4186 259 4250 3⁰
272 4185 378 4250 Dolus
392 4185 607 4250 accidentalis
628 4185 834 4250 antecedens
849 4205 919 4251 nou
936 4185 1032 4251 vitiat
1045 4185 1198 4250 valorem
1212 4191 1362 4252 contrac-

186 4299 242 4360 tus
258 4293 365 4360 stricti
377 4295 475 4378 juris,
492 4295 561 4358 imo
577 4313 640 4359 nec
654 4296 752 4360 bonae
764 4295 854 4371 fidei,
873 4295 976 4360 etiam
989 4295 1115 4378 dejure
1130 4295 1287 4380 positivo.

227 4403 346 4470 Pruna
375 4423 461 4489 pars
494 4403 536 4469 ab
571 4403 729 4469 omnibus
768 4405 967 4484 admittitur,
1005 4411 1040 4470 et
1070 4405 1158 4470 clare
1193 4405 1363 4487 colligitur

186 4531 232 4580 ex
257 4515 336 4595 jure
364 4511 530 4586 Romano,
559 4513 616 4576 ubi
641 4531 684 4577 ex
712 4512 929 4595 stipulatione
960 4512 1038 4580 dolo
1074 4515 1214 4578 obtenta
1247 4515 1361 4598 (stipu-
1404 4567 1407 4574 .

186 4621 270 4686 latio
294 4623 349 4684 est
371 4624 564 4684 contractus
592 4619 698 4685 stricti
719 4621 818 4704 juris)
853 4621 976 4686 dicitur
1006 4623 1099 4688 nasci
1130 4621 1291 4704 obligatio
1328 4629 1362 4688 et

187 4729 299 4804 actio;
327 4745 430 4810 porro
465 4727 627 4808 obligatio
656 4727 699 4793 ad
733 4727 905 4809 agendum
943 4729 1064 4795 etflcax
1091 4747 1134 4794 ex
1162 4735 1239 4796 actu
1268 4729 1362 4796 nullo

353 4854 385 4898 n.
1183 4841 1202 4902 o
