3488 5564
529 560 616 606 uaaa
638 559 790 606 sacuanus
811 559 1032 606 accamanus.
1330 543 1370 606 39

194 679 295 754 conis,
314 678 369 742 vel
389 695 451 762 per
471 675 619 742 edietum
639 676 827 760 publicum3
843 675 945 739 realis
965 678 1016 738 est
1039 691 1114 758 ques
1128 675 1168 738 m
1181 679 1371 758 percaptu-

193 805 262 852 rsm
291 805 354 850 seu
381 783 687 869 apprehensionem
718 785 768 847 rei
800 785 844 848 ob
876 783 1026 866 abquam
1055 785 1185 866 justam
1218 801 1367 848 causam.
1400 801 1406 818 ⁸

192 895 358 959 Dividitur
371 895 404 958 3ο
418 894 454 957 iu
476 893 671 978 simplicem,
688 912 754 978 qua
772 911 852 958 reus
875 897 1016 956 vocatus
1030 896 1143 975 potest
1155 892 1239 956 citra
1252 898 1370 956 notam

191 1005 412 1068 contumaciae
437 1022 508 1067 non
531 1021 738 1086 comparere,
755 1008 789 1066 et
803 1003 1081 1088 peremptoriam,
1098 1020 1173 1086 quae
1194 1002 1370 1084 praecisam

191 1112 408 1195 comparandi
430 1112 669 1176 nenessitatem
683 1112 839 1195 imponit,
857 1111 951 1175 omni
972 1110 1124 1174 ulteriori
1147 1111 1293 1174 termino
1309 1129 1370 1173 seu

191 1221 349 1286 citatione
377 1220 554 1302 denegata.
569 1221 801 1306 Peremptoria
822 1237 884 1303 pro
906 1220 1013 1284 tribus
1037 1217 1244 1302 simplicibus
1267 1219 1371 1282 inter-

190 1330 338 1412 ponitur.
363 1327 505 1394 Cuilibet
531 1329 682 1394 oitstioni
701 1329 855 1414 'simplici
884 1329 1104 1408 assignantur
1131 1325 1249 1391 decem
1278 1327 1368 1404 dies;

184 1438 423 1522 peremptoriae
445 1455 538 1514 vero,
564 1437 712 1518 triginta.
730 1437 868 1513 Tamen,
882 1435 991 1519 judex
1016 1437 1059 1498 ob
1078 1438 1208 1518 justam
1231 1453 1371 1500 oausam

190 1547 271 1612 istos
289 1549 456 1612 terminos
470 1546 643 1630 ampliare,
661 1547 836 1611 autetiam
852 1528 1058 1626 restringere
1087 1549 1210 1628 potest.
1241 1545 1306 1608 Sed

227 1659 253 1740 c)
268 1656 500 1738 &andenam
525 1658 614 1721 lame
635 1659 679 1720 sit
702 1658 857 1721 citationi
878 1656 975 1735 reali,
1001 1655 1140 1719 edictali
1163 1662 1196 1718 et
1215 1673 1371 1740 peremp-

189 1766 308 1830 terite?

226 1873 330 1958 Resp.
348 1874 389 1937 1⁰.
407 1871 525 1938 (litatio
539 1873 640 1936 realis
658 1873 698 1936 at
712 1873 824 1938 solum
848 1871 1049 1938 auctoritate
1072 1871 1197 1954 judicis
1211 1869 1372 1935 ordinarii

189 1986 222 2044 et
236 1982 270 2046 in
282 1981 415 2046 delictis
425 1982 650 2062 gravioribus.
660 1981 697 2045 ln
712 1965 823 2046 causis
833 2001 915 2046 vero
931 1980 1097 2056 civilibus,
1107 1977 1371 2044 iitsolummodo

188 2107 265 2156 oum
278 2109 362 2182 reus
377 2095 429 2155 est
443 2095 637 2170 contumax,
655 2097 833 2175 suspectus
849 2092 890 2156 da
904 2091 996 2172 luga,
1012 2091 1067 2154 vel
1077 2091 1120 2154 ob
1131 2087 1232 2154 aliam
1241 2091 1371 2170 justam

188 2205 221 2264 et
233 2201 528 2284 proportionatam
543 2191 692 2266 causam.
708 2201 813 2265 iudici
837 2199 993 2282 delegato
1016 2218 1086 2264 non
1106 2198 1314 2282 permittitur
1326 2197 1372 2260 ci-

189 2311 257 2372 tare
272 2307 422 2383 realiter,
440 2311 505 2373 nisi
526 2311 562 2373 in
585 2311 788 2394 quibusdam
809 2309 954 2385 casibus,
971 2315 1010 2372 ut
1028 2309 1056 2371 si
1070 2307 1212 2372 baberet
1226 2303 1370 2388 speciale

189 2415 389 2480 mandatum
406 2417 446 2482 de
461 2417 636 2501 capiendo,
653 2417 709 2481 vel
733 2419 760 2481 si
782 2419 817 2481 in
838 2435 941 2482 eausa
962 2414 1128 2480 criminali
1143 2413 1367 2494 delegaretur.

189 2521 345 2590 Privatus
360 2543 536 2610 nunquam
550 2531 664 2610 potest
677 2527 780 2591 citare
802 2525 938 2590 realiter
959 2543 1019 2588 seu
1033 2541 1154 2606 capere
1169 2527 1204 2585 et
1219 2521 1370 2585 detinere

187 2651 297 2710 reum,
325 2635 391 2698 nisi
413 2633 510 2698 illum
531 2636 568 2699 iu
591 2635 748 2718 flagranti
772 2635 893 2700 delicio
913 2631 1154 2717 deprehendat,
1172 2635 1206 2694 et
1220 2630 1308 2693 infra
1321 2629 1371 2690 vi-

187 2743 271 2822 ginti
285 2743 391 2808 horas
403 2743 509 2826 judici
525 2744 664 2809 deierat.

225 2849 329 2934 Resp.
346 2852 388 2917 2⁸.
406 2850 524 2918 Citatio
548 2853 699 2918 edictalis
721 2855 761 2917 fit
783 2855 817 2917 in
842 2871 923 2918 casu
938 2849 1160 2925 necessitatis,
1183 2848 1265 2912 dum
1290 2864 1369 2910 reus

187 2958 283 3024 aliter
300 2960 395 3024 citari
409 2961 538 3045 nequit,
556 2966 594 3026 ut
608 2963 636 3026 si
659 2979 720 3046 ρετ
743 2981 779 3026 se
794 2962 850 3026 vel
863 2979 925 3045 ρετ
939 2959 1023 3024 alios
1038 2955 1219 3041 impediret
1232 2973 1275 3018 ne
1290 2953 1379 3030 cita<

189 3067 232 3132 tio
247 3069 294 3133 sd
309 3085 389 3132 sum
402 3071 596 3152 proveniat;
618 3073 692 3134 ium
709 3069 858 3143 edictum
872 3089 893 3134 a
907 3067 1027 3132 nuntio
1041 3065 1231 3150 praelatum,
1248 3059 1370 3126 saltem

189 3176 323 3242 dnobus
339 3175 394 3240 vel
408 3177 515 3242 tribus
529 3177 612 3243 loeis
628 3177 771 3261 publicis
796 3178 946 3260 aissgitur
966 3194 1028 3260 ρετ
1043 3175 1127 3238 duas
1143 3171 1281 3238 veltres
1297 3169 1369 3234 dies

188 3285 231 3348 ibi
245 3301 513 3368 permansurum
529 3306 536 3348 :
553 3286 600 3350 ita
610 3289 668 3370 jus
682 3287 779 3351 Rom.

225 3392 328 3476 Resp.
344 3393 387 3455 3⁰.
405 3390 524 3457 citatio
533 3395 764 3479 peremptoria
779 3393 861 3457 olim
876 3391 980 3455 tiebat
994 3389 1105 3454 solum
1120 3387 1297 3453 incasibus
1313 3405 1370 3450 ex-

190 3499 432 3577 traordinariis,
451 3499 532 3564 dum
544 3501 661 3582 judex,
680 3504 723 3565 ob
735 3503 865 3584 justam
879 3517 1029 3572 oausam,
1045 3495 1183 3562 nolebat
1198 3495 1245 3560 uti
1262 3495 1368 3560 tribus

189 3607 405 3673 citationibus
421 3608 638 3692 simplicibus,
656 3609 715 3672 sed
740 3628 808 3673 una
831 3611 976 3682 tantum,
993 3605 1165 3686 assignato
1188 3602 1368 3667 sufficienti

190 3719 346 3792 termino,
363 3716 398 3780 id
412 3721 464 3780 est
479 3717 617 3798 triginta
630 3715 686 3781 vel
701 3716 878 3797 sexaginta
889 3715 1018 3790 diebus,
1031 3713 1074 3778 ad
1088 3711 1365 3796 comparendum.

189 3823 305 3900 Hodie,
322 3824 364 3889 de
378 3823 636 3900 consuetudine,
653 3825 688 3888 iu
710 3823 868 3888 omnibus
888 3821 1036 3906 judiciis,
1053 3821 1200 3886 obtinuit
1217 3825 1255 3883 ut
1269 3819 1369 3884 unios

190 3933 303 3998 citatio
317 3932 546 4017 peremptoria
569 3933 613 3996 sit
632 3932 815 4008 sufficiens,
834 3931 916 3996 dum
937 3935 1071 3996 tantum
1086 3929 1248 4012 temporis
1262 3929 1369 3993 conti-

190 4047 270 4106 neat
292 4047 459 4127 quantum
483 4045 551 4105 tres
576 4041 774 4126 simplices:
796 4058 909 4124 porro,
933 4043 986 4104 est
1001 4037 1229 4123 peremptoria
1251 4037 1309 4100 ubi
1334 4036 1369 4100 id

192 4167 350 4232 expresse
375 4147 575 4225 declaratur,
591 4147 647 4213 vel
667 4148 849 4232 apponitur
868 4147 1087 4212 comminatio
1113 4144 1140 4208 si
1162 4145 1283 4211 citatus
1299 4161 1368 4209 nou

191 4261 395 4342 compareat.

232 4450 262 4500 11.
281 4449 322 4502 tu
341 4446 437 4500 citatio
454 4445 491 4500 sit
507 4445 668 4500 necessum
683 4446 718 4498 ad
735 4447 860 4500 valorem
875 4443 976 4511 judicii
993 4444 1023 4524 st
1039 4443 1103 4509 quis
1120 4442 1201 4497 citari
1218 4443 1324 4508 possiti

232 4583 264 4662 a)
278 4583 373 4667 Hesp.
391 4583 609 4664 affimativa,
625 4583 657 4644 l⁰
672 4581 792 4647 saltem
817 4579 929 4664 quoad
952 4581 1129 4646 absentem
1146 4599 1153 4642 :
1170 4583 1303 4644 constat
1325 4597 1366 4643 ex

196 4691 294 4756 variis
311 4691 457 4756 textibus
469 4689 556 4774 juris
570 4689 736 4772 (Glemb',
748 4689 891 4755 deSeat.
910 4695 941 4752 et
960 4708 995 4752 re
1003 4686 1104 4770 jai),
1122 4693 1198 4764 eta,
1214 4687 1271 4752 ubi
1293 4705 1366 4750 sen-
