3488 5564
359 585 398 648 'ii
457 599 462 613 “
817 601 869 646 rus
887 598 1066 645 osuourcuu.

360 720 449 786 unde
460 737 540 784 raus
553 722 745 784 conventus
757 717 793 780 in
807 716 1020 801 possessorio
1035 732 1105 782 non
1120 720 1234 798 potest
1247 733 1351 798 egere
1366 715 1535 798 petitorio,

358 828 424 893 nisi
447 827 544 892 linita
566 825 670 909 priori
685 825 858 902 instantia,
885 825 966 910 quia
980 841 1079 890 secus
1093 823 1291 907 petitorium
1304 823 1540 888 cumularetur

358 955 437 1000 curn
451 934 675 1019 possessorio.

397 1041 663 1108 &Interdictum
686 1041 884 1118 retinenda,
906 1043 1006 1124 Juxta
1026 1037 1165 1116 multoe,
1189 1039 1356 1104 cumulari
1370 1038 1489 1124 nequit
1502 1039 1539 1104 in

358 1151 527 1235 petitorio,
543 1149 692 1216 maxime
707 1168 824 1214 rerum
838 1148 1081 1233 corporalium
1093 1185 1132 1195 —
1143 1147 1294 1234 quiahoc
1307 1147 1536 1224 interdictum,

359 1279 402 1324 ex
416 1263 538 1324 natura
561 1277 633 1334 sua,
657 1257 818 1341 praecedit
831 1256 1109 1332 vindicationem,
1124 1273 1164 1322 ec
1177 1255 1320 1340 proinde
1335 1255 1538 1322 simultanee

358 1383 437 1430 oum
459 1385 500 1430 ee
524 1367 667 1450 proponi
685 1365 819 1449 nequit;
842 1365 965 1429 deinde
981 1369 1086 1440 actor,
1099 1363 1311 1428 instituendo
1325 1363 1536 1448 petitorium,

359 1475 425 1540 hoc
441 1473 515 1557 ipso
529 1474 655 1538 letetur
668 1473 903 1538 adversarium
915 1472 1101 1556 possidere.
1119 1472 1162 1536 at
1175 1473 1298 1556 injure
1316 1471 1439 1536 Gallico
1454 1489 1540 1537 nun-

361 1600 465 1666 quam
485 1580 652 1646 cumulari
665 1586 779 1664 potest
797 1581 1048 1665 possessorium
1062 1599 1141 1645 cum
1164 1581 1323 1664 petitorio
1339 1581 1399 1662 (l);
1421 1578 1482 1644 sed
1496 1579 1536 1653 si,

357 1690 506 1755 instante
529 1691 662 1755 actione
682 1690 851 1773 petitoria,
868 1691 1064 1754 turbaretur
1086 1707 1266 1774 possessor
1279 1690 1314 1754 in
1328 1707 1392 1754 sua
1404 1705 1540 1773 posses-

357 1800 464 1874 sione,
481 1803 599 1883 posset
611 1816 714 1879 agere
728 1798 952 1882 possessorio,
961 1800 1062 1881 justa
1069 1799 1199 1864 curiam
1212 1798 1413 1864 cessationis
1423 1799 1453 1880 (8
1464 1797 1536 1862 dec.

358 1907 448 1982 1841,
466 1908 554 1992 etc).

396 2016 429 2078 3ο
444 2017 558 2097 Agens
571 2016 741 2099 petitorio,
759 2033 801 2082 eo
814 2017 932 2082 relicto
947 2017 1002 2082 vel
1018 2032 1195 2100 suspenso,
1219 2015 1354 2096 regredi
1368 2019 1483 2099 potest
1496 2013 1540 2080 ad

358 2125 620 2208 possessorium,
646 2123 749 2190 modo
773 2124 808 2190 id
822 2125 883 2189 ilat
901 2129 981 2190 ante
994 2123 1250 2190 conclusionem
1266 2123 1301 2186 in
1312 2141 1426 2198 causa,
1440 2126 1541 2205 juxta

355 2235 413 2315 jue
425 2231 618 2296 Romanum
630 2237 664 2296 et
675 2250 798 2297 canon.
817 2234 856 2314 (c.
873 2231 942 2296 ah.
960 2233 1008 2314 t).
1018 2229 1099 2297 Post
1111 2229 1367 2296 conclusionem
1377 2231 1412 2294 in
1425 2247 1538 2306 causa,

358 2339 423 2404 hoc
437 2357 508 2404 non
520 2337 722 2415 admittitur,
736 2340 802 2404 nisi
818 2359 945 2421 urgens
959 2357 1063 2404 causa
1076 2339 1111 2404 id
1125 2340 1250 2421 exigat.
1275 2338 1470 2404 Secundum
1482 2341 1540 2422 jus

360 2445 472 2512 Gallio.
489 2465 596 2528 agens
619 2448 778 2530 petitorio
803 2466 980 2531 nunquam
1001 2447 1135 2529 regredi
1159 2451 1274 2531 potest
1295 2445 1339 2512 ad
1366 2465 1541 2530 possesso

358 2556 450 2618 num
469 2555 523 2637 (t);
552 2555 683 2620 etenim
703 2573 811 2636 agens
835 2555 994 2638 petitorio
1017 2573 1058 2621 eo
1081 2556 1156 2639 ipso
1177 2559 1338 2620 censetur
1362 2555 1540 2619 admisisse

359 2663 519 2729 annalem
542 2664 798 2746 possessionem
819 2663 1017 2740 adversarii,
1044 2671 1078 2729 et
1102 2665 1180 2732 ideo
1206 2663 1415 2748 possessioni
1441 2665 1539 2730 tacite

296 2781 300 2793 ’
358 2771 565 2836 renuntiavit
579 2773 631 2854 (3).

719 2945 749 2994 u.
768 2945 808 2995 De
824 2941 1004 2998 restitutione
1020 2943 1177 2998 tractuum.

399 3085 434 3168 a)
442 3085 583 3151 Fructus
592 3085 730 3171 triplicis
738 3088 874 3169 generis
885 3091 982 3152 sunt:
996 3088 1182 3164 naturales,
1196 3107 1282 3173 quos
1290 3094 1412 3155 natura
1420 3095 1539 3174 sponte

358 3193 531 3278 producit;
546 3213 636 3258 mera
651 3193 869 3260 industra'ales
881 3214 967 3280 quos
979 3195 1052 3262 sola
1064 3195 1232 3261 industria
1243 3197 1399 3279 producit
1409 3218 1417 3274 ;
1428 3199 1537 3272 metati,

359 3319 422 3366 seu
445 3301 643 3384 simpliciter
668 3301 897 3379 industriales,
924 3305 982 3388 qui
1004 3303 1115 3384 magis
1138 3304 1181 3368 ab
1204 3303 1372 3369 industria
1390 3305 1541 3369 hominis

360 3429 494 3496 quame
509 3419 633 3478 natura
646 3412 892 3495 producuntur,
918 3417 957 3480 ut
974 3412 1068 3478 lucra
1083 3431 1127 3477 ex
1142 3414 1386 3495 negotiatione,
1406 3421 1541 3497 segetes

360 3537 403 3583 ex
425 3519 642 3601 agricultura.
667 3520 931 3602 distinguuntur
953 3522 1057 3587 etiam
1077 3521 1209 3587 fructus
1231 3523 1354 3598 civiles,
1379 3524 1400 3586 i.
1427 3543 1457 3588 e.
1484 3524 1541 3608 qui

360 3627 518 3692 oriuntur
528 3646 571 3692 ex
583 3627 670 3711 juris
682 3627 904 3711 dispositione
916 3630 960 3694 ob
972 3630 1022 3693 rei
1037 3647 1151 3706 usum,
1162 3649 1195 3694 v.
1210 3649 1243 3712 g.
1258 3631 1441 3696 domorum
1453 3629 1537 3696 loca·

361 3735 428 3811 tio;
455 3735 516 3798 sed
531 3736 662 3800 ratione
689 3755 760 3800 suae
785 3736 937 3819 originis,
964 3736 1080 3802 reduci
1103 3744 1248 3820 possunt
1263 3739 1306 3804 ad
1320 3739 1451 3804 tructus
1466 3739 1538 3803 sive

360 3842 545 3918 naturales,
563 3841 635 3906 sive
651 3842 867 3908 industriales
884 3847 944 3909 aut
961 3843 1097 3908 mixtos.

400 3948 430 4028 d)
445 3949 496 4014 An
512 3949 642 4014 fructus
665 3950 715 4013 rei
739 3951 857 4015 evictae
883 3951 1087 4033 restituendi
1110 3953 1178 4016 sint
1201 3954 1307 4018 actori
1334 3953 1369 4018 in
1383 3955 1541 4038 petitorio

360 4055 533 4121 vincenti?

400 4164 433 4226 lt
453 4162 634 4230 Possessor
656 4165 754 4232 malae
778 4166 857 4232 lidei
885 4171 1032 4240 tenetur,
1059 4185 1138 4232 eum
1159 4185 1197 4232 re
1217 4169 1337 4246 evicta,
1362 4169 1541 4248 restituere

361 4289 481 4336 omnes
495 4272 625 4338 fructus
639 4280 831 4358 perceptos,
847 4274 903 4339 vel
917 4274 1153 4359 percipiendos
1170 4275 1198 4338 si
1215 4295 1284 4341 non
1299 4277 1421 4344 fuisset
1437 4277 1542 4362 negli-

359 4395 446 4458 gens
462 4398 470 4442 :
486 4378 580 4445 nullo
594 4381 686 4446 enirn
696 4383 774 4464 jure
790 4399 851 4450 ece
862 4383 1005 4467 percipit
1018 4401 1058 4449 ac
1069 4383 1217 4449 retinere
1231 4388 1355 4468 potest.

393 4566 428 4631 (t)
441 4567 495 4617 Art.
510 4569 540 4617 25
554 4566 620 4619 (iod.
633 4583 707 4632 proc.
722 4569 773 4622 civ.

394 4647 430 4710 (2)
443 4648 499 4699 Art.
513 4649 544 4698 tt
558 4649 622 4702 God.
633 4651 684 4702 civ.

393 4725 427 4792 (3)
441 4727 504 4780 God.
520 4741 594 4793 proc.
610 4729 672 4795 eiu,
684 4745 710 4783 a.
725 4733 765 4785 2³.
