3504 5572
537 553 626 604 trena
647 550 772 606 sterius
793 547 1013 604 necteremus.
1307 524 1364 600 ost

190 677 374 760 resignatio
394 680 449 742 est
469 677 534 742 sub
556 675 752 743 conditione
775 675 962 744 resolutius
976 699 993 734 «
1008 673 1037 738 si
1053 675 1089 738 et
1110 671 1197 738 alter
1215 671 1368 754 resignet

191 803 270 850 eum
284 787 409 854 elieotu
424 810 452 848 s.

229 896 257 978 b)
272 897 510 962 Permutantes
528 895 695 962 benelleia
712 895 914 962 auctoritate
934 892 1073 978 propria
1089 892 1310 962 summittunt
1325 892 1369 956 si·

188 1007 351 1083 moniam,
368 1023 440 1071 non
454 1005 593 1090 quidem
603 1007 690 1090 juris
704 1004 880 1082 naturalis,
897 1021 977 1070 oum
994 1020 1066 1068 non
1081 1001 1181 1067 detur
1194 1000 1368 1085 spirituale

188 1133 249 1199 pro
264 1115 453 1200 temporali,
472 1117 533 1183 sed
543 1117 632 1202 jnris
646 1117 856 1192 eclesiastici,
875 1115 967 1201 quod
982 1115 1132 1181 distriote
1147 1115 1305 1200 prohibet
1321 1120 1370 1181 ta·

187 1223 237 1290 les
248 1227 545 1292 eommutationes.
558 1227 655 1292 Ratio
669 1232 731 1304 est,
745 1231 819 1292 tum
832 1227 912 1310 quia
925 1226 1066 1292 timetur
1074 1223 1265 1308 perieulum
1277 1243 1368 1290 verae

189 1333 354 1410 simoniae,
372 1339 542 1418 quatenus
555 1335 703 1400 latenter
715 1333 791 1400 fleri
807 1339 951 1420 possent
964 1339 1063 1417 paota
1081 1333 1279 1410 simoniaca,
1295 1338 1369 1396 tum

190 1441 270 1524 quia
281 1443 447 1509 benotloia
459 1443 507 1508 sie
521 1442 759 1508 obtinerentur
773 1443 847 1507 sine
862 1441 1265 1508 institutione'eanonioa.

229 1549 412 1634 Sequitur:
429 1552 461 1615 l⁰
477 1550 589 1636 quoad
609 1549 775 1632 benessoia
789 1551 931 1616 obtenta
948 1551 985 1614 in
1010 1549 1159 1627 titulum,
1180 1549 1209 1613 si
1223 1549 1370 1616 alterum

187 1658 553 1742 pinguiores‚alterum
561 1659 844 1724 tenuioreshabet
853 1657 1017 1736 redditus,
1028 1652 1121 1723 nullu
1129 1659 1371 1742 sstoompensa·

189 1765 451 1850 tiopeeuniaria,
463 1767 529 1832 nisi
543 1767 585 1833 de
593 1785 766 1832 eonsensu
776 1766 886 1852 Papae,
899 1767 958 1852 qui
967 1771 1082 1853 potest
1096 1784 1255 1850 separare
1266 1783 1286 1830 a
1293 1767 1370 1848 jure

189 1875 355 1958 spirituali
365 1878 424 1958 jus
435 1876 644 1960 percipiendi
652 1875 816 1942 redditus.
829 1875 997 1942 Sednulla
1007 1879 1160 1960 potestas
1168 1873 1280 1959 papali
1289 1875 1372 1940 iule-

188 1983 260 2051 n'or
272 1987 387 2066 potest
399 1983 528 2050 licitam
541 1985 684 2050 reddere
694 1986 783 2050 hane
792 1985 1121 2069 compensationem,
1133 1989 1172 2048 ut
1184 1987 1319 2050 constat
1329 2002 1372 2048 ex

187 2092 292 2160 allata
304 2093 447 2159 ratione.
459 2094 492 2156 Ψ
504 2093 621 2170 Serus,
636 2095 665 2158 si
677 2093 843 2159 henetleia
858 2097 975 2158 essent
984 2093 1208 2175 obtentajure
1222 2093 1371 2176 proprie-

188 2203 269 2269 tatis
284 2203 367 2286 (oap.
384 2201 404 2265 6
418 2201 460 2266 de
472 2199 613 2285 Escept·
631 2205 666 2266 et
677 2219 706 2265 e.
718 2203 738 2266 6
750 2203 785 2266 lr.
800 2202 850 2284 t).
866 2201 964 2266 Ratio
980 2207 1043 2277 est,
1055 2201 1135 2286 quia
1145 2201 1221 2266 istae
1236 2217 1371 2284 posses-

186 2311 305 2377 siones
320 2309 415 2376 nullo
428 2310 499 2393 jnri
517 2309 684 2394 spirituali
703 2327 847 2376 unnexae
862 2313 954 2386 sunt,
972 2314 1007 2376 et
1025 2309 1106 2376 ideo
1126 2309 1314 2394 permutari
1338 2314 1373 2376 et

185 2419 293 2486 vendi
305 2425 461 2503 possunt.

227 2529 257 2610 ct
274 2527 519 2594 Permutationi
536 2527 633 2593 loeus
654 2532 708 2594 est
725 2527 761 2592 in
781 2528 941 2593 omnibus
960 2529 1152 2606 benefieiis,
1175 2545 1216 2595 ao
1227 2528 1370 2614 proinde

189 2636 367 2700 l⁰etiamsi
382 2636 555 2718 possessio
570 2635 725 2701 nondum
741 2636 784 2699 sit
797 2636 931 2720 adepta,
945 2636 1133 2702 dummodo
1150 2637 1285 2703 oollatio
1298 2639 1372 2702 lue·

186 2745 231 2810 rit
253 2747 440 2828 aeeeptota3
456 2744 489 2808 e
502 2743 657 2827 procedit
672 2744 738 2808 hoo
761 2744 866 2809 etiam
886 2744 923 2809 in
941 2745 1117 2810 benefieiis
1136 2743 1369 2820 manualibus;

185 2855 219 2920 3⁰
234 2853 403 2920 benefitia
416 2852 571 2918 Romano
591 2838 745 2918 Pontillei
766 2859 943 2918 reservata
962 2853 1150 2938 permutari
1172 2855 1275 2920 etiam
1296 2871 1373 2938 pos-

187 2967 281 3038 sunt,
306 2962 428 3028 saltem
453 2961 494 3026 de
513 2979 685 3026 eonsensn
705 2961 802 3027 Rom.
828 2961 1012 3038 Pontillois,
1032 2980 1103 3027 non
1123 2981 1206 3028 vero
1227 2961 1373 3027 auotori-

187 3077 260 3138 tate
271 3069 533 3135 ordinariorum.
547 3067 613 3141 Sed
623 3068 656 3133 4⁰
667 3069 855 3152 permutari
865 3077 1043 3154 nequeunt
1056 3071 1223 3138 benessoia
1236 3070 1279 3137 ad
1295 3087 1371 3154 quae

188 3181 392 3264 permutans
405 3173 510 3242 habet
525 3175 638 3246 solum
654 3179 714 3259 jus
728 3177 908 3260 personale
924 3196 986 3243 seu
999 3178 1042 3244 ad
1061 3197 1146 3256 rem,
1161 3169 1227 3244 nisi
1243 3178 1372 3262 episeo-

150 3363 154 3371 .
189 3305 258 3372 pus
279 3287 368 3352 hano
391 3287 680 3369 permutationem
705 3285 896 3369 specialiter
921 3287 1089 3353 admittat.
1110 3287 1279 3352 Beneficia
1303 3285 1369 3349 liti-

190 3397 301 3480 giosa,
318 3393 491 3478 pendente
503 3393 574 3472 lite,
590 3392 647 3459 vel
660 3395 733 3478 jam
750 3397 886 3472 amissa,
903 3395 959 3461 vel
980 3396 1084 3461 etiam
1104 3395 1217 3462 solum
1231 3411 1370 3479 exspec-

189 3509 278 3578 tata.
303 3504 491 3586 permutari
515 3508 707 3589 nequeunt,
732 3504 812 3592 quia
839 3504 938 3572 deest
957 3507 1017 3588 jus
1038 3509 1189 3582 eertum,
1213 3522 1275 3568 seu
1300 3520 1370 3568 non

188 3617 273 3678 sunt
283 3629 339 3676 res
350 3613 496 3696 propriae
507 3613 744 3696 permutantis.

618 3979 828 4045 rrruuus
864 3965 942 4045 xri.

664 4131 713 4184 Do
728 4131 898 4198 leudlsll).

235 4439 407 4525 Expositio
433 4439 537 4522 hujus
564 4437 652 4502 tituli
676 4456 719 4502 ex
742 4437 882 4520 synopsi
908 4436 1149 4518 Pirhinghiana
1167 4435 1370 4503 desumitur.

191 4551 342 4632 oumJus
353 4547 496 4614 vleudale
512 4548 557 4612 sit
574 4547 712 4630 penitus
733 4543 940 4654 obsoletum,
962 4537 1036 4609 hree'
1060 4545 1204 4611 materia
1219 4545 1372 4610 traditur

226 4702 260 4767 (rt
275 4701 332 4754 vu.
349 4701 396 4754 uu.
411 4700 555 4754 seruorum

318 4811 349 4855 ιι.
1214 4789 1249 4850 el
