3498 5572
385 552 447 616 466
847 551 1101 616 101011011001.

383 704 446 769 per
473 690 584 752 totum
611 686 730 751 orbem
759 691 858 750 erant
883 687 1038 768 insigues
1061 687 1105 751 ob
1127 687 1366 772 antiquitatem
1389 687 1445 752 vel
1464 687 1567 753 aliam

383 793 564 870 rationem,
581 797 626 870 et,
649 811 835 875 progressu
857 795 1037 876 temporis,
1058 793 1303 860 celebrioribus
1319 795 1480 860 ecclesiis.
1499 795 1566 860 Sed

375 900 618 1000 'denominatio
630 899 689 964 illa
701 899 767 964 fuit
778 917 799 965 a
812 900 846 964 S.
864 899 1088 971 Pontificibus
1100 901 1178 966 data
1192 901 1267 967 aliis
1286 902 1437 968 ecelesiis
1456 902 1567 967 mino-

383 1010 431 1074 ris
449 1009 656 1076 celebritatis
676 1013 711 1074 et
729 1009 952 1093 antiquitatis,
971 1015 1005 1074 et
1028 1010 1076 1074 sic
1096 1011 1186 1076 tacta
1208 1015 1262 1074 est
1283 1008 1454 1076 distinctio
1477 1011 1568 1074 inter

382 1117 530 1201 majores
541 1122 576 1182 et
587 1117 734 1182 minores
746 1115 913 1192 basilicae,
926 1136 1003 1200 quae
1013 1116 1106 1182 idem
1119 1118 1200 1183 dicit
1213 1137 1252 1183 ac
1261 1120 1371 1204 primi
1380 1125 1415 1184 et
1425 1118 1568 1182 secundi

381 1225 510 1290 ordinis
536 1216 673 1310 templa.
702 1225 779 1292 Istae
806 1225 953 1290 hesilieae
982 1225 1146 1291 differunt
1179 1228 1283 1293 etiam
1310 1227 1499 1310 privilegiis
1532 1233 1567 1291 et

287 1363 290 1378 ι
380 1333 586 1410 honoribus;
609 1329 789 1418 privilegia
810 1331 868 1398 illa
892 1338 973 1397 sunt
987 1353 1071 1399 usus
1092 1335 1262 1420 conopas,
1281 1335 1343 1400 sed
1367 1334 1507 1400 excluso
1529 1335 1565 1398 iu

381 1441 572 1506 minoribus
593 1443 688 1506 omni
709 1441 784 1506 euri
806 1445 841 1505 et
861 1441 995 1522 argenti
1016 1447 1156 1518 ornatu;
1174 1442 1297 1507 deinde
1311 1443 1347 1506 in
1361 1442 1563 1519 minoribus,

382 1566 454 1614 non
477 1567 576 1615 secus
595 1565 635 1613 nc
655 1547 691 1612 in
707 1548 907 1631 majoribus,
924 1549 1070 1614 habetur
1091 1568 1176 1614 usus
1199 1547 1434 1628 tintinnabuli,
1451 1555 1486 1614 et
1503 1569 1565 1633 pro

382 1655 556 1721 canonicis
570 1656 837 1720 inservientibus
846 1659 905 1740 jus
918 1655 1094 1722 deferendi
1108 1675 1252 1740 coppam
1267 1675 1440 1739 maguam.

376 1789 378 1796 ·
398 1817 401 1824 .
421 1765 454 1828 2⁰
464 1765 591 1829 11011101
599 1763 776 1848 redipiorae,
788 1765 824 1827 in
835 1764 1187 1848 sensnspeeiiico,seu
1197 1783 1268 1830 non
1280 1784 1396 1843 sacrae,
1408 1765 1474 1831 illse
1486 1771 1567 1830 suut

383 1873 419 1937 in
433 1873 558 1956 quibus
572 1873 657 1938 eitra
670 1872 975 1950 consecrationem,
993 1879 1110 1938 temen
1126 1893 1170 1937 ex
1184 1874 1386 1939 auctoritate
1402 1875 1563 1959 episcopi,

374 2001 488 2068 ,opere
500 1983 638 2068 pietatis
655 1987 690 2047 et
703 1982 945 2048 misericordie
962 1987 1176 2060 exercentur,
1187 1983 1237 2046 uti
1248 1987 1330 2048 sunt
1344 1984 1564 2058 monasterie,

383 2089 544 2171 collegia,
563 2093 764 2173 caeteraeque
794 2089 917 2154 domus
945 2089 1170 2172 regularium3
1196 2089 1281 2154 item
1306 2091 1505 2156 nosocomia
1530 2090 1567 2154 in

384 2199 508 2279 quibus
521 2197 653 2279 aegroti,
663 2196 878 2263 xenodochia
892 2197 928 2262 in
944 2198 1068 2282 quibus
1080 2198 1254 2281 peregrini
1269 2198 1490 2282 recipiuntur,
1500 2203 1564 2264 etc.

383 2303 549 2370 Dicuntur
572 2325 655 2388 ergo
680 2305 803 2372 domus
824 2305 1006 2388 religiosae,
1023 2306 1160 2389 quando
1184 2307 1387 2372 auctoritate
1416 2308 1567 2391 episcopi

384 2419 467 2478 sunt
489 2419 623 2492 erectas,
638 2413 718 2478 licet
737 2433 809 2478 non
828 2414 897 2478 sint
915 2413 1030 2498 eliqua
1048 2416 1306 2502 consecratione
1328 2419 1389 2480 aut
1408 2415 1565 2480 henedic-

384 2521 478 2588 tione
493 2522 633 2606 speciali
646 2521 717 2587 Deo
733 2521 863 2587 dieatae.
877 2521 928 2585 lte
941 2523 1134 2586 communis
1147 2522 1328 2598 sententia,
1339 2523 1412 2588 ino.
1423 2521 1444 2586 1
1455 2527 1490 2586 et
1503 2523 1562 2585 tin.

382 2631 417 2696 h.
434 2635 459 2696 t.
472 2631 626 2697 fundata.

422 2740 456 2804 3⁰
474 2739 601 2805 Domus
618 2741 700 2825 pte,
720 2739 838 2805 stricto
863 2757 980 2816 sensu,
1002 2744 1084 2803 sunt
1108 2737 1174 2803 illae
1199 2757 1276 2824 quse
1300 2739 1344 2804 nd
1367 2737 1504 2823 pietatis
1530 2745 1566 2804 et

373 2849 626 2916 misericordiae
654 2867 768 2933 opera,
785 2850 860 2914 sine
886 2849 1098 2914 auctoritatis
1126 2848 1364 2914 ecclesiasticae
1393 2867 1565 2914 consensu

378 2976 446 3024 seu
459 2959 574 3042 potius
588 2976 769 3035 concursu,
778 2962 901 3023 erectae
915 2957 1065 3035 fuerunt,
1075 2955 1203 3022 scilieet
1217 2958 1291 3022 sine
1308 2957 1377 3022 ulle
1390 2976 1566 3023 eonsecra-

383 3067 492 3144 tione,
518 3065 757 3132 benedictione
779 3065 837 3130 vel
863 3064 1084 3149 deputatione
1111 3083 1174 3148 per
1201 3070 1409 3148 potestatem
1435 3066 1566 3148 episco—

381 3175 496 3258 palem
513 3177 612 3240 11011.
630 3174 726 3240 Teles
741 3179 823 3238 sunt
837 3174 986 3240 oratoria
999 3174 1143 3257 private,
1159 3174 1342 3258 hospitalia
1360 3179 1396 3238 et
1411 3173 1476 3239 alia
1489 3171 1566 3238 loca

381 3283 583 3368 huJusmodi
600 3305 607 3349 :
623 3286 671 3351 ite
684 3283 782 3366 glosa
794 3303 824 3350 e.
840 3284 907 3348 411.
925 3291 948 3348 t.

690 3479 722 3530 11.
738 3479 807 3531 ture
822 3475 945 3542 episcopt
960 3475 1054 3542 quoad
1068 3477 1130 3530 ttlas
1145 3475 1256 3530 domus.

377 3669 385 3688 .
423 3613 448 3682 l.
471 3613 654 3698 subjectio.
679 3616 711 3704 1ο
727 3616 867 3681 Attente
885 3617 965 3699 jure
988 3615 1180 3692 communi,
1203 3633 1325 3680 omnes
1348 3612 1414 3678 illae
1441 3613 1565 3678 domus

380 3725 609 3810 jurisdictioni
623 3724 772 3808 episcopi
791 3724 881 3788 intra
893 3725 993 3806 eujus
1012 3723 1188 3788 dioecesim
1203 3723 1277 3786 sitae
1292 3728 1385 3802 sunt,
1402 3722 1565 3805 subjeclae

382 3853 460 3902 esse
484 3833 611 3898 dehent
633 3831 745 3916 quoad
760 3833 875 3896 lorum
887 3831 1142 3897 contentiosum
1159 3837 1194 3896 et
1214 3837 1380 3895 consueta
1395 3832 1475 3913 jura
1492 3828 1563 3912 epi-

384 3941 533 4026 scopalia
548 3961 555 4004 :
572 3941 852 4015 consuleret,
869 3939 900 4015 l,
917 3940 979 4016 7,8
997 3940 1030 4003 h.
1055 3945 1078 4002 t.
1095 3939 1195 4021 Ergo,
1208 3940 1274 4004 nisi
1289 3938 1490 4004 ostendatur
1503 3935 1562 4000 ali-

385 4069 489 4136 quam
508 4049 687 4116 ecelesiam
707 4047 764 4114 vel
783 4049 1032 4114 monesterium
1044 4051 1123 4131 jure
1137 4048 1402 4132 prescriptionis
1423 4045 1479 4112 vel
1498 4044 1565 4128 pri-

277 4229 278 4234 ,
383 4159 500 4242 vilegii
512 4157 665 4240 legitime
678 4157 810 4222 obtenti
820 4151 1050 4240 jurisdictioni
1061 4153 1245 4240 episcopali
1254 4155 1463 4220 subtractam
1475 4170 1562 4228 esse,

382 4265 442 4333 illa
454 4267 578 4334 domus
590 4270 748 4332 remanet
761 4267 825 4332 sub
839 4271 1008 4351 potestate
1023 4265 1174 4350 episcopi
1186 4265 1223 4329 in
1236 4266 1336 4348 ouius
1347 4262 1485 4330 diecesi
1500 4262 1565 4327 sita

383 4379 447 4442 est.
471 4375 569 4442 Ratio
587 4375 749 4459 estquis
767 4373 960 4458 jurisdictio
983 4371 1145 4440 ordinarii
1168 4371 1364 4438 extenditur
1383 4371 1427 4437 ad
1448 4371 1564 4438 omnia

382 4482 458 4557 loca
471 4502 547 4568 quae
561 4483 604 4548 ab
619 4481 743 4549 eodem
755 4501 827 4548 nou
841 4483 1031 4567 probantur
1042 4487 1212 4565 exempta.

378 4656 379 4660 ,
422 4593 456 4655 10
470 4591 514 4655 at
535 4591 707 4675 pleraeque
731 4591 854 4658 domus
872 4589 1083 4674 regularium
1103 4588 1282 4671 privilegio
1311 4585 1447 4674 speciali
1467 4583 1563 4652 Sedis

383 4697 585 4782 Apostolicae
613 4705 781 4784 exempta
811 4704 892 4766 sunt
918 4717 939 4765 a
965 4695 1202 4798 jurisdictione
1227 4695 1426 4780 episcopatu
1448 4696 1561 4780 itaque
