<?xml version="1.0" encoding="UTF-8"?>
<!DOCTYPE html PUBLIC "-//W3C//DTD XHTML 1.0 Transitional//EN"
    "http://www.w3.org/TR/xhtml1/DTD/xhtml1-transitional.dtd">
<html xmlns="http://www.w3.org/1999/xhtml" xml:lang="en" lang="en">
 <head>
  <title>
</title>
<meta http-equiv="Content-Type" content="text/html;charset=utf-8" />
  <meta name='ocr-system' content='tesseract 3.04.00' />
  <meta name='ocr-capabilities' content='ocr_page ocr_carea ocr_par ocr_line ocrx_word'/>
</head>
<body>
  <div class='ocr_page' id='page_1' title='image "./juscanonicumjux00grangoog_0501.png"; bbox 0 0 3498 5572; ppageno 0'>
   <div class='ocr_carea' id='block_1_1' title="bbox 555 595 1385 660">
    <p class='ocr_par' dir='ltr' id='par_1_1' title="bbox 555 595 1385 660">
     <span class='ocr_line' id='line_1_1' title="bbox 555 595 1385 660; baseline 0.005 -4"><span class='ocrx_word' id='word_1_1' title='bbox 555 610 643 656; x_wconf 79' lang='lat' dir='ltr'>circa</span> <span class='ocrx_word' id='word_1_2' title='bbox 664 611 791 658; x_wconf 79' lang='lat' dir='ltr'>rennos</span> <span class='ocrx_word' id='word_1_3' title='bbox 811 611 1030 658; x_wconf 69' lang='lat' dir='ltr'>cerneremus.</span> <span class='ocrx_word' id='word_1_4' title='bbox 1149 623 1151 631; x_wconf 87' lang='lat'><em>·</em></span> <span class='ocrx_word' id='word_1_5' title='bbox 1324 595 1385 660; x_wconf 69' lang='lat'>489</span> 
     </span>
    </p>
   </div>
   <div class='ocr_carea' id='block_1_2' title="bbox 130 729 1456 3640">
    <p class='ocr_par' dir='ltr' id='par_1_2' title="bbox 201 729 1385 924">
     <span class='ocr_line' id='line_1_2' title="bbox 201 729 1385 816; baseline -0.002 -18"><span class='ocrx_word' id='word_1_6' title='bbox 201 731 309 798; x_wconf 82' lang='lat' dir='ltr'>tinem</span> <span class='ocrx_word' id='word_1_7' title='bbox 324 732 397 796; x_wconf 89' lang='lat' dir='ltr'>sine</span> <span class='ocrx_word' id='word_1_8' title='bbox 412 731 579 815; x_wconf 86' lang='lat' dir='ltr'>injustitia</span> <span class='ocrx_word' id='word_1_9' title='bbox 590 730 743 815; x_wconf 90' lang='lat' dir='ltr'>impendi</span> <span class='ocrx_word' id='word_1_10' title='bbox 758 735 945 816; x_wconf 89' lang='lat' dir='ltr'>nequeunt,</span> <span class='ocrx_word' id='word_1_11' title='bbox 959 748 1061 814; x_wconf 89' lang='lat' dir='ltr'>quam</span> <span class='ocrx_word' id='word_1_12' title='bbox 1071 729 1107 794; x_wconf 92' lang='lat' dir='ltr'>in</span> <span class='ocrx_word' id='word_1_13' title='bbox 1120 730 1218 796; x_wconf 92' lang='lat' dir='ltr'>illum</span> <span class='ocrx_word' id='word_1_14' title='bbox 1228 731 1270 798; x_wconf 86' lang='lat' dir='ltr'>ad</span> <span class='ocrx_word' id='word_1_15' title='bbox 1281 750 1385 816; x_wconf 89' lang='lat' dir='ltr'>quem</span> 
     </span>
     <span class='ocr_line' id='line_1_3' title="bbox 203 840 477 924; baseline -0.004 -20"><span class='ocrx_word' id='word_1_16' title='bbox 203 840 372 924; x_wconf 81' lang='lat' dir='ltr'>impositae</span> <span class='ocrx_word' id='word_1_17' title='bbox 387 846 477 905; x_wconf 91' lang='lat' dir='ltr'>sunt.</span> 
     </span>
    </p>

    <p class='ocr_par' dir='ltr' id='par_1_3' title="bbox 201 949 1385 1472">
     <span class='ocr_line' id='line_1_4' title="bbox 226 949 1385 1033; baseline 0 -21"><span class='ocrx_word' id='word_1_18' title='bbox 226 949 275 1031; x_wconf 74' lang='grc'>,(1)</span> <span class='ocrx_word' id='word_1_19' title='bbox 301 949 448 1028; x_wconf 77' lang='lat' dir='ltr'><em>Quinam</em></span> <span class='ocrx_word' id='word_1_20' title='bbox 472 950 522 1014; x_wconf 79' lang='lat' dir='ltr'>orl</span> <span class='ocrx_word' id='word_1_21' title='bbox 541 949 754 1024; x_wconf 77' lang='lat' dir='ltr'>tm&#39;brctomm,</span> <span class='ocrx_word' id='word_1_22' title='bbox 776 949 993 1033; x_wconf 50' lang='lat' dir='ltr'>*uectigalium</span> <span class='ocrx_word' id='word_1_23' title='bbox 1013 955 1046 1012; x_wconf 87' lang='lat' dir='ltr'>et</span> <span class='ocrx_word' id='word_1_24' title='bbox 1065 949 1215 1014; x_wconf 82' lang='lat' dir='ltr'>aliorum</span> <span class='ocrx_word' id='word_1_25' title='bbox 1240 949 1385 1012; x_wconf 74' lang='lat' dir='ltr'>eructio-</span> 
     </span>
     <span class='ocr_line' id='line_1_5' title="bbox 201 1057 1385 1143; baseline -0.002 -21"><span class='ocrx_word' id='word_1_26' title='bbox 201 1077 285 1122; x_wconf 82' lang='lat' dir='ltr'>num</span> <span class='ocrx_word' id='word_1_27' title='bbox 299 1059 482 1143; x_wconf 77' lang='lat' dir='ltr'>uprzireipe</span> <span class='ocrx_word' id='word_1_28' title='bbox 504 1058 560 1122; x_wconf 84' lang='lat' dir='ltr'>vel</span> <span class='ocrx_word' id='word_1_29' title='bbox 579 1075 735 1142; x_wconf 83' lang='lat' dir='ltr'>supremo</span> <span class='ocrx_word' id='word_1_30' title='bbox 758 1058 966 1140; x_wconf 68' lang='lat' dir='ltr'>magistratu</span> <span class='ocrx_word' id='word_1_31' title='bbox 980 1057 1228 1141; x_wconf 84' lang='lat' dir='ltr'>impositorum,</span> <span class='ocrx_word' id='word_1_32' title='bbox 1238 1065 1385 1142; x_wconf 72' lang='lat' dir='ltr'>prasta-</span> 
     </span>
     <span class='ocr_line' id='line_1_6' title="bbox 202 1169 1382 1254; baseline -0.003 -18"><span class='ocrx_word' id='word_1_33' title='bbox 202 1172 327 1236; x_wconf 82' lang='lat' dir='ltr'>ticnem</span> <span class='ocrx_word' id='word_1_34' title='bbox 341 1171 544 1236; x_wconf 79' lang='lat' dir='ltr'>teneantur?</span> <span class='ocrx_word' id='word_1_35' title='bbox 568 1171 670 1254; x_wconf 90' lang='lat' dir='ltr'>Resp.</span> <span class='ocrx_word' id='word_1_36' title='bbox 693 1171 868 1234; x_wconf 79' lang='lat' dir='ltr'>Tenentur</span> <span class='ocrx_word' id='word_1_37' title='bbox 891 1169 954 1234; x_wconf 90' lang='lat' dir='ltr'>soli</span> <span class='ocrx_word' id='word_1_38' title='bbox 972 1169 1097 1233; x_wconf 90' lang='lat' dir='ltr'>subditi</span> <span class='ocrx_word' id='word_1_39' title='bbox 1120 1187 1191 1234; x_wconf 91' lang='lat' dir='ltr'>non</span> <span class='ocrx_word' id='word_1_40' title='bbox 1215 1171 1382 1254; x_wconf 88' lang='lat' dir='ltr'>exempti;</span> 
     </span>
     <span class='ocr_line' id='line_1_7' title="bbox 201 1277 1384 1366; baseline 0.001 -23"><span class='ocrx_word' id='word_1_41' title='bbox 201 1281 287 1346; x_wconf 84' lang='lat' dir='ltr'>retio</span> <span class='ocrx_word' id='word_1_42' title='bbox 303 1287 365 1358; x_wconf 87' lang='lat' dir='ltr'>est,</span> <span class='ocrx_word' id='word_1_43' title='bbox 383 1283 461 1366; x_wconf 88' lang='lat' dir='ltr'>quia</span> <span class='ocrx_word' id='word_1_44' title='bbox 471 1282 695 1365; x_wconf 90' lang='lat' dir='ltr'>imponuntur</span> <span class='ocrx_word' id='word_1_45' title='bbox 705 1283 874 1364; x_wconf 75' lang='lat' dir='ltr'>potestate</span> <span class='ocrx_word' id='word_1_46' title='bbox 882 1277 1142 1362; x_wconf 86' lang='lat' dir='ltr'>jurisdictionis,</span> <span class='ocrx_word' id='word_1_47' title='bbox 1155 1279 1384 1362; x_wconf 79' lang='lat' dir='ltr'>quaeadsolos</span> 
     </span>
     <span class='ocr_line' id='line_1_8' title="bbox 203 1389 712 1472; baseline 0 -19"><span class='ocrx_word' id='word_1_48' title='bbox 203 1391 375 1472; x_wconf 86' lang='lat' dir='ltr'>subjectos</span> <span class='ocrx_word' id='word_1_49' title='bbox 391 1407 427 1454; x_wconf 90' lang='lat' dir='ltr'>se</span> <span class='ocrx_word' id='word_1_50' title='bbox 446 1390 600 1472; x_wconf 89' lang='lat' dir='ltr'>porrigit.</span> <span class='ocrx_word' id='word_1_51' title='bbox 628 1389 712 1453; x_wconf 88' lang='lat' dir='ltr'>Hinc</span> 
     </span>
    </p>

    <p class='ocr_par' dir='ltr' id='par_1_4' title="bbox 130 1496 1433 2882">
     <span class='ocr_line' id='line_1_9' title="bbox 244 1496 1385 1583; baseline -0.002 -19"><span class='ocrx_word' id='word_1_52' title='bbox 244 1501 276 1564; x_wconf 82' lang='grc'>10</span> <span class='ocrx_word' id='word_1_53' title='bbox 290 1498 341 1563; x_wconf 76' lang='lat' dir='ltr'>dd</span> <span class='ocrx_word' id='word_1_54' title='bbox 359 1496 434 1562; x_wconf 82' lang='lat' dir='ltr'>illes</span> <span class='ocrx_word' id='word_1_55' title='bbox 452 1498 649 1563; x_wconf 84' lang='lat' dir='ltr'>exactiones</span> <span class='ocrx_word' id='word_1_56' title='bbox 661 1515 726 1583; x_wconf 82' lang='lat' dir='ltr'>per</span> <span class='ocrx_word' id='word_1_57' title='bbox 746 1516 780 1562; x_wconf 81' lang='lat' dir='ltr'>se</span> <span class='ocrx_word' id='word_1_58' title='bbox 799 1516 870 1562; x_wconf 91' lang='lat' dir='ltr'>non</span> <span class='ocrx_word' id='word_1_59' title='bbox 891 1501 1054 1561; x_wconf 90' lang='lat' dir='ltr'>tenentur</span> <span class='ocrx_word' id='word_1_60' title='bbox 1078 1497 1243 1574; x_wconf 83' lang='lat' dir='ltr'>extranei,</span> <span class='ocrx_word' id='word_1_61' title='bbox 1267 1501 1385 1582; x_wconf 87' lang='lat' dir='ltr'>utpote</span> 
     </span>
     <span class='ocr_line' id='line_1_10' title="bbox 200 1605 1385 1692; baseline -0.003 -20"><span class='ocrx_word' id='word_1_62' title='bbox 200 1606 428 1692; x_wconf 77' lang='lat' dir='ltr'>jurisdictioni</span> <span class='ocrx_word' id='word_1_63' title='bbox 441 1605 649 1690; x_wconf 90' lang='lat' dir='ltr'>imponentis</span> <span class='ocrx_word' id='word_1_64' title='bbox 662 1624 733 1670; x_wconf 91' lang='lat' dir='ltr'>non</span> <span class='ocrx_word' id='word_1_65' title='bbox 749 1605 893 1689; x_wconf 90' lang='lat' dir='ltr'>subjecti</span> <span class='ocrx_word' id='word_1_66' title='bbox 909 1625 915 1682; x_wconf 92' lang='lat'>;</span> <span class='ocrx_word' id='word_1_67' title='bbox 932 1605 1012 1669; x_wconf 89' lang='lat' dir='ltr'>iude</span> <span class='ocrx_word' id='word_1_68' title='bbox 1034 1605 1091 1690; x_wconf 89' lang='lat' dir='ltr'>qui</span> <span class='ocrx_word' id='word_1_69' title='bbox 1106 1624 1148 1668; x_wconf 79' lang='lat' dir='ltr'>ec</span> <span class='ocrx_word' id='word_1_70' title='bbox 1160 1612 1243 1684; x_wconf 85' lang='lat' dir='ltr'>toto,</span> <span class='ocrx_word' id='word_1_71' title='bbox 1260 1624 1385 1690; x_wconf 87' lang='lat' dir='ltr'>nempe</span> 
     </span>
     <span class='ocr_line' id='line_1_11' title="bbox 146 1711 1387 1799; baseline 0 -20"><span class='ocrx_word' id='word_1_72' title='bbox 146 1745 147 1753; x_wconf 45' lang='lat'>1</span> <span class='ocrx_word' id='word_1_73' title='bbox 204 1713 316 1799; x_wconf 90' lang='lat' dir='ltr'>quoad</span> <span class='ocrx_word' id='word_1_74' title='bbox 339 1732 525 1798; x_wconf 90' lang='lat' dir='ltr'>personam</span> <span class='ocrx_word' id='word_1_75' title='bbox 545 1718 580 1777; x_wconf 94' lang='lat' dir='ltr'>et</span> <span class='ocrx_word' id='word_1_76' title='bbox 598 1731 653 1776; x_wconf 89' lang='lat' dir='ltr'>res</span> <span class='ocrx_word' id='word_1_77' title='bbox 668 1731 800 1789; x_wconf 90' lang='lat' dir='ltr'>omnes,</span> <span class='ocrx_word' id='word_1_78' title='bbox 818 1712 972 1776; x_wconf 90' lang='lat' dir='ltr'>extranei</span> <span class='ocrx_word' id='word_1_79' title='bbox 992 1717 1083 1788; x_wconf 89' lang='lat' dir='ltr'>sunt,</span> <span class='ocrx_word' id='word_1_80' title='bbox 1107 1711 1193 1775; x_wconf 91' lang='lat' dir='ltr'>nihil</span> <span class='ocrx_word' id='word_1_81' title='bbox 1205 1711 1307 1796; x_wconf 88' lang='lat' dir='ltr'>plane</span> <span class='ocrx_word' id='word_1_82' title='bbox 1329 1712 1387 1778; x_wconf 92' lang='lat' dir='ltr'>de·</span> 
     </span>
     <span class='ocr_line' id='line_1_12' title="bbox 203 1821 1433 1904; baseline -0.002 -15"><span class='ocrx_word' id='word_1_83' title='bbox 203 1825 296 1890; x_wconf 88' lang='lat' dir='ltr'>bent.</span> <span class='ocrx_word' id='word_1_84' title='bbox 312 1824 441 1888; x_wconf 87' lang='lat' dir='ltr'>Tamen</span> <span class='ocrx_word' id='word_1_85' title='bbox 454 1841 525 1887; x_wconf 91' lang='lat' dir='ltr'>non</span> <span class='ocrx_word' id='word_1_86' title='bbox 540 1840 662 1886; x_wconf 88' lang='lat' dir='ltr'>omnes</span> <span class='ocrx_word' id='word_1_87' title='bbox 682 1823 836 1886; x_wconf 82' lang='lat' dir='ltr'>extranei</span> <span class='ocrx_word' id='word_1_88' title='bbox 858 1821 905 1886; x_wconf 89' lang='lat' dir='ltr'>sio</span> <span class='ocrx_word' id='word_1_89' title='bbox 925 1825 1006 1885; x_wconf 91' lang='lat' dir='ltr'>sunt</span> <span class='ocrx_word' id='word_1_90' title='bbox 1026 1823 1164 1904; x_wconf 91' lang='lat' dir='ltr'>penitus</span> <span class='ocrx_word' id='word_1_91' title='bbox 1189 1827 1286 1886; x_wconf 85' lang='lat' dir='ltr'>extra</span> <span class='ocrx_word' id='word_1_92' title='bbox 1306 1821 1388 1886; x_wconf 90' lang='lat' dir='ltr'>alte-</span> <span class='ocrx_word' id='word_1_93' title='bbox 1430 1823 1433 1836; x_wconf 92' lang='lat'>&#39;</span> 
     </span>
     <span class='ocr_line' id='line_1_13' title="bbox 161 1929 1387 2015; baseline -0.002 -18"><span class='ocrx_word' id='word_1_94' title='bbox 161 1993 164 2000; x_wconf 90' lang='grc'><em>,</em></span> <span class='ocrx_word' id='word_1_95' title='bbox 202 1951 277 1996; x_wconf 89' lang='lat' dir='ltr'>ram</span> <span class='ocrx_word' id='word_1_96' title='bbox 293 1931 491 1996; x_wconf 86' lang='lat' dir='ltr'>societatem</span> <span class='ocrx_word' id='word_1_97' title='bbox 507 1931 683 1996; x_wconf 90' lang='lat' dir='ltr'>constituti</span> <span class='ocrx_word' id='word_1_98' title='bbox 696 1951 703 2008; x_wconf 93' lang='grc'>;</span> <span class='ocrx_word' id='word_1_99' title='bbox 730 1931 808 1994; x_wconf 92' lang='lat' dir='ltr'>ideo</span> <span class='ocrx_word' id='word_1_100' title='bbox 829 1949 892 2015; x_wconf 82' lang='lat' dir='ltr'>per</span> <span class='ocrx_word' id='word_1_101' title='bbox 905 1929 1059 1994; x_wconf 82' lang='lat' dir='ltr'>occidens</span> <span class='ocrx_word' id='word_1_102' title='bbox 1072 1929 1255 2014; x_wconf 85' lang='lat' dir='ltr'>aliquando</span> <span class='ocrx_word' id='word_1_103' title='bbox 1270 1934 1387 1994; x_wconf 89' lang='lat' dir='ltr'>tenen·</span> 
     </span>
     <span class='ocr_line' id='line_1_14' title="bbox 203 2037 1384 2122; baseline -0.003 -18"><span class='ocrx_word' id='word_1_104' title='bbox 203 2046 259 2105; x_wconf 92' lang='lat' dir='ltr'>tur</span> <span class='ocrx_word' id='word_1_105' title='bbox 280 2041 433 2104; x_wconf 84' lang='lat' dir='ltr'>extranei</span> <span class='ocrx_word' id='word_1_106' title='bbox 457 2038 500 2104; x_wconf 90' lang='lat' dir='ltr'>ad</span> <span class='ocrx_word' id='word_1_107' title='bbox 521 2038 703 2104; x_wconf 86' lang='lat' dir='ltr'>solvendas</span> <span class='ocrx_word' id='word_1_108' title='bbox 726 2037 891 2122; x_wconf 87' lang='lat' dir='ltr'>quasdam</span> <span class='ocrx_word' id='word_1_109' title='bbox 912 2037 1120 2116; x_wconf 86' lang='lat' dir='ltr'>exactiones,</span> <span class='ocrx_word' id='word_1_110' title='bbox 1137 2037 1285 2121; x_wconf 86' lang='lat' dir='ltr'>quando,</span> <span class='ocrx_word' id='word_1_111' title='bbox 1300 2057 1333 2101; x_wconf 86' lang='lat' dir='ltr'>v.</span> <span class='ocrx_word' id='word_1_112' title='bbox 1351 2057 1384 2118; x_wconf 91' lang='lat' dir='ltr'>g.</span> 
     </span>
     <span class='ocr_line' id='line_1_15' title="bbox 202 2145 1388 2231; baseline -0.003 -18"><span class='ocrx_word' id='word_1_113' title='bbox 202 2166 333 2214; x_wconf 87' lang='lat' dir='ltr'>messes</span> <span class='ocrx_word' id='word_1_114' title='bbox 365 2147 516 2231; x_wconf 86' lang='lat' dir='ltr'>aliasque</span> <span class='ocrx_word' id='word_1_115' title='bbox 544 2165 600 2212; x_wconf 87' lang='lat' dir='ltr'>res</span> <span class='ocrx_word' id='word_1_116' title='bbox 621 2146 845 2211; x_wconf 90' lang='lat' dir='ltr'>introducunt</span> <span class='ocrx_word' id='word_1_117' title='bbox 875 2146 911 2209; x_wconf 91' lang='lat' dir='ltr'>in</span> <span class='ocrx_word' id='word_1_118' title='bbox 940 2145 1153 2228; x_wconf 78' lang='lat' dir='ltr'>provinciam</span> <span class='ocrx_word' id='word_1_119' title='bbox 1182 2145 1238 2212; x_wconf 82' lang='lat' dir='ltr'>vel</span> <span class='ocrx_word' id='word_1_120' title='bbox 1269 2165 1312 2210; x_wconf 86' lang='lat' dir='ltr'>ex</span> <span class='ocrx_word' id='word_1_121' title='bbox 1347 2163 1388 2210; x_wconf 91' lang='lat' dir='ltr'>ea</span> 
     </span>
     <span class='ocr_line' id='line_1_16' title="bbox 202 2253 1388 2332; baseline -0.004 -10"><span class='ocrx_word' id='word_1_122' title='bbox 202 2257 344 2332; x_wconf 73' lang='lat' dir='ltr'>uehunt,</span> <span class='ocrx_word' id='word_1_123' title='bbox 368 2257 403 2319; x_wconf 93' lang='lat' dir='ltr'>in</span> <span class='ocrx_word' id='word_1_124' title='bbox 425 2275 465 2320; x_wconf 92' lang='lat' dir='ltr'>ea</span> <span class='ocrx_word' id='word_1_125' title='bbox 485 2259 618 2332; x_wconf 90' lang='lat' dir='ltr'>emunt,</span> <span class='ocrx_word' id='word_1_126' title='bbox 640 2257 703 2318; x_wconf 91' lang='lat' dir='ltr'>eto.</span> <span class='ocrx_word' id='word_1_127' title='bbox 723 2254 918 2320; x_wconf 82' lang='lat' dir='ltr'>Generatim</span> <span class='ocrx_word' id='word_1_128' title='bbox 933 2253 976 2320; x_wconf 90' lang='lat' dir='ltr'>ad</span> <span class='ocrx_word' id='word_1_129' title='bbox 997 2253 1213 2318; x_wconf 78' lang='lat' dir='ltr'>exactionem</span> <span class='ocrx_word' id='word_1_130' title='bbox 1226 2257 1388 2318; x_wconf 89' lang='lat' dir='ltr'>tenentur</span> 
     </span>
     <span class='ocr_line' id='line_1_17' title="bbox 202 2361 1387 2449; baseline -0.003 -21"><span class='ocrx_word' id='word_1_131' title='bbox 202 2383 264 2449; x_wconf 89' lang='lat' dir='ltr'>pro</span> <span class='ocrx_word' id='word_1_132' title='bbox 278 2369 353 2429; x_wconf 90' lang='lat' dir='ltr'>rata</span> <span class='ocrx_word' id='word_1_133' title='bbox 366 2370 461 2447; x_wconf 86' lang='lat' dir='ltr'>parte</span> <span class='ocrx_word' id='word_1_134' title='bbox 475 2365 635 2428; x_wconf 88' lang='lat' dir='ltr'>favorum</span> <span class='ocrx_word' id='word_1_135' title='bbox 648 2363 772 2446; x_wconf 85' lang='lat' dir='ltr'>quibus</span> <span class='ocrx_word' id='word_1_136' title='bbox 793 2361 943 2444; x_wconf 90' lang='lat' dir='ltr'>gaudere</span> <span class='ocrx_word' id='word_1_137' title='bbox 965 2364 1113 2444; x_wconf 88' lang='lat' dir='ltr'>possunt</span> <span class='ocrx_word' id='word_1_138' title='bbox 1136 2361 1173 2425; x_wconf 94' lang='lat' dir='ltr'>in</span> <span class='ocrx_word' id='word_1_139' title='bbox 1187 2361 1298 2426; x_wconf 84' lang='lat' dir='ltr'>aliens</span> <span class='ocrx_word' id='word_1_140' title='bbox 1313 2379 1387 2445; x_wconf 87' lang='lat' dir='ltr'>pro-</span> 
     </span>
     <span class='ocr_line' id='line_1_18' title="bbox 130 2469 1388 2560; baseline -0.003 -24"><span class='ocrx_word' id='word_1_141' title='bbox 130 2555 133 2560; x_wconf 15' lang='lat'>⁸</span> <span class='ocrx_word' id='word_1_142' title='bbox 203 2473 325 2548; x_wconf 84' lang='lat' dir='ltr'>vincio,</span> <span class='ocrx_word' id='word_1_143' title='bbox 355 2490 426 2545; x_wconf 89' lang='lat' dir='ltr'>seu,</span> <span class='ocrx_word' id='word_1_144' title='bbox 450 2469 525 2536; x_wconf 89' lang='lat' dir='ltr'>aliis</span> <span class='ocrx_word' id='word_1_145' title='bbox 544 2471 668 2546; x_wconf 88' lang='lat' dir='ltr'>verbis,</span> <span class='ocrx_word' id='word_1_146' title='bbox 693 2470 750 2554; x_wconf 90' lang='lat' dir='ltr'>qui</span> <span class='ocrx_word' id='word_1_147' title='bbox 766 2469 920 2534; x_wconf 88' lang='lat' dir='ltr'>extranei</span> <span class='ocrx_word' id='word_1_148' title='bbox 933 2487 1003 2534; x_wconf 87' lang='lat' dir='ltr'>non</span> <span class='ocrx_word' id='word_1_149' title='bbox 1018 2488 1060 2532; x_wconf 71' lang='lat' dir='ltr'>esc</span> <span class='ocrx_word' id='word_1_150' title='bbox 1075 2476 1144 2532; x_wconf 84' lang='lat' dir='ltr'>toto</span> <span class='ocrx_word' id='word_1_151' title='bbox 1160 2473 1251 2545; x_wconf 85' lang='lat' dir='ltr'>sunt,</span> <span class='ocrx_word' id='word_1_152' title='bbox 1268 2469 1329 2532; x_wconf 91' lang='lat' dir='ltr'>sed</span> <span class='ocrx_word' id='word_1_153' title='bbox 1345 2487 1388 2532; x_wconf 90' lang='lat' dir='ltr'>ex</span> 
     </span>
     <span class='ocr_line' id='line_1_19' title="bbox 203 2577 1388 2664; baseline -0.004 -19"><span class='ocrx_word' id='word_1_154' title='bbox 203 2585 298 2664; x_wconf 88' lang='lat' dir='ltr'>parte</span> <span class='ocrx_word' id='word_1_155' title='bbox 315 2599 375 2645; x_wconf 88' lang='lat' dir='ltr'>seu</span> <span class='ocrx_word' id='word_1_156' title='bbox 390 2581 522 2645; x_wconf 89' lang='lat' dir='ltr'>ratione</span> <span class='ocrx_word' id='word_1_157' title='bbox 537 2597 703 2663; x_wconf 71' lang='lat' dir='ltr'>personae,</span> <span class='ocrx_word' id='word_1_158' title='bbox 720 2597 791 2643; x_wconf 92' lang='lat' dir='ltr'>non</span> <span class='ocrx_word' id='word_1_159' title='bbox 805 2582 922 2642; x_wconf 87' lang='lat' dir='ltr'>eutem</span> <span class='ocrx_word' id='word_1_160' title='bbox 936 2577 1068 2642; x_wconf 89' lang='lat' dir='ltr'>ratione</span> <span class='ocrx_word' id='word_1_161' title='bbox 1080 2594 1197 2641; x_wconf 87' lang='lat' dir='ltr'>rerum</span> <span class='ocrx_word' id='word_1_162' title='bbox 1211 2595 1295 2661; x_wconf 89' lang='lat' dir='ltr'>quas</span> <span class='ocrx_word' id='word_1_163' title='bbox 1309 2595 1388 2660; x_wconf 89' lang='lat' dir='ltr'>pos-</span> 
     </span>
     <span class='ocr_line' id='line_1_20' title="bbox 203 2683 1387 2769; baseline -0.002 -17"><span class='ocrx_word' id='word_1_164' title='bbox 203 2687 325 2766; x_wconf 88' lang='lat' dir='ltr'>sident,</span> <span class='ocrx_word' id='word_1_165' title='bbox 341 2689 468 2753; x_wconf 91' lang='lat' dir='ltr'>babent</span> <span class='ocrx_word' id='word_1_166' title='bbox 491 2687 724 2752; x_wconf 90' lang='lat' dir='ltr'>conditionem</span> <span class='ocrx_word' id='word_1_167' title='bbox 752 2683 987 2750; x_wconf 88' lang='lat' dir='ltr'>membrorum</span> <span class='ocrx_word' id='word_1_168' title='bbox 1015 2685 1187 2750; x_wconf 81' lang='lat' dir='ltr'>societatis</span> <span class='ocrx_word' id='word_1_169' title='bbox 1212 2685 1326 2769; x_wconf 88' lang='lat' dir='ltr'>quoad</span> <span class='ocrx_word' id='word_1_170' title='bbox 1345 2703 1387 2750; x_wconf 83' lang='lat' dir='ltr'>eo</span> 
     </span>
     <span class='ocr_line' id='line_1_21' title="bbox 203 2795 850 2882; baseline -0.005 -22"><span class='ocrx_word' id='word_1_171' title='bbox 203 2798 326 2882; x_wconf 86' lang='lat' dir='ltr'>quibus</span> <span class='ocrx_word' id='word_1_172' title='bbox 340 2797 581 2860; x_wconf 86' lang='lat' dir='ltr'>devinciuntur</span> <span class='ocrx_word' id='word_1_173' title='bbox 592 2797 672 2862; x_wconf 87' lang='lat' dir='ltr'>huic</span> <span class='ocrx_word' id='word_1_174' title='bbox 685 2795 850 2860; x_wconf 87' lang='lat' dir='ltr'>societati.</span> 
     </span>
    </p>

    <p class='ocr_par' dir='ltr' id='par_1_5' title="bbox 203 2901 1388 3195">
     <span class='ocr_line' id='line_1_22' title="bbox 203 2901 1385 2988; baseline -0.003 -18"><span class='ocrx_word' id='word_1_175' title='bbox 203 2979 205 2984; x_wconf 48' lang='grc'>,</span> <span class='ocrx_word' id='word_1_176' title='bbox 242 2907 275 2970; x_wconf 69' lang='grc'>20</span> <span class='ocrx_word' id='word_1_177' title='bbox 289 2905 405 2970; x_wconf 83' lang='lat' dir='ltr'>Clerici</span> <span class='ocrx_word' id='word_1_178' title='bbox 421 2903 564 2988; x_wconf 73' lang='lat' dir='ltr'>aliaeque</span> <span class='ocrx_word' id='word_1_179' title='bbox 579 2923 735 2988; x_wconf 72' lang='lat' dir='ltr'>personae</span> <span class='ocrx_word' id='word_1_180' title='bbox 751 2903 989 2968; x_wconf 73' lang='lat' dir='ltr'>ecclesiasticae</span> <span class='ocrx_word' id='word_1_181' title='bbox 1005 2906 1039 2967; x_wconf 90' lang='lat' dir='ltr'>et</span> <span class='ocrx_word' id='word_1_182' title='bbox 1058 2901 1134 2966; x_wconf 90' lang='lat' dir='ltr'>loca</span> <span class='ocrx_word' id='word_1_183' title='bbox 1148 2903 1385 2979; x_wconf 89' lang='lat' dir='ltr'>ecclesiastica,</span> 
     </span>
     <span class='ocr_line' id='line_1_23' title="bbox 203 3011 1388 3096; baseline -0.002 -18"><span class='ocrx_word' id='word_1_184' title='bbox 203 3017 325 3080; x_wconf 87' lang='lat' dir='ltr'>sicuta</span> <span class='ocrx_word' id='word_1_185' title='bbox 347 3013 583 3096; x_wconf 80' lang='lat' dir='ltr'>jutisdictione</span> <span class='ocrx_word' id='word_1_186' title='bbox 606 3011 759 3078; x_wconf 76' lang='lat' dir='ltr'>surculari</span> <span class='ocrx_word' id='word_1_187' title='bbox 780 3013 989 3090; x_wconf 88' lang='lat' dir='ltr'>eximuntur,</span> <span class='ocrx_word' id='word_1_188' title='bbox 1016 3012 1063 3076; x_wconf 87' lang='lat' dir='ltr'>ita</span> <span class='ocrx_word' id='word_1_189' title='bbox 1079 3012 1182 3076; x_wconf 90' lang='lat' dir='ltr'>etiam</span> <span class='ocrx_word' id='word_1_190' title='bbox 1202 3011 1338 3076; x_wconf 89' lang='lat' dir='ltr'>tributis</span> <span class='ocrx_word' id='word_1_191' title='bbox 1353 3017 1388 3076; x_wconf 89' lang='lat' dir='ltr'>et</span> 
     </span>
     <span class='ocr_line' id='line_1_24' title="bbox 204 3118 1324 3195; baseline -0.002 -11"><span class='ocrx_word' id='word_1_192' title='bbox 204 3121 438 3186; x_wconf 87' lang='lat' dir='ltr'>exactionibus</span> <span class='ocrx_word' id='word_1_193' title='bbox 451 3120 625 3186; x_wconf 88' lang='lat' dir='ltr'>solvendis</span> <span class='ocrx_word' id='word_1_194' title='bbox 638 3139 709 3186; x_wconf 91' lang='lat' dir='ltr'>non</span> <span class='ocrx_word' id='word_1_195' title='bbox 725 3125 896 3195; x_wconf 89' lang='lat' dir='ltr'>tenentur,</span> <span class='ocrx_word' id='word_1_196' title='bbox 912 3120 997 3183; x_wconf 91' lang='lat' dir='ltr'>utin</span> <span class='ocrx_word' id='word_1_197' title='bbox 1008 3119 1059 3182; x_wconf 92' lang='lat' dir='ltr'>tit.</span> <span class='ocrx_word' id='word_1_198' title='bbox 1071 3118 1169 3182; x_wconf 82' lang='lat' dir='ltr'>XLIX</span> <span class='ocrx_word' id='word_1_199' title='bbox 1184 3119 1324 3183; x_wconf 88' lang='lat' dir='ltr'>dicetur.</span> 
     </span>
    </p>

    <p class='ocr_par' dir='ltr' id='par_1_6' title="bbox 204 3226 1456 3640">
     <span class='ocr_line' id='line_1_25' title="bbox 243 3226 1384 3314; baseline 0 -20"><span class='ocrx_word' id='word_1_200' title='bbox 243 3231 276 3294; x_wconf 88' lang='grc'>30</span> <span class='ocrx_word' id='word_1_201' title='bbox 290 3229 461 3314; x_wconf 90' lang='lat' dir='ltr'>Pauperes</span> <span class='ocrx_word' id='word_1_202' title='bbox 476 3235 511 3293; x_wconf 91' lang='lat' dir='ltr'>et</span> <span class='ocrx_word' id='word_1_203' title='bbox 524 3230 622 3306; x_wconf 84' lang='lat' dir='ltr'>oaeci;</span> <span class='ocrx_word' id='word_1_204' title='bbox 638 3229 728 3314; x_wconf 85' lang='lat' dir='ltr'>quie,</span> <span class='ocrx_word' id='word_1_205' title='bbox 744 3233 782 3293; x_wconf 94' lang='lat' dir='ltr'>ut</span> <span class='ocrx_word' id='word_1_206' title='bbox 796 3230 832 3292; x_wconf 91' lang='lat' dir='ltr'>in</span> <span class='ocrx_word' id='word_1_207' title='bbox 854 3247 927 3312; x_wconf 90' lang='lat' dir='ltr'>cap.</span> <span class='ocrx_word' id='word_1_208' title='bbox 944 3228 1011 3292; x_wconf 79' lang='lat' dir='ltr'>lh.</span> <span class='ocrx_word' id='word_1_209' title='bbox 1030 3232 1053 3292; x_wconf 95' lang='lat' dir='ltr'>t.</span> <span class='ocrx_word' id='word_1_210' title='bbox 1078 3228 1203 3292; x_wconf 90' lang='lat' dir='ltr'>dicitur</span> <span class='ocrx_word' id='word_1_211' title='bbox 1217 3226 1259 3291; x_wconf 90' lang='lat' dir='ltr'>de</span> <span class='ocrx_word' id='word_1_212' title='bbox 1274 3228 1384 3305; x_wconf 71' lang='lat' dir='ltr'>scocie,</span> 
     </span>
     <span class='ocr_line' id='line_1_26' title="bbox 205 3337 1386 3424; baseline -0.003 -18"><span class='ocrx_word' id='word_1_213' title='bbox 205 3341 308 3406; x_wconf 86' lang='lat' dir='ltr'>etiam</span> <span class='ocrx_word' id='word_1_214' title='bbox 324 3339 437 3424; x_wconf 88' lang='lat' dir='ltr'>quoad</span> <span class='ocrx_word' id='word_1_215' title='bbox 458 3339 664 3416; x_wconf 88' lang='lat' dir='ltr'>exactiones,</span> <span class='ocrx_word' id='word_1_216' title='bbox 685 3339 914 3404; x_wconf 88' lang='lat' dir='ltr'>inhumanum</span> <span class='ocrx_word' id='word_1_217' title='bbox 934 3342 988 3402; x_wconf 89' lang='lat' dir='ltr'>est</span> <span class='ocrx_word' id='word_1_218' title='bbox 1008 3338 1109 3402; x_wconf 89' lang='lat' dir='ltr'>nimis</span> <span class='ocrx_word' id='word_1_219' title='bbox 1131 3338 1168 3401; x_wconf 91' lang='lat' dir='ltr'>in</span> <span class='ocrx_word' id='word_1_220' title='bbox 1186 3337 1386 3402; x_wconf 90' lang='lat' dir='ltr'>collectione</span> 
     </span>
     <span class='ocr_line' id='line_1_27' title="bbox 205 3445 1385 3530; baseline -0.003 -18"><span class='ocrx_word' id='word_1_221' title='bbox 205 3449 368 3530; x_wconf 82' lang='lat' dir='ltr'>affligere,</span> <span class='ocrx_word' id='word_1_222' title='bbox 382 3448 436 3511; x_wconf 90' lang='lat' dir='ltr'>cui</span> <span class='ocrx_word' id='word_1_223' title='bbox 452 3446 618 3511; x_wconf 89' lang='lat' dir='ltr'>debuerat</span> <span class='ocrx_word' id='word_1_224' title='bbox 630 3465 673 3511; x_wconf 91' lang='lat' dir='ltr'>ex</span> <span class='ocrx_word' id='word_1_225' title='bbox 686 3445 847 3523; x_wconf 88' lang='lat' dir='ltr'>collectis,</span> <span class='ocrx_word' id='word_1_226' title='bbox 864 3447 893 3510; x_wconf 91' lang='lat' dir='ltr'>si</span> <span class='ocrx_word' id='word_1_227' title='bbox 908 3445 1206 3520; x_wconf 70' lang='lat' dir='ltr'>essetnecessitaS,</span> <span class='ocrx_word' id='word_1_228' title='bbox 1219 3446 1385 3509; x_wconf 91' lang='lat' dir='ltr'>misereri.</span> 
     </span>
     <span class='ocr_line' id='line_1_28' title="bbox 204 3553 1456 3640; baseline -0.002 -22"><span class='ocrx_word' id='word_1_229' title='bbox 204 3553 299 3620; x_wconf 86' lang='lat' dir='ltr'>Unde</span> <span class='ocrx_word' id='word_1_230' title='bbox 315 3556 441 3619; x_wconf 89' lang='lat' dir='ltr'>tributa</span> <span class='ocrx_word' id='word_1_231' title='bbox 453 3573 523 3618; x_wconf 91' lang='lat' dir='ltr'>non</span> <span class='ocrx_word' id='word_1_232' title='bbox 536 3554 663 3618; x_wconf 89' lang='lat' dir='ltr'>debent</span> <span class='ocrx_word' id='word_1_233' title='bbox 672 3555 802 3636; x_wconf 91' lang='lat' dir='ltr'>imponi</span> <span class='ocrx_word' id='word_1_234' title='bbox 818 3554 1177 3636; x_wconf 88' lang='lat' dir='ltr'>quibusgravarentur</span> <span class='ocrx_word' id='word_1_235' title='bbox 1189 3553 1292 3617; x_wconf 85' lang='lat' dir='ltr'>etium</span> <span class='ocrx_word' id='word_1_236' title='bbox 1306 3571 1388 3634; x_wconf 90' lang='lat' dir='ltr'>pau·</span> <span class='ocrx_word' id='word_1_237' title='bbox 1453 3631 1456 3640; x_wconf 32' lang='grc' dir='ltr'>Ι</span> 
     </span>
    </p>
   </div>
   <div class='ocr_carea' id='block_1_3' title="bbox 204 3660 1493 3754">
    <p class='ocr_par' dir='ltr' id='par_1_7' title="bbox 204 3660 1493 3754">
     <span class='ocr_line' id='line_1_29' title="bbox 204 3660 1493 3754; baseline -0.002 -28"><span class='ocrx_word' id='word_1_238' title='bbox 204 3681 314 3746; x_wconf 89' lang='lat' dir='ltr'>peres.</span> <span class='ocrx_word' id='word_1_239' title='bbox 340 3663 457 3738; x_wconf 85' lang='lat' dir='ltr'>Quoad</span> <span class='ocrx_word' id='word_1_240' title='bbox 482 3679 601 3742; x_wconf 85' lang='lat' dir='ltr'>caecos,</span> <span class='ocrx_word' id='word_1_241' title='bbox 628 3662 683 3726; x_wconf 91' lang='lat' dir='ltr'>cit.</span> <span class='ocrx_word' id='word_1_242' title='bbox 700 3679 773 3746; x_wconf 90' lang='lat' dir='ltr'>cap.</span> <span class='ocrx_word' id='word_1_243' title='bbox 792 3660 937 3742; x_wconf 80' lang='lat' dir='ltr'>intelligi</span> <span class='ocrx_word' id='word_1_244' title='bbox 952 3660 1055 3726; x_wconf 89' lang='lat' dir='ltr'>debet</span> <span class='ocrx_word' id='word_1_245' title='bbox 1068 3661 1109 3724; x_wconf 91' lang='lat' dir='ltr'>de</span> <span class='ocrx_word' id='word_1_246' title='bbox 1126 3661 1261 3726; x_wconf 90' lang='lat' dir='ltr'>tributis</span> <span class='ocrx_word' id='word_1_247' title='bbox 1277 3665 1387 3724; x_wconf 88' lang='lat' dir='ltr'>extra·</span> <span class='ocrx_word' id='word_1_248' title='bbox 1490 3747 1493 3754; x_wconf 17' lang='grc' dir='ltr'><strong><em>Δ</em></strong></span> 
     </span>
    </p>
   </div>
   <div class='ocr_carea' id='block_1_4' title="bbox 205 3771 1389 4828">
    <p class='ocr_par' dir='ltr' id='par_1_8' title="bbox 206 3771 396 3834">
     <span class='ocr_line' id='line_1_30' title="bbox 206 3771 396 3834; baseline -0.005 0"><span class='ocrx_word' id='word_1_249' title='bbox 206 3771 396 3834; x_wconf 87' lang='lat' dir='ltr'>ordinariis.</span> 
     </span>
    </p>

    <p class='ocr_par' dir='ltr' id='par_1_9' title="bbox 205 3877 1389 4607">
     <span class='ocr_line' id='line_1_31' title="bbox 247 3877 1387 3964; baseline -0.001 -21"><span class='ocrx_word' id='word_1_250' title='bbox 247 3881 275 3962; x_wconf 84' lang='lat' dir='ltr'>e)</span> <span class='ocrx_word' id='word_1_251' title='bbox 299 3879 523 3959; x_wconf 78' lang='lat' dir='ltr'>Tribocorum,</span> <span class='ocrx_word' id='word_1_252' title='bbox 544 3880 763 3964; x_wconf 69' lang='lat' dir='ltr'>vectigalium</span> <span class='ocrx_word' id='word_1_253' title='bbox 786 3889 818 3944; x_wconf 87' lang='lat' dir='ltr'>et</span> <span class='ocrx_word' id='word_1_254' title='bbox 836 3880 1050 3944; x_wconf 76' lang='lat' dir='ltr'>eructionem</span> <span class='ocrx_word' id='word_1_255' title='bbox 1083 3877 1169 3962; x_wconf 78' lang='lat' dir='ltr'>tepea</span> <span class='ocrx_word' id='word_1_256' title='bbox 1193 3879 1387 3964; x_wconf 81' lang='lat' dir='ltr'>oblipcntuc</span> 
     </span>
     <span class='ocr_line' id='line_1_32' title="bbox 207 3987 1388 4070; baseline 0 -18"><span class='ocrx_word' id='word_1_257' title='bbox 207 3990 242 4052; x_wconf 83' lang='lat' dir='ltr'>in</span> <span class='ocrx_word' id='word_1_258' title='bbox 256 3989 481 4054; x_wconf 81' lang='lat' dir='ltr'>conscientia?</span> <span class='ocrx_word' id='word_1_259' title='bbox 495 3991 527 4052; x_wconf 83' lang='grc'>10</span> <span class='ocrx_word' id='word_1_260' title='bbox 540 3987 574 4052; x_wconf 87' lang='lat' dir='ltr'>Si</span> <span class='ocrx_word' id='word_1_261' title='bbox 596 3989 791 4053; x_wconf 88' lang='lat' dir='ltr'>exactiones</span> <span class='ocrx_word' id='word_1_262' title='bbox 813 3993 930 4052; x_wconf 88' lang='lat' dir='ltr'>esseut</span> <span class='ocrx_word' id='word_1_263' title='bbox 947 3987 1075 4070; x_wconf 87' lang='lat' dir='ltr'>injuste</span> <span class='ocrx_word' id='word_1_264' title='bbox 1098 3987 1278 4070; x_wconf 75' lang='lat' dir='ltr'>imposita,</span> <span class='ocrx_word' id='word_1_265' title='bbox 1294 3988 1388 4053; x_wconf 89' lang='lat' dir='ltr'>nulla</span> 
     </span>
     <span class='ocr_line' id='line_1_33' title="bbox 205 4094 1387 4178; baseline 0 -20"><span class='ocrx_word' id='word_1_266' title='bbox 205 4095 294 4159; x_wconf 84' lang='lat' dir='ltr'>foret</span> <span class='ocrx_word' id='word_1_267' title='bbox 308 4095 469 4178; x_wconf 81' lang='lat' dir='ltr'>obligatio</span> <span class='ocrx_word' id='word_1_268' title='bbox 485 4115 544 4160; x_wconf 89' lang='lat' dir='ltr'>eas</span> <span class='ocrx_word' id='word_1_269' title='bbox 559 4095 730 4167; x_wconf 77' lang='lat' dir='ltr'>solvendi:</span> <span class='ocrx_word' id='word_1_270' title='bbox 748 4113 828 4160; x_wconf 87' lang='lat' dir='ltr'>nam</span> <span class='ocrx_word' id='word_1_271' title='bbox 842 4094 899 4158; x_wconf 88' lang='lat' dir='ltr'>lex</span> <span class='ocrx_word' id='word_1_272' title='bbox 913 4096 1043 4177; x_wconf 87' lang='lat' dir='ltr'>injusta</span> <span class='ocrx_word' id='word_1_273' title='bbox 1063 4112 1134 4158; x_wconf 91' lang='lat' dir='ltr'>non</span> <span class='ocrx_word' id='word_1_274' title='bbox 1153 4094 1292 4176; x_wconf 87' lang='lat' dir='ltr'>obligat.</span> <span class='ocrx_word' id='word_1_275' title='bbox 1317 4095 1387 4159; x_wconf 91' lang='lat' dir='ltr'>lloo</span> 
     </span>
     <span class='ocr_line' id='line_1_34' title="bbox 206 4201 1386 4286; baseline 0 -20"><span class='ocrx_word' id='word_1_276' title='bbox 206 4221 327 4266; x_wconf 89' lang='lat' dir='ltr'>verum</span> <span class='ocrx_word' id='word_1_277' title='bbox 341 4209 403 4279; x_wconf 89' lang='lat' dir='ltr'>est,</span> <span class='ocrx_word' id='word_1_278' title='bbox 419 4205 491 4268; x_wconf 86' lang='lat' dir='ltr'>sive</span> <span class='ocrx_word' id='word_1_279' title='bbox 505 4203 581 4266; x_wconf 90' lang='lat' dir='ltr'>talis</span> <span class='ocrx_word' id='word_1_280' title='bbox 597 4203 728 4268; x_wconf 85' lang='lat' dir='ltr'>exactio</span> <span class='ocrx_word' id='word_1_281' title='bbox 740 4202 869 4285; x_wconf 87' lang='lat' dir='ltr'>injusta</span> <span class='ocrx_word' id='word_1_282' title='bbox 879 4202 923 4266; x_wconf 91' lang='lat' dir='ltr'>sit</span> <span class='ocrx_word' id='word_1_283' title='bbox 937 4201 1049 4286; x_wconf 87' lang='lat' dir='ltr'>quoad</span> <span class='ocrx_word' id='word_1_284' title='bbox 1064 4202 1301 4278; x_wconf 87' lang='lat' dir='ltr'>substantiam,</span> <span class='ocrx_word' id='word_1_285' title='bbox 1314 4201 1386 4266; x_wconf 89' lang='lat' dir='ltr'>sive</span> 
     </span>
     <span class='ocr_line' id='line_1_35' title="bbox 208 4307 1388 4393; baseline 0.001 -22"><span class='ocrx_word' id='word_1_286' title='bbox 208 4309 319 4392; x_wconf 78' lang='lat' dir='ltr'>quoad</span> <span class='ocrx_word' id='word_1_287' title='bbox 340 4311 566 4393; x_wconf 87' lang='lat' dir='ltr'>quantitatem</span> <span class='ocrx_word' id='word_1_288' title='bbox 584 4309 640 4374; x_wconf 88' lang='lat' dir='ltr'>vel</span> <span class='ocrx_word' id='word_1_289' title='bbox 655 4309 916 4393; x_wconf 82' lang='lat' dir='ltr'>&#39;proportionem</span> <span class='ocrx_word' id='word_1_290' title='bbox 938 4307 1205 4384; x_wconf 64' lang='lat' dir='ltr'>distributivam</span> <span class='ocrx_word' id='word_1_291' title='bbox 1225 4326 1303 4374; x_wconf 92' lang='lat' dir='ltr'>cum</span> <span class='ocrx_word' id='word_1_292' title='bbox 1322 4309 1388 4373; x_wconf 93' lang='lat' dir='ltr'>boc</span> 
     </span>
     <span class='ocr_line' id='line_1_36' title="bbox 207 4415 1389 4501; baseline 0.001 -22"><span class='ocrx_word' id='word_1_293' title='bbox 207 4415 280 4480; x_wconf 91' lang='lat' dir='ltr'>solo</span> <span class='ocrx_word' id='word_1_294' title='bbox 296 4416 499 4492; x_wconf 84' lang='lat' dir='ltr'>discrimine,</span> <span class='ocrx_word' id='word_1_295' title='bbox 518 4417 608 4501; x_wconf 91' lang='lat' dir='ltr'>quod</span> <span class='ocrx_word' id='word_1_296' title='bbox 624 4417 785 4500; x_wconf 88' lang='lat' dir='ltr'>inprime</span> <span class='ocrx_word' id='word_1_297' title='bbox 800 4435 881 4480; x_wconf 84' lang='lat' dir='ltr'>casu</span> <span class='ocrx_word' id='word_1_298' title='bbox 898 4415 1089 4480; x_wconf 88' lang='lat' dir='ltr'>secundum</span> <span class='ocrx_word' id='word_1_299' title='bbox 1112 4434 1149 4482; x_wconf 90' lang='lat' dir='ltr'>se</span> <span class='ocrx_word' id='word_1_300' title='bbox 1172 4419 1280 4482; x_wconf 87' lang='lat' dir='ltr'>totem</span> <span class='ocrx_word' id='word_1_301' title='bbox 1293 4415 1389 4480; x_wconf 88' lang='lat' dir='ltr'>inde-</span> 
     </span>
     <span class='ocr_line' id='line_1_37' title="bbox 207 4523 1017 4607; baseline -0.001 -21"><span class='ocrx_word' id='word_1_302' title='bbox 207 4523 277 4588; x_wconf 91' lang='lat' dir='ltr'>bita</span> <span class='ocrx_word' id='word_1_303' title='bbox 291 4524 344 4602; x_wconf 89' lang='lat' dir='ltr'>sit,</span> <span class='ocrx_word' id='word_1_304' title='bbox 361 4525 396 4587; x_wconf 92' lang='lat' dir='ltr'>in</span> <span class='ocrx_word' id='word_1_305' title='bbox 412 4523 562 4588; x_wconf 89' lang='lat' dir='ltr'>secundo</span> <span class='ocrx_word' id='word_1_306' title='bbox 578 4523 690 4588; x_wconf 94' lang='lat' dir='ltr'>solum</span> <span class='ocrx_word' id='word_1_307' title='bbox 701 4524 812 4607; x_wconf 87' lang='lat' dir='ltr'>quoad</span> <span class='ocrx_word' id='word_1_308' title='bbox 827 4539 1017 4588; x_wconf 86' lang='lat' dir='ltr'>excessum.</span> 
     </span>
    </p>

    <p class='ocr_par' dir='ltr' id='par_1_10' title="bbox 208 4630 1389 4828">
     <span class='ocr_line' id='line_1_38' title="bbox 246 4630 1388 4715; baseline -0.002 -19"><span class='ocrx_word' id='word_1_309' title='bbox 246 4632 279 4696; x_wconf 70' lang='lat'>2⁰</span> <span class='ocrx_word' id='word_1_310' title='bbox 295 4632 327 4694; x_wconf 88' lang='lat' dir='ltr'>Si</span> <span class='ocrx_word' id='word_1_311' title='bbox 340 4634 433 4714; x_wconf 77' lang='lat' dir='ltr'>Juste</span> <span class='ocrx_word' id='word_1_312' title='bbox 446 4631 613 4715; x_wconf 82' lang='lat' dir='ltr'>impositae</span> <span class='ocrx_word' id='word_1_313' title='bbox 630 4637 720 4708; x_wconf 92' lang='lat' dir='ltr'>sunt,</span> <span class='ocrx_word' id='word_1_314' title='bbox 738 4631 899 4713; x_wconf 78' lang='lat' dir='ltr'>obligatio</span> <span class='ocrx_word' id='word_1_315' title='bbox 914 4649 976 4715; x_wconf 90' lang='lat' dir='ltr'>per</span> <span class='ocrx_word' id='word_1_316' title='bbox 997 4649 1034 4696; x_wconf 85' lang='lat' dir='ltr'>se</span> <span class='ocrx_word' id='word_1_317' title='bbox 1049 4630 1199 4696; x_wconf 88' lang='lat' dir='ltr'>daturin</span> <span class='ocrx_word' id='word_1_318' title='bbox 1214 4631 1388 4696; x_wconf 88' lang='lat' dir='ltr'>conscien-</span> 
     </span>
     <span class='ocr_line' id='line_1_39' title="bbox 208 4738 1389 4828; baseline -0.003 -23"><span class='ocrx_word' id='word_1_319' title='bbox 208 4738 255 4805; x_wconf 87' lang='lat' dir='ltr'>tia</span> <span class='ocrx_word' id='word_1_320' title='bbox 267 4758 274 4817; x_wconf 84' lang='lat'>;</span> <span class='ocrx_word' id='word_1_321' title='bbox 288 4757 369 4808; x_wconf 82' lang='lat' dir='ltr'>nem</span> <span class='ocrx_word' id='word_1_322' title='bbox 383 4738 439 4804; x_wconf 91' lang='lat' dir='ltr'>lex</span> <span class='ocrx_word' id='word_1_323' title='bbox 451 4741 546 4824; x_wconf 85' lang='lat' dir='ltr'>justa</span> <span class='ocrx_word' id='word_1_324' title='bbox 558 4739 685 4828; x_wconf 87' lang='lat' dir='ltr'>aliquid</span> <span class='ocrx_word' id='word_1_325' title='bbox 700 4739 855 4806; x_wconf 86' lang='lat' dir='ltr'>absolute</span> <span class='ocrx_word' id='word_1_326' title='bbox 870 4738 1071 4826; x_wconf 85' lang='lat' dir='ltr'>praeoipiens</span> <span class='ocrx_word' id='word_1_327' title='bbox 1090 4744 1124 4804; x_wconf 91' lang='lat' dir='ltr'>et</span> <span class='ocrx_word' id='word_1_328' title='bbox 1143 4739 1295 4822; x_wconf 76' lang='lat' dir='ltr'>legitime</span> <span class='ocrx_word' id='word_1_329' title='bbox 1311 4755 1389 4823; x_wconf 86' lang='lat' dir='ltr'>pro·</span> 
     </span>
    </p>
   </div>
   <div class='ocr_carea' id='block_1_5' title="bbox 0 0 1763 5572">
    <p class='ocr_par' dir='ltr' id='par_1_11' title="bbox 0 0 1763 5572">
     <span class='ocr_line' id='line_1_40' title="bbox 0 0 1763 5572; baseline 0 0"><span class='ocrx_word' id='word_1_330' title='bbox 0 0 1763 5572; x_wconf 95' lang='lat' dir='ltr'> </span> 
     </span>
    </p>
   </div>
  </div>
 </body>
</html>
