3510 5574
429 498 432 506 ι

379 510 437 575 tut
839 519 891 576 tus
912 527 1093 577 cnuourcuu.

378 650 476 713 tertia
496 655 591 732 porte
611 651 784 714 fructuum
804 648 971 712 bencsscii.
990 647 1106 713 Haecce
1129 665 1209 730 pars
1232 655 1285 712 est
1298 647 1499 732 applicanda
1512 645 1554 713 ab

376 757 535 840 episcopo
548 756 698 822 ecclesiae
714 755 770 820 vel
783 755 880 821 alteri
893 755 970 822 loco
983 759 1052 841 pio.

415 867 447 931 2·
456 865 489 930 Si
499 871 578 960 post
591 865 734 932 alteram
744 867 970 932 monitionem
983 884 1053 932 nen
1065 865 1252 949 resipiscat,
1265 881 1306 931 eo
1316 865 1390 950 ipso
1401 868 1555 950 privatur

374 976 539 1042 fructibus
555 975 724 1050 omnibus,
742 981 776 1039 et
793 993 855 1058 pro
875 975 1013 1040 arbitrio
1034 975 1183 1059 episcopi
1203 975 1365 1059 suspendi
1389 975 1491 1042 debet
1511 977 1553 1041 ab

375 1083 668 1148 administratione
685 1083 852 1147 beneficii.
869 1082 947 1148 llaec
969 1101 1052 1165 ergo
1074 1084 1255 1166 suspensio
1277 1101 1348 1148 non
1370 1084 1555 1148 incurritur

374 1195 448 1276 ipso
459 1195 547 1276 jure,
559 1199 598 1255 ut
611 1197 746 1256 constat
759 1211 802 1256 ex
813 1192 897 1274 ipsis
907 1191 1021 1256 verbis
1033 1192 1166 1258 concilii
1181 1191 1367 1257 Tridentini
1377 1213 1385 1268 ;
1396 1193 1467 1257 imo
1480 1193 1554 1258 hae

376 1301 555 1384 suspensio
573 1317 644 1364 non
664 1305 718 1364 est
736 1318 819 1365 vcra
838 1317 942 1384 poena
965 1298 1192 1365 ecclesiastica
1212 1300 1459 1384 suspensionis,
1477 1317 1555 1384 quac

375 1409 532 1474 redderet
543 1408 766 1490 irregularem
776 1407 874 1473 illum
887 1408 944 1492 qui
959 1406 1146 1473 celebraret
1160 1411 1344 1492 antequam
1354 1409 1397 1474 ab
1409 1407 1467 1473 illa
1477 1425 1551 1472 sus-

374 1518 539 1600 pensione
553 1517 727 1582 liberetur.

412 1629 444 1690 3ο
459 1625 491 1689 Si
507 1627 555 1692 ita
569 1643 757 1710 suspensus
772 1626 917 1690 feminas
937 1629 1113 1709 suspectas
1134 1643 1205 1692 uon
1224 1627 1382 1711 expellat,
1398 1633 1457 1692 aut
1474 1645 1553 1693 cum

372 1739 421 1802 eis
435 1741 603 1811 versetur,
621 1739 702 1798 tunc
716 1741 881 1818 perpetuo
896 1735 1051 1818 privatur
1063 1735 1238 1800 benellciis
1258 1741 1293 1800 et
1312 1737 1443 1814 ciliciis,
1462 1742 1497 1801 et
1510 1738 1553 1802 ad

370 1863 411 1910 ea
424 1841 582 1908 inhabilis
604 1841 767 1906 redditur.
784 1841 911 1908 Tamen
933 1843 1078 1926 privatio
1099 1843 1355 1922 beneficiorum,
1372 1847 1460 1910 sicut
1476 1863 1551 1909 sus·
1590 1919 1592 1924 ¹

370 1954 490 2035 pensio
517 1951 559 2016 ab
587 1950 880 2016 administratione
903 1951 1070 2028 beneficii,
1092 1951 1301 2034 probabilius
1326 1959 1379 2016 est
1402 1953 1552 2018 ferendae

370 2061 559 2136 sententiae,
571 2065 610 2123 ut
621 2058 791 2141 colligitur
803 2077 845 2122 ex
859 2057 972 2122 verbis
988 2057 1075 2122 Trid.
1086 2057 1233 2123 Privatio
1249 2065 1364 2125 autem
1377 2061 1550 2126 fructuum

369 2167 443 2250 ipso
469 2171 547 2250 jure
570 2172 605 2231 ct
626 2165 715 2231 iacto
743 2166 937 2230 incurritur.
962 2165 1088 2229 Verum
1114 2167 1219 2230 etiam
1243 2149 1451 2250 probabilius
1481 2187 1550 2234 non

370 2275 507 2355 stringit
524 2275 590 2339 nisi
612 2279 691 2358 post
712 2273 918 2338 sententiam
935 2271 1193 2338 declaratoriam
1214 2275 1377 2352 criminis,
1396 2277 1476 2360 quia
1498 2281 1552 2340 est

369 2401 473 2467 poena
487 2382 702 2458 vindicetiva,
719 2399 796 2465 quaa
811 2381 1004 2462 generatim
1019 2399 1090 2446 non
1107 2381 1236 2463 obligat
1250 2389 1330 2448 ante
1346 2385 1553 2450 sententiam

366 2490 506 2572 judicis3
519 2491 642 2556 deinde
652 2490 844 2554 desumitur
857 2509 900 2553 ex
914 2489 1027 2554 verbis
1040 2489 1141 2566 l'rid.,
1152 2509 1228 2573 quae
1239 2491 1283 2555 ad
1294 2493 1551 2557 exsecutionem

369 2599 549 2681 requirunt
562 2597 790 2662 ministerium
805 2597 966 2680 episcopi.

409 2709 443 2772 4⁰
457 2708 490 2771 Si
502 2709 606 2773 etiam
618 2710 665 2773 sic
674 2709 813 2792 punitis
825 2707 1033 2773 scandalosis
1041 2709 1255 2774 commerciis
1265 2727 1335 2776 non
1344 2709 1549 2786 destiterint,

371 2817 732 2883 excommunicationis
742 2815 965 2899 gladioplecti
977 2815 1113 2880 debent.
1123 2816 1380 2882 Advertendum
1395 2821 1552 2904 estquod

369 2923 1067 3008 hicncnagiturdesimplicifornicatione
1090 2941 1165 3008 quae
1182 2923 1336 2988 habitum
1347 2944 1418 2990 non
1428 2929 1551 2992 consti·
1670 2987 1672 2992 ,
1744 2893 1745 2944 ³

369 3040 496 3111 tueret;
525 3052 606 3098 nam
630 3032 897 3098 haeoiornicatio
912 3031 987 3096 aliis
1012 3031 1125 3114 paenis
1153 3033 1195 3097 ab
1220 3032 1379 3116 episcopo
1394 3033 1551 3098 mulctari

369 3147 492 3225 potest.

409 3251 438 3334 6)
462 3249 553 3331 Quid
577 3251 825 3334 requiraturut
839 3247 1057 3312 incurrantur
1081 3247 1153 3312 ists
1169 3265 1283 3332 poenas
1305 3257 1339 3313 et
1358 3257 1446 3314 recte
1461 3251 1550 3336 inlli-

368 3359 520 3444 qootur?
533 3360 565 3422 l⁰
579 3357 611 3422 Is
633 3359 688 3423 cui
709 3357 875 3438 infligitur
897 3373 1000 3438 prena
1018 3373 1039 3420 a
1057 3353 1144 3419 Trid.
1161 3355 1332 3438 imposita,
1349 3375 1425 3423 esse
1449 3358 1550 3424 debet

367 3485 448 3532 vers
462 3465 735 3541 concubinarius,
762 3463 839 3530 talis
853 3481 990 3547 nempe,
1018 3462 1076 3546 qui
1095 3462 1187 3528 domi
1205 3483 1276 3530 sure
1289 3465 1346 3530 vel
1359 3465 1439 3530 alibi
1453 3471 1550 3532 extra

369 3577 510 3642 domum
525 3601 546 3634 «ι
557 3577 722 3641 feminam
737 3575 801 3639 sibi
815 3575 962 3639 associat
976 3577 1011 3638 ct
1028 3591 1108 3638 cum
1123 3591 1165 3639 ea
1179 3574 1352 3641 assiduam
1366 3582 1550 3642 consuetu-

369 3685 484 3750 dinem
497 3685 602 3748 habet
616 3707 644 3748 ».
663 3683 793 3747 Sufficit
808 3700 891 3763 ergo
906 3681 1097 3746 utclericus
1112 3683 1308 3768 frequentet
1324 3683 1465 3748 domum
1474 3703 1550 3748 mu·

367 3792 459 3857 lieris
481 3796 657 3876 suspectae,
676 3795 711 3855 et
729 3791 807 3855 idco
822 3791 985 3873 frequens
1005 3807 1162 3854 accessus
1176 3791 1218 3856 ad
1239 3791 1420 3857 mulierem
1434 3792 1546 3869 istam,

367 3919 406 3966 ac
424 3901 653 3986 frequentatio
677 3899 800 3964 domus
824 3901 899 3982 ejus
915 3897 1093 3964 constituit
1115 3897 1390 3964 concubinatum.

408 4011 531 4092 Quoad
541 4011 657 4093 forum
672 4011 854 4085 internum,
871 4012 1004 4072 certum
1019 4012 1072 4072 est
1086 4008 1184 4073 illum
1198 4009 1331 4074 absolvi
1347 4028 1417 4076 non
1432 4029 1546 4094 posse,

366 4119 474 4185 donec
488 4119 714 4185 concubinam
722 4117 899 4194 dimiserit,
916 4117 1009 4182 etsie
1021 4117 1322 4202 tollatproximam
1334 4119 1548 4185 occasionem

363 4228 537 4311 peccandi,
553 4233 592 4292 ut
608 4227 691 4292 alias
705 4231 840 4292 constet
862 4244 905 4290 ex
924 4242 1021 4309 prop.
1037 4226 1074 4290 61
1092 4226 1135 4290 ab
1153 4225 1249 4290 Alex.
1265 4225 1332 4304 Vll,
1349 4232 1384 4291 et
1396 4245 1492 4311 prop.
1508 4227 1545 4292 61

364 4341 398 4400 61
413 4337 453 4400 bt
467 4337 510 4401 ab
529 4335 644 4400 lnnoc.
662 4333 705 4397 111
719 4333 900 4399 damnatis.

405 4443 528 4524 Quoad
544 4445 662 4525 serrum
685 4451 876 4523 catomum,
891 4442 1138 4508 concubinatus
1168 4441 1269 4507 debet
1289 4461 1364 4509 esse
1391 4443 1550 4510 notorius

363 4553 568 4617 notorietate
592 4552 672 4616 facti
696 4549 752 4615 vel
765 4550 865 4634 juris,
883 4569 945 4615 seu
959 4549 1060 4634 plene
1081 4550 1256 4632 probatus,
1280 4570 1342 4634 per
1362 4557 1467 4617 testes
1490 4552 1546 4618 vel

364 4660 649 4745 praesumptiones
664 4658 842 4735 violentas,
861 4678 903 4724 ex
925 4658 1056 4722 indiciis
1071 4657 1170 4724 valde
1194 4659 1395 4743 propinquis
1410 4661 1543 4726 delictor
