3504 5572
796 572 848 616 JL'S
868 571 1048 616 damiam.

811 783 971 846 SEC'l'lO
996 784 1039 846 ll.

366 931 414 986 tte
431 930 549 986 ordine
564 943 632 998 qne
647 929 836 984 meunt
849 929 964 994 istut,
979 929 1203 984 ussum
1217 932 1254 982 et
1267 929 1490 982 masma.

476 1107 494 1158 1.
513 1105 575 1167 Qua
588 1103 871 1158 meorumnam
885 1103 967 1158 tiberi
981 1115 1140 1170 summane
1153 1103 1380 1156 deseendentns?

378 1234 844 1317 a,1mmum‚une1negarmi,
855 1253 967 1300 senex
978 1233 1517 1315 logitimomatrimoniouati,sel

339 1341 516 1424 legitimuti
539 1361 601 1426 per
620 1344 834 1428 subsequens
853 1341 1127 1416 matrimonium
1144 1361 1225 1406 nam
1247 1342 1303 1405 isti
1323 1362 1385 1425 per
1400 1345 1517 1409 omnia

339 1451 593 1536 aequiparantur
613 1449 766 1534 legitime
791 1451 891 1516 natis.
914 1451 1038 1516 Parum
1057 1451 1173 1526 reteri,
1191 1469 1236 1516 an
1256 1451 1313 1514 isti
1330 1469 1452 1515 omnes
1473 1470 1517 1516 ex

339 1558 462 1625 eodem
486 1560 705 1626 matrimonio
727 1561 797 1625 nati
820 1561 899 1637 sint,
925 1558 980 1624 sel
1001 1578 1045 1624 ex
1062 1559 1207 1622 diversis
1226 1578 1291 1623 seu
1314 1560 1516 1624 successivis

339 1667 580 1744 matrimoniis;
603 1667 662 1732 tilii
688 1667 890 1748 regulariter
916 1667 1105 1732 sucoedunt
1132 1668 1264 1750 parenti
1291 1686 1355 1732 suo
1381 1686 1426 1732 ex
1448 1686 1516 1751 quo

339 1777 503 1858 procreati
517 1781 613 1856 sunt;
630 1777 733 1854 unde,
748 1797 780 1842 v.
797 1797 830 1859 g.
847 1778 875 1841 si
888 1783 1021 1862 patrem
1035 1795 1257 1842 communem
1269 1777 1428 1852 habeant,
1447 1795 1516 1842 non

341 1901 422 1950 vero
439 1889 595 1962 matrem,
612 1885 800 1950 sueoedunt
820 1903 942 1950 omnes
965 1886 1001 1949 in
1025 1887 1116 1951 bona
1139 1889 1303 1968 paterna:
1319 1885 1367 1950 ita
1377 1887 1436 1967 jus
1449 1885 1514 1948 niv.

340 1999 409 2060 ant.
426 1997 461 2058 et
474 1993 570 2070 lior..
587 1997 649 2060 art.
666 1993 736 2058 itt.
753 1993 891 2072 Tamen,
907 1993 1020 2078 quoad
1042 1993 1130 2058 lilios
1150 2013 1194 2058 ex
1217 1994 1362 2057 diversis
1388 1993 1516 2076 nuptiis

340 2105 544 2186 procreatos,
561 2101 794 2168 adnotandum
812 2103 905 2186 quod
917 2107 1034 2186 posset
1047 2102 1254 2168 intervenire
1269 2107 1407 2186 partum
1421 2101 1517 2166 unio-

341 2209 404 2286 nis,
419 2209 608 2276 seeundum
617 2211 676 2294 jus
689 2209 812 2276 alieubi
824 2215 1011 2294 receptum,
1022 2210 1095 2274 sive
1104 2211 1348 2294 pacificationis
1356 2209 1515 2294 prolium,

340 2337 407 2402 quo
424 2319 513 2386 hona
524 2319 702 2404 utriusque
714 2319 923 2384 matrimonii
937 2321 1282 2386 communicarentur.

380 2425 547 2504 Secundo,
569 2425 628 2490 sslii
643 2426 803 2510 adoptivi,
829 2427 1014 2492 dummodo
1029 2425 1167 2510 adoptio
1186 2431 1277 2492 reete
1293 2427 1381 2492 taeta
1401 2425 1514 2502 fuerit,

337 2535 436 2618 juxta
452 2537 514 2600 art.
530 2534 600 2612 343,
615 2533 676 2600 346
689 2533 768 2600 Cod.
782 2535 846 2600 oiv.

381 2643 436 2710 isti
464 2665 584 2712 ornnes
608 2664 668 2712 seu
691 2645 787 2712 liberi
811 2645 911 2731 primi
935 2647 1061 2729 gradus
1083 2647 1270 2714 suooedunt
1288 2644 1463 2730 aequaliter
1481 2644 1517 2708 in

341 2755 461 2838 capita.

381 2863 410 2943 lr)
426 2863 596 2930 *increatio
625 2863 822 2948 impostoris
849 2865 884 2928 in
906 2865 967 2930 boo
996 2866 1118 2950 produ.
1134 2901 1174 2912 -
1195 2867 1226 2930 l⁰
1246 2862 1318 2928 lilii
1344 2861 1517 2928 naturales

341 2971 569 3038 exeluduntur
582 2973 625 3037 ab
640 2971 734 3038 omni
754 2973 968 3039 suooessione
983 2979 1053 3040 tam
1067 2978 1210 3058 paterne
1228 2991 1332 3058 quam
1350 2975 1514 3045 materna,

338 3079 436 3162 juxta
457 3082 514 3164 jus
535 3079 616 3146 Gall.
634 3081 707 3174 (art.
726 3081 786 3146 756
807 3081 885 3148 Cod.
902 3083 991 3166 riu),
1008 3083 1073 3148 nisi
1094 3081 1214 3164 legalis
1238 3099 1359 3146 eorum
1380 3077 1517 3144 aooedat

340 3189 484 3271 agnitio;
499 3193 572 3254 tum
584 3190 722 3276 aliquod
732 3193 791 3276 jus
805 3193 995 3278 anquirunt.
1013 3193 1079 3258 Sed
1094 3192 1135 3258 de
1148 3195 1237 3276 jure,
1254 3190 1315 3254 ulii
1330 3187 1514 3264 naturales,

341 3297 516 3382 aqualiter
527 3317 605 3366 oum
615 3299 787 3384 legitimis,
802 3304 989 3370 succedunt
1002 3305 1118 3369 matri:
1131 3302 1222 3368 unde
1234 3307 1268 3367 et
1278 3301 1364 3365 aviae
1375 3298 1516 3380 aliisque

342 3427 402 3492 per
416 3407 542 3476 lineam
557 3415 747 3479 maternam
761 3414 1034 3480 ascendentibus.

380 3517 413 3582 l·
429 3516 590 3584 Filiorum
614 3521 833 3600 naturalium,
860 3523 908 3588 sio
931 3523 1138 3605 agniturum,
1164 3525 1221 3604 jus
1244 3517 1446 3586 suooedendi
1469 3517 1518 3581 ita

341 3625 587 3693 determinatur
601 3627 635 3694 in
650 3633 712 3696 art.
727 3631 785 3694 ror
801 3631 879 3697 Cod.
897 3631 961 3696 oiv.
980 3651 987 3693 :
1005 3631 1033 3694 si
1053 3635 1151 3714 pater
1169 3627 1224 3693 vel
1245 3631 1356 3692 mater
1376 3626 1514 3689 deseen-

341 3731 461 3798 ‹lentes
475 3731 646 3816 legitimos
661 3737 818 3816 habeant,
833 3738 924 3803 illius
938 3737 1102 3804 naturalis
1114 3737 1251 3802 tertiam
1260 3741 1398 3820 portem
1415 3732 1518 3798 habe·

342 3841 390 3906 bit
412 3839 501 3908 illius
526 3845 692 3928 portionis
715 3847 937 3914 haereditaria
960 3865 1063 3931 quam
1085 3845 1269 3920 hausisset,
1292 3843 1321 3906 si
1343 3840 1517 3923 legitimus

343 3949 477 4026 larissea
494 3951 520 4016 si
537 3957 634 4036 puter
647 3953 702 4020 vel
722 3958 832 4020 mater
853 3954 966 4020 nullos
989 3952 1234 4018 descendentes
1256 3949 1439 4032 legitimos,
1456 3947 1517 4011 sed

344 4061 475 4122 tantum
496 4061 720 4128 assendentes
741 4061 797 4128 vel
817 4064 939 4130 tratres
961 4067 1021 4146 aut
1039 4079 1174 4127 sorores
1191 4060 1351 4135 habeant,
1367 4057 1517 4122 medinm

339 4173 472 4250 portem
489 4167 592 4232 totius
606 4167 813 4236 haereditetis
827 4171 985 4254 aooipiet;
1002 4169 1030 4234 si
1044 4188 1114 4234 non
1130 4172 1210 4233 sunt
1224 4166 1448 4232 ascendentes
1461 4164 1517 4229 vel

342 4269 599 4354 ‹tessendentss
614 4277 669 4343 vel
692 4278 795 4344 etiam
817 4281 938 4344 iratres
962 4281 1021 4343 aut
1036 4293 1182 4360 sorores,
1197 4280 1304 4341 totam
1326 4275 1389 4338 sibi
1410 4271 1517 4338 vindi-

40 4341 44 4424 l
341 4379 430 4446 oahit
443 4381 688 4464 haereditatem,
706 4385 844 4471 dempta
863 4391 997 4451 tautum
1017 4389 1136 4470 quarta
1149 4387 1256 4467 parte.
1273 4381 1423 4447 Tandem
1437 4380 1517 4444 sim-

343 4487 473 4572 plicitur
500 4493 649 4558 suoeedit
676 4495 761 4578 patri
789 4494 843 4559 vel
867 4493 966 4559 matri
994 4493 1051 4577 qui
1075 4491 1207 4556 nullum
1230 4494 1309 4574 post
1331 4509 1367 4556 se
1390 4490 1516 4554 babent

42 4425 48 4730 l
345 4595 513 4664 inararem
526 4599 560 4666 in
575 4601 682 4682 gradu
700 4603 907 4668 suecessihili
924 4621 931 4664 :
948 4601 995 4666 ita
1006 4606 1069 4666 art.
1084 4601 1153 4664 758.

46 4741 60 5257 q
383 4705 414 4768 3⁰
432 4705 637 4774 adulterinis
652 4711 707 4777 vel
722 4711 925 4779 inoesluosis
947 4709 1040 4778 nulla
1055 4727 1133 4793 pars
1152 4707 1350 4775 oonoeditur
1363 4707 1398 4774 in
1412 4706 1516 4770 hera-
