3488 5568
542 563 630 608 111111
652 565 779 612 rannus
801 566 1021 612 oscnsrnnuu.
1312 550 1371 614 did

235 677 331 744 Ratio
346 685 408 756 est,
427 681 506 766 quia
526 700 625 748 mens
647 687 851 749 testatorum
876 690 910 749 et
931 685 1076 750 aliorum
1091 685 1370 752 beneficiatorum

194 806 215 851 a
229 787 351 871 quihus
365 795 553 872 proventus
566 789 614 856 illi
626 791 733 856 relicti
744 797 834 870 sunt,
850 813 920 859 non
930 793 1066 858 videtur
1074 793 1179 858 fuisse
1189 791 1254 858 alia
1268 811 1371 876 quam

193 899 231 958 ut
245 895 480 962 anniversaria
492 902 527 962 et
539 897 652 962 misse
665 901 765 982 juxta
783 901 936 984 ipsorum
949 901 1186 985 prescriptum
1199 901 1372 966 celebren-

193 1005 259 1078 tur,
287 1003 437 1086 quandiu
452 1023 567 1068 rerum
583 1011 692 1071 status
717 1013 751 1072 et
774 1009 1037 1074 circumstantiae
1051 1028 1121 1074 non
1134 1013 1320 1084 mutantur,
1338 1013 1373 1073 et

193 1116 381 1194 proventus
400 1111 443 1176 ad
458 1131 498 1176 ea
510 1113 617 1178 relicti
631 1115 865 1198 percipiuntur
882 1121 916 1181 et
934 1117 1142 1182 sufficientes
1153 1122 1243 1182 sunt.
1261 1118 1371 1194 Quare

189 1217 290 1298 juxta
309 1217 452 1302 aliquos,
476 1219 624 1306 episcopi
639 1227 780 1306 possent
794 1223 967 1302 reducere,
993 1225 1096 1290 etiam
1118 1223 1191 1288 sine
1212 1223 1371 1288 facultate

193 1309 275 1409 ipsis
297 1326 378 1390 olim
399 1328 489 1393 facta
508 1348 529 1393 a
547 1347 641 1396 conc.
665 1329 767 1408 Trid,
783 1349 859 1415 quae
875 1331 957 1397 alies
980 1332 1082 1403 hodie
1107 1331 1239 1396 sublata
1253 1336 1315 1398 est.
1331 1331 1373 1394 dt

192 1433 269 1496 vide
284 1432 387 1498 dubia
401 1435 489 1501 infra
506 1437 680 1503 solvenda.

233 1540 298 1604 Sed
314 1541 353 1617 si,
371 1560 441 1607 non
465 1546 622 1611 obstante
639 1547 876 1624 diminutione,
903 1552 1107 1612 consuetum
1122 1551 1299 1612 remaneat
1314 1547 1372 1610 sti-

192 1647 355 1730 pendium
376 1669 438 1734 pro
461 1652 575 1718 missis
594 1654 779 1738 perpetuis,
806 1655 1067 1720 diminuendam
1081 1673 1151 1719 non
1173 1658 1265 1718 esset
1283 1671 1371 1718 onus

191 1756 386 1833 missarum,
412 1763 446 1823 et
472 1759 652 1845 episcopus
675 1781 745 1831 non
768 1768 886 1846 posset
909 1763 959 1826 uti
980 1761 1140 1827 facultate
1165 1761 1369 1836 Tridentino,

191 1883 267 1946 quae
283 1863 366 1930 alias
382 1884 425 1930 ex
439 1866 576 1934 decreto
590 1867 622 1932 S.
641 1867 761 1951 Congr.
780 1868 879 1934 Cone.
897 1869 1083 1953 approbato
1096 1870 1138 1933 ab
1153 1868 1286 1932 Urbano
1303 1867 1372 1930 Vlll

191 1977 226 2036 et
240 1978 361 2056 postea
375 1976 418 2040 ab
432 1975 505 2040 lnn.
523 1975 591 2053 llll,
608 1982 716 2042 const.
735 1976 862 2062 Nuper,
883 1977 995 2043 ablata
1015 1977 1090 2040 fuit.
1104 1975 1181 2040 llaec
1201 1975 1371 2040 distinctio

191 2079 279 2144 inter
301 2081 454 2146 redditus
477 2085 685 2150 sufficientes
711 2084 767 2148 vel
788 2085 1034 2150 insufficientes
1056 2083 1192 2148 videtur
1216 2083 1372 2166 opposita

189 2185 327 2254 laudato
343 2189 480 2256 decreto
494 2195 526 2257 S.
542 2190 663 2273 Congr.
681 2191 793 2268 Cone,
811 2196 849 2256 ut
863 2192 952 2256 infra
966 2191 1105 2256 dicetur.

500 2389 532 2438 11.
550 2389 589 2439 De
604 2385 771 2441 reductione
785 2387 881 2440 onarts
894 2387 1055 2440 missarum.

232 2524 264 2604 a)
291 2522 404 2588 Causa
429 2533 462 2588 et
470 2533 623 2628 potestas
645 2525 810 2610 requisita
833 2525 881 2590 ad
894 2525 1134 2590 reductionem.
1158 2527 1189 2588 1ο
1205 2525 1310 2591 Variis
1326 2525 1368 2592 de

190 2631 301 2696 causis
326 2631 478 2696 deveniri
497 2637 612 2718 potest
632 2633 676 2698 ad
698 2631 934 2699 reductionem
957 2654 964 2696 ε
989 2633 1125 2720 quando
1146 2633 1365 2716 stipendium,

190 2741 233 2804 ob
262 2740 525 2807 diminutionem
553 2743 679 2807 factam
704 2741 760 2807 vel
788 2746 927 2826 propter
954 2746 1179 2824 augmentum
1208 2742 1368 2824 stipendii

189 2849 367 2927 currentis,
383 2869 453 2916 non
473 2851 620 2934 amplius
635 2851 820 2936 respondet
835 2851 950 2926 oneri;
966 2849 1101 2926 deinde,
1111 2849 1247 2932 quando
1263 2849 1369 2914 eccle-

190 2957 240 3021 sia
265 2957 321 3023 vel
343 2960 592 3026 monasterium
616 2979 660 3026 ex
684 2961 820 3026 defectu
837 2959 1054 3024 sacerdotum
1073 2959 1193 3042 nequit
1208 2957 1367 3042 deinceps

188 3065 374 3149 adimplere
386 3069 692 3134 omniamissnrum
700 3087 816 3146 onera,
827 3067 992 3153 quidquid
1002 3067 1092 3133 sitde
1101 3085 1204 3133 causa
1214 3069 1366 3151 ahquam

188 3171 349 3238 deficiunt
363 3176 600 3242 sacerdotesiu
609 3177 751 3242 ecclesia
765 3176 821 3242 vel
834 3177 1055 3255 monasterio,
1070 3175 1231 3241 oneribus
1245 3176 1366 3240 missa-

187 3300 264 3346 rum
277 3289 438 3365 gravat03
456 3286 593 3370 quando
607 3286 760 3351 redditus
775 3285 925 3350 ecclesiae
943 3283 999 3348 trel
1013 3283 1211 3349 monasterii
1226 3289 1307 3348 sunt
1320 3285 1367 3348 ita

187 3389 370 3468 imminuti,
388 3391 445 3456 vel
469 3411 628 3476 expensae
649 3394 850 3458 necessariae
867 3392 911 3457 ad
931 3391 1061 3456 victum
1083 3391 1169 3456 adeo
1184 3395 1303 3466 auctae,
1328 3395 1367 3454 ut

188 3499 281 3565 nullo
304 3499 407 3564 modo
430 3501 539 3583 possit
567 3501 740 3565 subveniri
765 3500 925 3584 expensis
953 3499 1176 3574 necessariis;
1206 3497 1363 3582 denique,

188 3607 323 3691 quando
339 3605 406 3672 alia
418 3607 578 3690 quaelibet
597 3613 697 3688 urget
712 3607 898 3672 necessitas
911 3607 1046 3672 fabrica
1062 3605 1211 3671 ecclesiae
1225 3604 1282 3670 vel
1293 3622 1366 3669 mo·

187 3715 337 3780 nasterii.

227 3825 259 3886 2⁰
273 3823 427 3888 Potestas
440 3823 624 3890 reducendi
640 3823 762 3888 missas
776 3823 878 3888 hodie
894 3828 947 3886 est
955 3822 1028 3888 sola
1037 3822 1142 3887 Sedes
1153 3821 1362 3906 Apostolus:
1393 3909 1397 3918 ι

187 3935 229 3998 ab
253 3933 420 4016 episcopis
443 3951 534 3997 nunc
553 3934 627 3996 fleri
648 3933 776 4015 nequit,
804 3937 842 3996 ut
865 3937 959 4014 patet
973 3951 1015 3996 ex
1032 3931 1167 3996 decreto
1190 3929 1222 3994 S.
1241 3929 1362 4012 Gongr.

187 4041 286 4106 (lonc.
307 4041 397 4106 edite
410 4043 508 4124 jussu
523 4041 648 4107 Urbani
662 4040 732 4104 VIII
747 4045 781 4105 et
795 4042 997 4106 confirmato
1011 4041 1054 4107 ab
1069 4040 1142 4104 lnn.
1162 4038 1230 4102 llll.
1247 4038 1285 4102 ln
1300 4039 1365 4105 hoc

188 4149 323 4215 decreto
345 4149 495 4216 districte
516 4151 717 4234 prohibetur
739 4169 782 4215 ne
805 4150 953 4234 episcopi
968 4149 1004 4214 in
1025 4149 1219 4215 dioeoesana
1233 4148 1364 4231 synodo

187 4263 246 4322 aut
268 4259 446 4340 generales
471 4261 507 4324 in
531 4259 687 4344 capitulis
708 4257 936 4342 generalibus,
961 4257 1019 4324 vel
1044 4257 1127 4322 alins
1147 4273 1363 4342 quocumque

119 4453 122 4460 .
186 4366 301 4444 modo,
319 4367 482 4436 reducant
496 4387 601 4434 onera
622 4367 691 4434 ulla
705 4367 888 4432 missarum
902 4365 1193 4440 celebrandarum,
1210 4369 1270 4430 eut
1288 4368 1366 4448 post

185 4473 278 4540 idem
298 4475 479 4542 concilium
501 4477 672 4562 imposita,
696 4481 756 4542 aut
778 4476 814 4541 in
836 4476 954 4540 limine
975 4473 1184 4540 fundationis
1200 4495 1207 4550 ;
1224 4471 1284 4538 sed
1303 4489 1364 4555 pra

184 4582 237 4646 his
260 4585 419 4650 omnibus
445 4585 648 4650 reducendis
661 4591 720 4680 aut
733 4583 952 4652 moderandis
968 4583 1024 4648 vel
1037 4580 1302 4655 commutandis,
1321 4579 1366 4644 ad

184 4687 412 4772 apostolicam
441 4691 563 4760 Sedem
594 4699 824 4760 recurratur...
854 4691 1004 4775 alioquin
1029 4690 1261 4765 reductiones,
1292 4705 1364 4753 mo-

348 4819 381 4864 n.
1163 4798 1203 4862 35
