3504 5566
314 921 507 1037 LIBER
536 919 816 1038 TERTIUS
848 913 1318 1034 DECRETALIUM

730 1205 774 1268 DE
792 1204 902 1268 uteo

696 1461 935 1474 m

641 1749 981 1826 PROOEMIUM.

264 1960 375 2025 Primo
390 1961 486 2036 libro,
504 1960 539 2022 in
561 1975 628 2042 quo
644 1961 758 2022 actum
774 1963 827 2021 est
841 1958 883 2022 de
899 1959 1046 2041 praelatis
1063 1965 1097 2023 et
1108 1959 1280 2041 jndicibus
1300 1960 1404 2024 cocle·
1534 1949 1538 1958 ’

223 2071 377 2147 siasticis,
395 2075 429 2132 et
443 2068 605 2142 secundo,
620 2067 678 2152 qui
690 2072 743 2132 est
756 2067 798 2132 de
809 2067 947 2151 judiciis
960 2087 1021 2134 seu
1037 2069 1078 2134 de
1090 2087 1252 2153 processu
1262 2069 1405 2152 judicia-

222 2180 283 2256 rio‚
308 2179 521 2244 subnectitur
540 2179 673 2254 tertius,
690 2179 726 2241 ln
741 2196 809 2263 quo
825 2178 867 2242 de
882 2179 973 2244 clero
988 2179 1179 2260 generatim
1194 2179 1317 2262 agitur.
1335 2178 1404 2242 Sub

221 2289 360 2354 nomine
386 2289 466 2354 cleri
501 2289 557 2353 bic
585 2289 739 2366 veniunt,
769 2306 839 2353 non
861 2289 965 2354 modo
991 2288 1104 2354 clerici
1130 2289 1268 2374 proprio
1299 2307 1402 2353 sensu

222 2399 358 2481 sumpti,
380 2397 559 2462 sedetiam
586 2414 707 2461 omnes
721 2414 877 2482 personae
899 2415 974 2482 quse
993 2397 1064 2463 Deo
1080 2396 1271 2481 specialiter
1285 2396 1403 2462 dicate

222 2511 312 2571 sunt.
343 2505 497 2571 Praesens
526 2523 609 2588 ergo
636 2504 724 2570 liber
750 2509 873 2572 tractat
899 2505 940 2570 de
968 2505 1099 2570 clericis
1128 2510 1162 2570 et
1189 2504 1403 2587 regularibus

223 2613 400 2696 utriusque
434 2630 552 2682 sexus,
579 2611 772 2694 horumque
811 2610 1077 2692 obligationibus
1108 2615 1144 2675 ct
1171 2611 1293 2684 rebus,
1320 2614 1404 2694 puta

221 2720 405 2798 beneflciis,
423 2719 574 2795 decimis,
591 2717 753 2796 ecclesiis,
770 2723 833 2784 etc.
852 2719 1014 2797 Quamvis
1032 2721 1185 2786 materia
1200 2738 1271 2784 non
1285 2737 1402 2802 paucae

220 2830 397 2914 presentis
415 2828 491 2892 libri
511 2844 713 2893 communes
727 2827 796 2892 sint
810 2828 914 2893 etiam
927 2827 1033 2904 laicis,
1050 2829 1130 2912 quia
1144 2831 1261 2894 tamen
1276 2827 1402 2892 directe

221 2943 255 3002 et
266 2937 497 3023 principaliter
511 2941 658 3018 tangunt
671 2935 823 3012 elericos,
838 2937 916 3002 ideo
930 2955 1082 3021 praesens
1097 2935 1184 3002 liber
1198 2936 1353 3020 apotiori
1369 2941 1404 2999 et

221 3047 365 3129 digniori
380 3045 576 3109 inscribitur
589 3043 631 3108 de
646 3043 753 3110 Claro.

258 3155 356 3220 biber
371 3154 492 3218 tertius
505 3152 732 3217 Decretalium
747 3153 781 3217 in
799 3155 949 3238 quinque
967 3159 1081 3237 partes
1099 3153 1280 3218 commode
1300 3153 1404 3218 dividi

220 3268 333 3346 potest
348 3283 354 3325 :
370 3262 480 3346 prima
494 3261 647 3325 continet
658 3265 754 3326 actus
770 3265 805 3325 et
819 3261 1046 3343 obligationes
1062 3261 1263 3326 clericorum
1273 3279 1404 3344 respec-

221 3373 288 3437 tive
312 3372 354 3437 ad
379 3371 546 3435 beneficia
565 3371 739 3454 quaeipsis
760 3371 1003 3446 conferuntur;
1030 3371 1122 3435 unde
1145 3371 1216 3452 agit
1230 3370 1271 3435 de
1295 3371 1404 3434 causis

225 3479 469 3560 beneficialibus
493 3479 619 3561 (1-x1u);
649 3479 799 3543 secunda
828 3478 991 3562 expendit
1015 3477 1216 3542 clericorum
1243 3482 1343 3560 pacta
1370 3483 1405 3542 et

221 3593 427 3664 contractus,
444 3607 506 3652 seu
521 3588 712 3669 generatim
735 3591 787 3652 est
806 3587 848 3652 de
867 3587 1287 3670 contractibus(x1v-xx1v);
1305 3588 1405 3651 tertia

223 3702 344 3763 tractat
354 3699 395 3762 dc
408 3699 603 3762 clericorum
615 3697 764 3762 dominic
775 3705 808 3762 et
817 3697 1079 3778 caetcrt'sjoribus
1090 3698 1273 3778 (xxv-mg
1284 3701 1404 3779 quarta

224 3807 265 3870 de
285 3807 496 3890 repertorium
522 3813 635 3884 statu,
653 3805 789 3887 juribus
811 3805 1136 3888 oclipationtcusqce
1157 3807 1401 3887 (xxxr-xxxvrrl;

225 3915 362 3980 tandem
391 3915 509 3999 quinta
534 3915 715 3998 perpendit
737 3917 827 3997 jura,
855 3913 1034 3997 privilegia
1060 3919 1094 3978 et
1123 3919 1219 3977 actus
1246 3933 1322 3996 quae
1349 3911 1403 3977 vel

224 4025 366 4090 ecclesiis
383 4031 587 4110 competunt,
603 4023 658 4089 vel
673 4025 708 4088 ic
721 4025 839 4088 iisdem
852 4031 1048 4087 exercentur
1062 4023 1307 4105 (xxxvnr-xux).

677 4367 947 4380 *w
