3498 5572
368 507 429 572 tte
829 527 881 572 sus
901 527 1083 574 maomcmr.

368 643 537 718 voventis,
554 660 624 707 non
638 641 683 704 sit
695 641 791 706 locus
806 641 1007 723 obligationi
1021 643 1130 724 gravi,
1147 641 1285 725 quando
1302 641 1476 723 obJ'ectum
1504 645 1557 703 est

368 749 456 828 leve,
472 751 538 814 nisi
553 749 648 826 illud,
669 769 712 814 ex
725 750 1001 826 circumstantiis,
1018 751 1078 816 ssat
1093 769 1210 832 grave.
1231 749 1358 814 Tamen

409 859 442 921 2·
470 857 599 940 Aliquis
626 861 740 940 potest
766 858 802 920 in
831 859 975 924 materia
1000 859 1096 940 gravi
1112 877 1149 922 se
1166 858 1317 939 obbgare
1334 859 1398 921 sub
1413 855 1554 926 veniali:

371 985 451 1031 nam
464 972 595 1042 votum,
611 983 691 1030 oum
708 967 752 1030 sit
770 966 827 1032 lex
841 969 975 1052 privata
995 969 1166 1045 voventis,
1191 968 1436 1048 obligationem
1457 983 1555 1030 suam

370 1075 475 1138 sumit
489 1075 592 1138 etiam
609 1074 652 1139 ab
664 1075 855 1140 intentione
869 1077 1038 1152 voventis,
1057 1081 1092 1140 et
1104 1095 1176 1140 non
1190 1081 1325 1140 tantum
1349 1095 1370 1139 a
1388 1075 1554 1156 gravitate

369 1185 541 1260 materiae;
565 1191 773 1268 quapropter
791 1192 1092 1250 commensuratur
1114 1186 1268 1250 materiae
1287 1186 1395 1265 gravi,
1418 1184 1554 1267 quando

369 1311 440 1356 non
453 1298 587 1356 constat
601 1292 643 1356 de
656 1293 848 1358 intentione
862 1293 1036 1358 mitiorem
1051 1293 1215 1358 reddente
1231 1273 1487 1374 obligationem.

410 1399 441 1482 b)
468 1400 637 1484 Oblipatt'o
663 1401 736 1463 voti
753 1400 857 1465 dubii.
881 1403 913 1464 l·
940 1400 972 1464 Si
996 1401 1138 1466 dubium
1161 1407 1320 1465 versatur
1343 1400 1432 1464 circa
1447 1402 1556 1483 ipsam

369 1510 586 1574 existentiam
605 1510 687 1586 voti,
709 1529 771 1574 seu
791 1511 831 1584 si,
852 1509 1074 1594 inquisitione
1100 1511 1282 1594 diligenter
1299 1512 1396 1586 lacta,
1422 1508 1556 1573 dubites

370 1637 415 1682 an
439 1617 587 1692 voveris,
617 1616 673 1682 vel
689 1635 734 1682 an
756 1623 878 1682 votum
902 1623 962 1682 aut
989 1637 1124 1682 merum
1146 1619 1360 1702 propositum
1387 1618 1553 1692 emiseris,

369 1730 489 1790 votum
505 1730 667 1790 censetur
679 1724 824 1801 nullum,
842 1745 904 1789 seu
922 1727 964 1791 ad
988 1729 1064 1808 ejus
1091 1727 1368 1790 observationem
1397 1725 1555 1788 dubitans

370 1853 440 1898 non
470 1837 616 1908 tenetur,
643 1833 723 1916 quia
750 1833 785 1897 in
807 1833 914 1900 dubio
937 1834 1135 1900 meliorest
1160 1833 1311 1898 conditio
1330 1833 1553 1915 possidentis;

370 1960 472 2026 porro
487 1943 522 2006 in
539 1943 604 2006 boc
617 1959 699 2006 casu
712 1941 873 2006 voluntas
887 1942 1041 2024 possidet
1054 1958 1153 2008 snam
1167 1941 1370 2006 libertatem.

409 2051 443 2114 θ’
456 2049 490 2114 Si
505 2055 625 2114 votum
639 2055 733 2114 certo
747 2049 851 2114 fuerit
866 2050 1042 2128 emissum,
1061 2055 1096 2114 et
1115 2049 1260 2116 dubium
1286 2055 1444 2115 versetur
1468 2049 1557 2112 circs

372 2157 581 2222 validitatem
602 2157 694 2233 voti;
711 2175 744 2219 v.
765 2175 799 2237 g.
820 2156 955 2220 dubitas
979 2175 1023 2222 an
1046 2157 1206 2222 habueris
1235 2157 1392 2220 animum
1416 2161 1449 2220 te
1475 2155 1556 2219 obli-

371 2260 486 2342 gandi,
517 2259 798 2324 deliberationem
825 2259 1064 2336 sufficientem,
1092 2265 1169 2334 etc,
1187 2261 1314 2343 pariter
1340 2265 1461 2324 votum
1485 2275 1557 2323 nou

372 2367 510 2449 obligat,
526 2371 600 2431 tum
611 2368 691 2450 quia
705 2367 798 2430 idem
812 2372 863 2432 est
884 2367 1039 2431 dubitare
1060 2368 1102 2432 de
1126 2369 1241 2432 animo
1268 2387 1304 2431 se
1325 2365 1497 2448 obligandi
1518 2383 1558 2430 ac

372 2475 527 2540 dubitare
556 2476 597 2539 de
619 2476 693 2558 ipso
717 2479 810 2550 voto,
842 2480 917 2540 tum
942 2475 1021 2559 quia
1046 2476 1082 2539 in
1110 2477 1174 2540 hoc
1193 2495 1274 2541 casu
1290 2475 1442 2558 possidet
1454 2475 1557 2538 etiam

372 2583 521 2648 libertas.
552 2581 618 2647 Sed
643 2583 679 2647 in
706 2583 813 2665 praxi,
845 2583 980 2648 difficile
1009 2589 1062 2648 est
1081 2583 1310 2648 determinare
1326 2601 1369 2647 an
1384 2583 1557 2646 sulssciens

372 2691 475 2755 luerit
488 2689 698 2769 deliberatio,
715 2709 776 2755 seu
791 2709 836 2756 an
851 2697 972 2757 votum
986 2694 1030 2757 sit
1044 2692 1233 2758 invalidum
1248 2711 1291 2756 ex
1307 2691 1441 2756 delectu
1464 2691 1558 2755 sum-

373 2799 493 2862 cientis
504 2798 768 2864 deliberationis.

413 2909 445 2970 3⁰
460 2907 494 2970 Si
502 2913 622 2971 votum
633 2907 737 2971 fucrit
746 2909 857 2974 valide
869 2911 1044 2984 emissum,
1057 2914 1091 2973 et
1101 2909 1243 2973 dubium
1254 2914 1412 2972 versetur
1424 2912 1557 2972 tantum

373 3015 462 3080 circa
475 3015 644 3080 actualem
657 3015 901 3097 obligationem
912 3017 1087 3100 implendi,
1097 3017 1288 3098 generatim
1299 3017 1409 3081 adbuc
1423 3016 1559 3096 stringit

374 3127 505 3198 votum,
529 3123 609 3205 quia
637 3123 767 3187 tamdiu
789 3123 911 3208 aliquis
926 3126 1141 3190 convincitur
1154 3124 1289 3199 debere,
1308 3123 1471 3206 quamdiu
1488 3141 1557 3186 non

373 3229 495 3312 probat
517 3247 554 3292 se
574 3229 727 3294 debitum
753 3231 951 3296 exsolvisse.
977 3231 1104 3296 Tamen
1130 3231 1164 3294 id
1188 3230 1315 3314 pendet
1328 3249 1371 3294 ex
1388 3236 1510 3294 natura
1524 3235 1558 3294 et

374 3335 541 3417 gravitate
570 3336 876 3421 iudiciorumque
914 3357 976 3422 pro
1006 3339 1224 3421 exemptione
1260 3338 1331 3402 voti
1356 3336 1554 3412 militarent,

374 3448 476 3526 atque
491 3461 552 3526 pro
575 3443 650 3508 foro
671 3445 805 3509 interno
829 3445 917 3510 redit
940 3445 998 3510 illa
1018 3447 1166 3512 varietas
1194 3449 1454 3522 sententiarum,
1481 3467 1556 3530 quae

374 3550 519 3614 babetur
533 3549 621 3614 circa
634 3551 832 3632 generalem
847 3553 1074 3636 quaestionem
1089 3555 1130 3618 de
1145 3554 1311 3637 probabili
1327 3555 1557 3620 satisfactione

375 3655 593 3738 obligationis
605 3664 717 3722 certae.

416 3765 442 3846 c)
470 3763 594 3829 Votum
622 3766 684 3843 rei,
716 3766 828 3849 quoad
858 3769 1083 3850 quantitatem
1112 3774 1146 3834 et
1178 3769 1376 3855 qualitatem
1411 3769 1559 3835 indeter-

376 3871 525 3948 minate,

417 3981 448 4042 1ο
465 3978 569 4056 Valet,
585 3980 664 4063 quia
679 3985 732 4046 est
746 3979 788 4046 de
801 3999 838 4046 re
850 3982 996 4048 honesta
1006 3983 1212 4066 etpossibiti,
1224 3989 1258 4048 et
1268 3985 1345 4049 ideo
1357 3985 1559 4050 incertitudo

378 4088 413 4151 in
429 4089 618 4172 quantitate
635 4089 690 4152 vel
706 4089 867 4173 qualitate
883 4109 953 4154 non
968 4092 1075 4156 officit
1088 4091 1152 4174 ipsi
1164 4097 1256 4157 voto.

418 4197 450 4259 qt
465 4196 514 4259 Ad
528 4198 603 4279 ejus
617 4195 853 4278 impletionem
869 4199 1004 4275 suflicit,
1022 4205 1060 4262 ut
1082 4219 1138 4264 res
1164 4205 1346 4283 praestetur
1369 4202 1404 4264 in
1429 4203 1561 4286 quanti-

381 4308 448 4368 tate
465 4303 549 4381 utili,
567 4305 671 4368 etiam
685 4305 837 4383 minima,
854 4326 919 4372 nec
932 4327 1064 4372 vovens
1085 4309 1256 4390 obligatur
1276 4309 1318 4374 ad
1333 4311 1560 4392 praestandam

379 4415 546 4494 majorem
566 4413 792 4495 quantitatem
815 4414 871 4480 vel
898 4417 1096 4500 qualitatem
1121 4418 1321 4495 meliore1n;
1349 4420 1560 4502 quiavotum

380 4522 492 4586 solum
507 4523 635 4604 obligat
648 4529 686 4586 ut
699 4526 907 4606 promissum
922 4533 1089 4607 servetur,
1102 4529 1194 4612 quod
1210 4529 1377 4595 verisscari
1392 4533 1515 4613 potest,
1532 4529 1561 4592 si

380 4629 415 4694 in
430 4630 571 4695 minima
585 4631 773 4712 quantitate
789 4634 862 4697 utili
875 4635 1068 4717 impleatur.
