3510 5574
383 585 444 652 236
497 631 500 636 ,
843 604 894 651 rus
914 602 1096 652 oenomaum

423 723 456 788 θ’
470 721 634 790 Dicuntur
656 721 786 812 prima,
808 721 888 806 quia
911 725 992 787 aunt
1014 721 1126 805 prima
1146 720 1266 806 petitio
1283 722 1508 806 imperatoris,
1528 727 1563 788 et

384 832 564 914 primaria,
582 829 663 915 quia
676 831 904 914 praeleruntur
917 831 1089 896 collationi
1104 830 1250 896 aliorum
1263 829 1475 898 collatorum.

358 995 360 1000 .
422 941 455 1004 3·
469 938 546 1004 lstae
567 939 686 1023 primae
707 956 826 1022 preces
843 937 918 1004 aliis
946 937 1060 1004 verbis
1089 938 1248 1004 dicuntur
1267 939 1326 1022 jus
1350 939 1559 1015 nominandi,

384 1051 419 1112 et
432 1048 629 1113 nominatus
644 1050 786 1112 vocatur
795 1049 953 1134 precirta.

422 1153 627 1238 Imperator,
651 1159 834 1240 postquam
861 1173 969 1220 unum
997 1155 1202 1230 nominavit,
1228 1173 1265 1220 re
1291 1155 1425 1236 integra
1450 1161 1563 1239 potest

383 1263 514 1328 variare
538 1267 573 1327 et
596 1261 702 1328 alium
728 1264 923 1338 nominare3
949 1281 1031 1328 nam
1054 1281 1117 1348 per
1144 1261 1248 1329 talem
1275 1263 1559 1340 nominationem,

379 1373 437 1454 jus
456 1369 589 1436 nullum
610 1371 787 1436 nominato
809 1371 1015 1456 acquisitum
1034 1375 1096 1436 est.
1111 1371 1177 1436 Res
1201 1375 1317 1436 autem
1339 1371 1463 1436 desinit
1485 1390 1561 1436 esse

384 1477 529 1562 integra,
556 1496 637 1544 cum
659 1478 881 1562 imploratum
906 1482 960 1543 est
983 1479 1134 1544 cilicium
1155 1479 1365 1544 exsecutoris
1390 1483 1450 1544 aut
1464 1479 1563 1548 colla-

383 1587 478 1652 toris.
1165 1637 1169 1646 .

423 1695 453 1778 b)
467 1696 510 1759 dt
532 1694 741 1760 considerari
764 1695 940 1780 speciatim
961 1694 1064 1760 dehet
1089 1695 1209 1762 ultima
1234 1697 1442 1763 definitionis
1470 1715 1558 1780 pars,

382 1805 418 1868 in
443 1823 511 1888 qua
537 1801 659 1868 dicitur
684 1803 957 1869 nominationem
981 1809 1176 1890 competere
1205 1823 1249 1870 ex
1269 1805 1401 1870 indulto
1426 1811 1561 1890 aposto-

382 1911 458 1978 lico.
481 1911 574 1976 doris
590 1911 682 1976 enim
704 1911 746 1976 de
765 1913 843 1995 J'ure
857 1913 1030 1996 primario,
1052 1931 1120 1998 quo
1141 1931 1260 1997 preces
1281 1913 1347 1979 illae
1364 1913 1561 1997 imperatori

382 2024 592 2106 competunt,
609 2019 808 2102 disceptatio
832 2023 885 2084 est
905 2020 995 2084 inter
1016 2021 1200 2088 catholicos
1219 2027 1254 2087 et
1268 2021 1482 2088 acatholicos.
1498 2021 1562 2086 Vo-

382 2127 459 2194 lunt
474 2127 567 2192 enim
580 2127 788 2211 posteriores
801 2128 867 2193 hoc
876 2129 934 2210 jus
951 2128 1166 2212 imperatoris
1183 2135 1378 2214 competere
1400 2110 1449 2195 ab'
1460 2129 1562 2194 insita

383 2253 454 2302 suae
478 2253 633 2319 personae
654 2253 716 2320 per
739 2235 942 2300 electionem
963 2239 1155 2320 majestate,
1172 2237 1220 2304 ita
1241 2241 1279 2301 ut
1294 2236 1389 2301 nullo
1411 2237 1562 2318 indigeat

382 2343 513 2410 adhoc
539 2343 676 2410 aliunde
704 2349 843 2428 accepto
870 2343 1003 2411 indulto
1030 2345 1086 2410 vel
1113 2345 1329 2412 adminiculo.
1351 2346 1562 2430 Quapropter

379 2455 457 2537 jure
484 2453 670 2535 originario
694 2457 729 2517 et
751 2471 821 2518 non
845 2453 997 2519 derivato
1020 2455 1093 2520 haec
1115 2454 1258 2520 facultas
1282 2455 1313 2520 ei
1335 2457 1556 2538 competeret.

381 2560 451 2626 lloc
469 2577 551 2626 vero
578 2560 703 2626 salsum
727 2567 794 2638 est,
815 2567 854 2626 ut
877 2567 1022 2642 constat,
1047 2568 1122 2628 tum
1145 2581 1188 2628 ex
1211 2563 1295 2650 ipsis
1321 2562 1560 2646 diplomatibus

383 2691 522 2756 precum
536 2674 786 2757 primariorum,
804 2679 878 2739 tum
900 2693 943 2740 ex
965 2675 1066 2740 bullis
1085 2675 1278 2760 pontificiis,
1296 2679 1369 2741 tum
1393 2693 1436 2740 ex
1457 2673 1560 2740 variis

383 2781 547 2846 limitibus
570 2781 692 2866 quibus
716 2781 896 2848 Pontiilces
914 2787 971 2868 jus
989 2784 1072 2849 illud
1093 2784 1344 2862 concluserunt,
1361 2783 1434 2848 sive
1449 2781 1560 2866 quoad

383 2888 511 2965 locum,
535 2889 607 2955 siva
636 2889 749 2975 quoad
769 2871 960 2970 collatores,
984 2893 1056 2956 sive
1079 2893 1193 2977 quoad
1214 2891 1394 2968 beneflcia3
1418 2893 1491 2954 tum
1506 2889 1561 2953 de-

384 2997 486 3081 nique
510 3015 554 3062 ex
568 2999 675 3082 praxi.
706 2997 884 3076 catorum,
911 3003 970 3083 jus
991 2999 1087 3079 illud,
1114 3017 1194 3065 cum
1218 2999 1461 3065 antecedenter
1479 3015 1559 3062 con-

383 3125 512 3172 nexum
525 3107 570 3172 sit
590 3109 767 3192 spirituali,
784 3111 939 3196 sequitur
954 3115 1113 3178 naturam
1128 3113 1214 3196 ejus.
1230 3109 1419 3194 lmperator
1432 3111 1558 3180 autem,

383 3218 422 3279 ut
433 3215 549 3294 laicum,
564 3218 652 3301 juria
667 3219 850 3302 spiritualis
865 3226 918 3286 est
931 3221 1085 3304 incapax.

813 3612 1026 3688 TITULUS
1061 3613 1125 3688 Vl.

568 3786 610 3832 DE
637 3787 786 3835 clearco
808 3788 1028 3836 EGROTANTE
1054 3791 1119 3836 VEL
1145 3788 1371 3836 DEBlLlTATO.

425 4087 507 4154 Cum
522 4092 727 4160 henetlcium
750 4096 850 4162 detur
871 4102 1010 4182 propter
1032 4097 1193 4174 officium,
1208 4095 1362 4180 sequitur
1377 4092 1468 4179 quod
1481 4109 1559 4175 pos-

385 4197 491 4263 sessio
506 4199 661 4266 benettcii
676 4210 846 4289 supponat
859 4205 896 4269 in
910 4206 1111 4274 beneficiato
1123 4203 1333 4270 habilitatem
1346 4200 1389 4267 ad
1399 4217 1559 4265 exercen-

385 4301 467 4368 dum
490 4307 640 4374 oltlcium
667 4311 843 4390 beneflcii3
873 4317 908 4378 et
935 4315 1022 4379 sicut
1048 4313 1251 4378 beneficium
1285 4309 1424 4375 nonnisi
1455 4306 1559 4372 habili

383 4412 565 4491 confertur,
583 4416 630 4481 ita
643 4417 692 4483 illi
706 4419 764 4504 qui
777 4421 887 4486 tactus
903 4425 955 4487 est
968 4419 1137 4497 inhabilis,
1164 4418 1304 4485 deberet
1326 4415 1462 4482 auferri.
1476 4413 1558 4478 Inde

383 4517 501 4584 titulus
522 4541 683 4605 praesens.
704 4525 788 4591 Cum
815 4529 907 4593 enim
932 4528 1018 4594 ratio
1040 4527 1163 4610 agendi
1179 4545 1281 4612 supra
1304 4523 1451 4590 indicata
1468 4523 1560 4586 esset

384 4625 510 4704 durior,
525 4635 560 4694 et
576 4639 695 4700 contm
707 4638 765 4720 jus
779 4637 984 4722 acquisitum
1006 4639 1109 4720 atque
1132 4632 1434 4701 mansuetudinem
1456 4629 1559 4696 chris·

384 4734 523 4812 lienam,
541 4741 626 4806 sacri
647 4761 796 4809 canones
819 4744 854 4809 in
878 4745 989 4827 specie
1015 4744 1244 4810 definiverunt
1258 4741 1338 4826 quid
1352 4741 1388 4804 in
1403 4738 1462 4806 tali
1476 4755 1557 4802 casu
