3510 5574
357 571 417 636 aad
820 586 871 632 sus
893 584 1075 632 cunoncuu.

358 714 423 771 tur.
440 706 557 771 Plures
581 705 766 770 canonistae
791 709 930 788 negant,
948 703 1029 788 quia
1048 702 1214 769 beneficia
1236 701 1476 777 ecclesiastica,
1501 707 1539 769 ut

326 816 329 822 “
357 813 483 898 legitur
504 815 540 878 in
563 813 698 879 rubrica
721 813 825 897 hujus
850 811 953 887 tituli,
975 812 1048 876 sine
1073 809 1298 876 diminutione
1322 815 1402 875 sunt
1424 813 1537 876 coule-

358 924 474 988 renda.
492 921 714 990 Communior
727 927 842 988 tamen
857 921 1029 989 sententia
1039 921 1197 996 attineat,
1215 919 1337 984 saltem
1353 915 1538 1004 quandoid
1656 951 1662 962 ·

357 1033 606 1098 cousuetudine
626 1031 858 1096 introductum
881 1037 944 1107 est,
961 1035 996 1093 et
1015 1029 1089 1094 heo
1112 1029 1282 1094 sententia
1303 1028 1474 1110 colligitur
1493 1047 1538 1092 ex

357 1160 429 1225 cap.
446 1141 467 1205 5
482 1141 523 1206 de
544 1141 847 1216 impetrationibus,
865 1140 922 1204 ubi
939 1139 1062 1204 dicitur
1075 1137 1167 1223 quod
1181 1137 1302 1222 pensio
1317 1139 1445 1222 absque
1461 1155 1539 1201 auc·

357 1251 493 1316 toritate
516 1247 699 1334 episcopali
718 1249 880 1332 imposita
899 1249 1006 1312 vitam
1025 1249 1102 1330 eJus
1117 1247 1175 1330 qui
1190 1245 1341 1325 solverit,
1357 1265 1427 1312 non
1442 1265 1538 1312 exce-

357 1359 430 1433 dat;
447 1357 602 1442 sequitur
615 1355 809 1440 ergoqucd,
826 1373 870 1419 ex
884 1355 1084 1420 auctoritate
1094 1353 1287 1440 episcopali,
1302 1354 1423 1438 pensio
1431 1353 1539 1437 possit

357 1467 463 1531 vitam
479 1464 644 1530 solventis
659 1463 849 1529 excedere·

397 1574 435 1640 ln
448 1575 608 1639 omnibus
620 1572 674 1638 his
686 1573 831 1648 casibus,
852 1576 891 1636 nt
910 1572 1023 1638 valida
1043 1573 1087 1636 sit
1107 1572 1279 1656 impositio
1300 1571 1477 1656 pensionis
1496 1573 1538 1637 ab

270 1697 280 1726 ¹
357 1684 515 1768 episcopo
538 1681 949 1766 lacta‚requi1iturjusta
970 1699 1164 1766 oeusaqnae
1187 1680 1369 1745 utilitatem
1383 1679 1539 1745 Ecclesiae

356 1795 548 1867 concernat,
565 1811 597 1854 v.
612 1809 645 1872 g.
664 1791 867 1855 sustentatio
884 1789 1022 1873 parochi
1035 1789 1091 1854 vel
1114 1789 1253 1854 ulterius
1267 1788 1390 1865 elerici,
1408 1788 1464 1853 vel
1478 1807 1541 1871 pro

357 1900 508 1965 subsidio
540 1898 760 1964 alumnorum
787 1897 971 1972 seminarii,
1003 1915 1066 1980 pro
1099 1897 1310 1964 sublevanda
1337 1898 1540 1963 necessitato

356 2007 523 2090 gentium.
541 2005 607 2072 Sed
627 2024 765 2090 semper
779 2004 963 2089 requiritur
982 2009 1020 2068 ut
1041 2005 1227 2088 pensiones
1251 2006 1320 2070 sint
1343 2005 1539 2079 moderate,

358 2118 438 2200 quia
458 2135 529 2180 non
547 2115 648 2180 debet
667 2114 868 2180 benetteiato
886 2113 1090 2178 sustentatio
1112 2131 1266 2195 congrua
1286 2114 1425 2198 subripi.
1449 2114 1543 2180 Resi-

358 2225 540 2307 gnationes
566 2223 813 2290 beneficiorum
837 2241 916 2287 cum
936 2221 1171 2287 reservatione
1194 2223 1369 2306 pensionis
1396 2227 1431 2288 et
1445 2229 1542 2306 pacto

359 2351 435 2400 eam
463 2333 619 2400 cassandi
651 2351 713 2417 per
739 2333 939 2416 anticipatus
966 2331 1154 2397 solutiones
1183 2336 1264 2396 sunt
1298 2331 1411 2396 uullae.
1434 2331 1484 2397 lta
1508 2332 1544 2398 in

360 2443 610 2510 const.Bened.
630 2443 755 2508 XlVln
773 2443 918 2508 sublimi.
959 2525 962 2534 ,
1355 2451 1358 2462 ’

401 2554 427 2633 c)
455 2553 503 2618 De
531 2551 680 2634 subjecto
707 2553 878 2635 pensionis
904 2553 1145 2618 ecclesiasticae.
1176 2554 1207 2616 l⁰
1234 2552 1356 2618 Pensio
1382 2553 1544 2620 constitui

360 2665 474 2744 potest
491 2652 624 2736 clerico,
646 2658 768 2724 saltem
787 2660 897 2743 prima
912 2665 1056 2726 tonsura
1072 2661 1247 2743 insignite,
1265 2679 1335 2725 non
1348 2679 1544 2726 excommu-

361 2771 473 2834 nicato
497 2771 557 2832 aut
579 2785 759 2852 suspenso,
784 2787 847 2833 neo
868 2771 1063 2852 conjugato.
1084 2769 1117 2833 2⁰
1131 2769 1341 2833 Pensionarii
1356 2767 1479 2852 triplex
1493 2773 1546 2832 est

362 2876 523 2958 obligatio
541 2896 548 2939 :
565 2875 598 2959 a)
612 2875 766 2941 Recitare
779 2875 881 2942 debet
895 2875 1018 2942 saltem
1034 2877 1185 2942 cilicium
1198 2895 1344 2961 parvum
1364 2877 1399 2940 B.
1416 2877 1456 2941 Μ.
1474 2875 1545 2940 Vir-

361 2984 462 3065 ginis,
486 2986 586 3067 juxta
610 2983 655 3048 Pii
676 2983 701 3046 V
726 2984 912 3060 decretum,
936 2988 970 3048 et
992 2984 1070 3050 ideo
1093 2984 1300 3052 assimilatur
1313 2985 1542 3050 beneficiatis:

362 3113 432 3158 non
445 3097 560 3158 tamen
576 3092 747 3176 obligatur
760 3093 803 3158 ad
815 3095 917 3159 horas
932 3095 1133 3170 canonices;
1148 3132 1187 3142 -
1197 3095 1227 3177 d)
1243 3095 1374 3160 deterre
1390 3096 1545 3160 habitum

364 3206 398 3266 et
412 3206 589 3268 tonsuram
610 3201 812 3278 clericalem,
845 3203 967 3268 saltem
990 3203 1127 3287 quando
1142 3204 1262 3287 pensio
1290 3203 1424 3269 excedit
1454 3223 1545 3268 sum-

364 3329 457 3375 mam
482 3310 522 3374 60
547 3310 750 3376 ducatorum
765 3312 838 3376 auri
862 3311 903 3376 de
927 3329 1082 3386 camera;
1098 3349 1138 3358 -
1160 3313 1187 3394 c)
1202 3329 1264 3395 pro
1285 3313 1545 3377 ratefruotuum

364 3421 600 3504 quospercipit
612 3439 656 3484 ex
670 3420 836 3485 beneflcio
850 3419 962 3485 alieno
979 3421 1021 3485 ad
1038 3421 1154 3486 omnia
1177 3439 1283 3486 onera
1297 3439 1433 3486 annexa
1444 3421 1545 3486 bene-

363 3527 451 3604 ttcic,
468 3547 501 3592 ν.
525 3547 557 3610 g.
575 3528 618 3592 ad
641 3526 812 3602 collectas,
837 3527 1027 3592 subsidium
1053 3528 1292 3594 charitativum
1307 3533 1342 3593 et
1356 3527 1489 3594 similia.

404 3637 592 3704 Translatio
606 3637 813 3721 pensionum
828 3638 870 3702 ab
885 3656 955 3702 une
968 3637 1011 3702 ad
1025 3637 1128 3702 aliam
1143 3657 1329 3722 personam
1339 3637 1459 3723 nequit
1472 3638 1546 3704 fieri

364 3747 428 3812 nisi
442 3749 483 3814 de
498 3747 596 3831 Papae
610 3745 755 3822 licentia,
772 3745 852 3830 quia
864 3747 941 3811 talis
958 3746 1134 3812 translatio
1152 3730 1211 3812 est'
1226 3749 1405 3814 exstinctio
1420 3749 1546 3814 veteris

364 3858 539 3940 pensionis
554 3861 589 3921 et
602 3857 799 3922 constitutio
812 3875 922 3922 novas.

405 3967 501 4050 d)De
516 3969 734 4032 exstinctione
742 3969 957 4059 pensionum:
977 3970 1007 4032 t⁰
1019 3967 1052 4032 Si
1061 3968 1181 4053 pensio
1196 3969 1357 4052 imposita
1371 3970 1548 4034 sitbeneli·

364 4075 462 4153 cisto,
475 4081 585 4141 morte
601 4074 692 4140 illius
707 4077 951 4159 exstinguitur3
968 4078 996 4142 si
1010 4097 1093 4143 vero
1103 4077 1280 4154 beneflcio,
1290 4083 1401 4144 morte
1414 4077 1549 4162 pensio-

364 4184 460 4250 narii.
471 4183 724 4248 i⁰ltlatrimonio
732 4189 905 4250 contracto
918 4185 1165 4268 spensionario
1176 4187 1406 4268 exstinguitur
1415 4187 1546 4269 pensio,

364 4291 430 4356 nisi
449 4291 538 4356 sdsit
556 4293 763 4376 dispensatio
789 4294 919 4359 Summi
944 4295 1115 4360 Pontificio
1134 4295 1190 4359 vel
1207 4294 1327 4378 pensio
1348 4295 1392 4359 sit
1408 4293 1546 4360 laicalis.

364 4401 396 4462 3ο
411 4399 626 4466 Prolessione
635 4401 934 4484 religiosa,militia
943 4406 1129 4486 assumpta,
1143 4402 1413 4468 uldeclaravitS.
1425 4403 1546 4484 Gongr.

367 4507 514 4584 concilii,
531 4515 565 4573 et
576 4511 792 4594 promotione
806 4511 849 4576 ed
862 4512 1106 4595 episcopatum,
1130 4513 1195 4575 uisi
1209 4513 1299 4576 foret
1316 4510 1471 4576 titularis.
1490 4511 1548 4592 (lle

367 4618 590 4700 pensionibus
605 4621 681 4686 tuse
695 4625 816 4686 tractat
831 4622 878 4687 De
891 4621 1030 4706 Angelis
1044 4625 1080 4688 in
1094 4621 1159 4687 hoc
1172 4621 1235 4706 tit.)
