3504 5572
364 556 425 622 stt
823 579 875 626 sus
896 579 1077 626 canonicus.

402 691 499 757 Nora.
530 692 687 758 Civilistae
711 693 797 759 alios
816 699 941 778 praeter
963 695 1170 762 solutionem
1191 703 1395 763 enumerant
1421 699 1542 766 modos

335 849 337 852 .
366 798 506 865 tollendi
522 799 776 883 obligationem,
794 821 827 864 v.
844 821 877 884 g.
896 803 1129 882 novationem,
1144 823 1220 890 quae
1236 809 1289 870 est
1302 805 1423 889 prioris
1439 806 1540 872 debiti

364 907 401 972 in
415 906 517 974 aliam
532 908 776 990 obligationem
793 911 992 988 transfusio;
1009 910 1272 995 delegationem,
1290 911 1371 978 dum
1389 919 1542 982 mumtur

363 1031 511 1097 persona
524 1015 697 1094 debitoris,
716 1035 777 1082 seu
792 1017 867 1084 loco
881 1019 1004 1103 prioris
1018 1019 1181 1086 debitoris
1200 1020 1287 1086 alter
1307 1022 1538 1098 substituitur;

363 1121 612 1200 contusionem,
632 1129 771 1207 pactum
791 1124 833 1191 de
857 1144 928 1192 non
949 1126 1111 1210 petendo,
1130 1129 1457 1212 compensationem,
1474 1135 1537 1196 etc.

364 1227 526 1314 Praecipui
538 1230 632 1296 modi
646 1237 870 1298 recensentur
883 1234 918 1298 in
933 1239 996 1299 art.
1012 1235 1093 1300 laad
1109 1235 1188 1301 God.
1203 1237 1267 1302 civ.

780 1615 966 1694 TITULUS
992 1616 1117 1692 XXIV.

731 1797 775 1842 oa
805 1797 1091 1845 oonsrromsus
1116 1781 1168 1862 (l).

403 2099 572 2166 Hactenus
596 2101 638 2165 de
657 2103 886 2168 contractibus
906 2108 940 2168 et
962 2103 1004 2169 de
1021 2103 1192 2170 solutione
1215 2107 1433 2189 obligationis
1463 2126 1540 2192 quae

363 2227 406 2274 ex
426 2213 602 2274 contractu
621 2211 783 2286 nascitur,
800 2216 915 2276 actum
932 2216 994 2276 est.
1013 2211 1154 2310 Propter
1168 2212 1362 2294 analogiam
1373 2215 1537 2292 materiae,

363 2316 502 2382 donatio
522 2317 587 2382 illis
601 2317 818 2396 admiscetur,
837 2319 916 2386 lieet
934 2321 976 2385 de
997 2341 1034 2386 se
1049 2340 1119 2387 non
1134 2321 1179 2385 sit
1196 2327 1389 2388 contractus
1401 2323 1539 2406 proprie

345 2422 483 2516 dictus,
499 2443 578 2490 cum
588 2443 658 2492 non
665 2425 831 2510 producat
838 2427 1093 2510 obligationem,
1109 2429 1174 2494 nisi
1190 2449 1233 2494 ex
1243 2435 1339 2514 parte
1349 2431 1538 2506 donantis,

364 2535 479 2598 tamen
505 2537 558 2597 est
583 2539 679 2599 actus
705 2535 763 2618 qni
787 2555 830 2600 ex
854 2535 1034 2620 privilegio
1063 2541 1098 2602 et
1120 2537 1314 2604 assistentia
1338 2538 1426 2622 juris
1452 2539 1541 2622 parit

363 2639 608 2724 obligationem
622 2643 851 2720 electionem,
866 2645 953 2710 sicut
966 2650 1066 2729 pacta
1077 2645 1241 2728 legitima.

803 2853 940 2917 ssorlo
961 2855 1097 2919 PRIMA.

632 2997 680 3052 Da
696 2997 886 3088 donationis
901 3002 1026 3054 natura
1042 3003 1078 3054 at
1092 3001 1268 3056 varietata.
1398 3003 1400 3013 '

551 3159 571 3208 l.
594 3155 666 3219 Quld
681 3157 719 3212 sit
736 3157 851 3212 donatio
869 3159 898 3212 st
915 3171 978 3225 qua
996 3159 1032 3213 ad
1050 3159 1130 3213 illam
1149 3160 1348 3226 requirantur?

402 3285 436 3370 a)
448 3287 604 3364 Donabo,
618 3288 731 3372 quoad
744 3306 884 3366 nomen,
896 3294 949 3354 est
961 3288 1042 3366 doni
1057 3289 1164 3366 datio;
1177 3291 1289 3374 quoad
1299 3307 1384 3368 ram,
1398 3297 1451 3356 est
1462 3291 1541 3358 libe-

363 3393 479 3460 ralitas
497 3396 548 3460 rei
567 3395 712 3472 donatae,
728 3395 822 3460 nullo
841 3399 919 3479 jure
940 3401 1097 3480 cogente,
1113 3399 1212 3464 iacta.
1229 3399 1349 3463 Differt
1363 3400 1541 3484 apromis-

363 3505 460 3570 sione
479 3508 670 3587 acceptata,
691 3505 772 3587 quia
787 3506 861 3568 haec
880 3505 1072 3571 nonhabet
1091 3507 1260 3572 actualem
1283 3507 1541 3572 translationem

365 3611 522 3688 dominii;
533 3614 621 3678 bene
636 3631 718 3679 vero
735 3613 883 3693 donatio,
896 3615 1087 3698 praesertim
1102 3616 1262 3699 perlecta.
1279 3615 1399 3680 Differt
1413 3634 1434 3681 a
1447 3614 1541 3699 polli-

362 3722 539 3800 citatione,
563 3725 642 3808 quia
663 3726 736 3790 haec
756 3730 809 3790 est
830 3725 922 3790 nuda
940 3726 1132 3808 promissio,
1157 3728 1285 3810 absque
1306 3727 1539 3810 acceptatione

362 3831 582 3912 promissarii.
600 3831 750 3896 Tandem
769 3832 883 3898 differt
905 3853 925 3898 a
948 3832 1181 3917 stipulatione,
1202 3833 1281 3917 quia
1299 3833 1372 3898 haec
1392 3836 1445 3898 est
1463 3851 1540 3918 pro·

364 3939 482 4004 missio
505 3941 568 4004 sub
589 3945 682 4008 certa
698 3942 883 4007 verborum
900 3943 1022 4018 forma,
1049 3941 1212 4006 nimirum
1230 3942 1445 4026 praeoedcnte
1469 3959 1541 4006 ore-

364 4047 482 4114 ditoris
510 4049 777 4132 interrogatione
806 4055 841 4114 et
867 4050 1098 4134 subsequente
1127 4051 1350 4135 responsione
1374 4050 1538 4116 debitoris

364 4155 607 4240 obligationem
634 4160 850 4244 acceptantis.
879 4160 1022 4226 Donatio
1051 4177 1133 4227 vero
1155 4177 1225 4226 non
1245 4159 1389 4243 requirit
1412 4163 1540 4224 certam

364 4267 548 4332 verborum
561 4267 755 4332 formulam.

402 4371 431 4456 b)
447 4373 497 4438 Ad
514 4375 698 4440 essentiam
713 4375 906 4441 donationis
919 4377 1104 4461 requiritur
1119 4376 1131 4438 :'
1142 4376 1174 4439 l⁰
1189 4381 1227 4440 ut
1244 4393 1301 4440 res
1323 4375 1449 4442 donata
1468 4395 1539 4442 uon

362 4479 466 4545 luerit
474 4479 610 4546 aliunde
623 4480 745 4560 debita,
759 4482 880 4548 saltem
895 4501 939 4548 ex
945 4483 1095 4567 justitia;
1105 4484 1138 4547 2·
1149 4487 1188 4548 ut
1200 4483 1331 4549 donans
1342 4483 1386 4548 sit
1395 4483 1539 4550 idoneus

396 4632 432 4696 (l)
442 4632 479 4683 ba
490 4631 532 4682 bis
543 4633 597 4697 agit
605 4632 650 4698 jus
661 4634 749 4697 liam,
760 4634 787 4686 io
797 4635 862 4685 lost.
872 4633 919 4690 lib.
930 4635 962 4696 ll,
973 4637 994 4685 t.
1003 4647 1056 4696 v11;
1068 4635 1096 4686 ia
1106 4635 1241 4694 Pendeat,
1253 4635 1299 4686 lib.
1310 4635 1416 4696 xxxix,
1426 4639 1446 4685 ι.
1459 4647 1486 4699 v,
1497 4647 1524 4688 ιί

363 4713 392 4762 ln
404 4711 478 4776 Cod,
493 4711 540 4764 lib.
554 4713 618 4778 lllll,
633 4717 653 4766 t.
667 4725 795 4779 trs-svn,
809 4715 838 4766 io
852 4715 918 4766 Nor.
929 4716 970 4778 8¹1,
985 4717 1032 4778 923
1043 4715 1090 4780 jus
1104 4715 1180 4778 Gali,
1195 4715 1240 4767 lib.
1257 4715 1300 4780 lll,
1315 4720 1334 4766 t.
1351 4728 1382 4777 n,
1396 4732 1419 4766 o.
1437 4719 1460 4779 l,
1473 4719 1499 4778 2,
1515 4719 1537 4766 t.
