3488 5568
548 598 636 644 arnan
657 598 786 646 ruamus
806 599 1028 646 oneraremur.
1319 585 1377 648 537

198 717 438 783 municationis
461 721 580 784 contra
604 740 620 774 α
642 717 841 799 colligentes
863 717 1099 802 eleemosynas
1119 719 1259 803 majoris
1278 721 1378 804 pretii

198 845 261 910 pro
274 825 439 909 missiset
452 843 495 889 ex
509 824 558 889 eis
570 823 704 890 lucrum
716 829 904 908 captantes,
920 826 1076 891 iaciendo
1092 844 1150 892 eas
1164 827 1328 894 celebrari
1342 827 1390 902 in¹

198 935 281 1000 locis
295 934 354 999 ubi
367 933 552 999 missarum
566 933 734 999 solemnia
747 935 889 1000 minoris
904 935 1004 1018 pretii
1019 953 1095 999 esse
1109 935 1232 1000 solent.
1250 961 1266 994 e

237 1045 270 1106 b·
284 1042 483 1108 Sacerdotes
495 1042 558 1107 sibi
573 1046 706 1125 partem
720 1043 880 1125 stipendii
894 1047 1111 1108 reservantes
1129 1049 1273 1127 peccant
1287 1063 1378 1110 mor-

199 1151 321 1227 taliter,
338 1168 418 1215 cum
429 1148 612 1233 prohibitio
629 1150 673 1214 sit
688 1149 813 1231 gravis,
831 1153 905 1214 tum
918 1150 1050 1216 ratione
1065 1151 1228 1227 materia,
1243 1157 1317 1217 tum
1336 1173 1379 1218 ex

199 1259 389 1324 intentione
415 1257 570 1323 Ecclesia
599 1257 824 1341 prohibentis,
856 1277 932 1344 quae
957 1259 1106 1324 intendit
1133 1279 1270 1326 servare
1297 1279 1379 1327 suos

200 1366 393 1432 sacerdotes
406 1367 443 1430 in
462 1364 662 1432 exhibendis
676 1365 732 1429 SS.
756 1367 928 1450 mysteriis
947 1367 1118 1444 innoxios,
1143 1368 1334 1452 praesertim
1359 1388 1380 1434 a

200 1475 351 1560 quolibet
363 1476 453 1560 turpi
467 1476 572 1552 lucro,
590 1475 682 1560 quod
696 1481 924 1542 mercaturam
935 1477 1038 1542 rebus
1053 1481 1090 1541 et
1101 1476 1258 1560 personis
1274 1477 1379 1544 eccle-
1394 1547 1400 1560 .

200 1585 343 1652 siasticis
355 1585 611 1669 indignamprae
624 1603 661 1650 se
675 1586 752 1650 tert.
774 1585 990 1652 Sufficienter
1008 1587 1112 1652 etiam
1137 1605 1229 1652 nunc
1246 1592 1381 1652 constat

200 1714 243 1760 ex
257 1712 359 1777 poena
373 1694 524 1775 irrogata
533 1700 653 1759 contra
667 1694 917 1778 delinquentes.
933 1693 1005 1759 lmo
1023 1695 1089 1759 hoc
1107 1698 1286 1778 peccatum
1309 1714 1379 1760 non

200 1803 312 1869 solum
327 1807 511 1867 eatcontra
525 1801 765 1879 obedientiam,
787 1801 847 1866 aed
871 1802 976 1866 etiam
1000 1806 1120 1867 contra
1134 1802 1320 1884 justitiam,
1345 1809 1381 1868 et

199 1909 278 1976 ideo
296 1930 340 1976 ex
354 1928 395 1976 eo
410 1911 588 1991 consurgit
600 1909 762 1992 obligatio
786 1909 999 1986 restituendi,
1023 1914 1061 1973 ut
1078 1909 1264 1976 declaravit
1286 1909 1319 1974 S.
1343 1910 1376 1974 G.

201 2017 414 2101 donc.,5jul.
426 2016 515 2082 1664.
528 2016 626 2083 Ratio
639 2020 702 2093 est,
714 2017 793 2102 quia
802 2017 1010 2102 stipendium
1020 2017 1188 2102 accipiens
1197 2019 1380 2102 booacqni-

199 2127 245 2191 rit
256 2125 330 2192 sola
343 2125 475 2191 ratione
489 2124 705 2206 obligationis
720 2124 1024 2190 adcelebrandum
1050 2143 1112 2208 pro
1132 2125 1233 2191 dante
1257 2127 1380 2192 sacriti-

200 2235 308 2310 cium;
324 2235 430 2318 igitur
442 2234 558 2300 statim
572 2252 611 2300 ac
626 2251 667 2300 ea
679 2234 887 2316 obligatione
902 2253 939 2299 se
953 2233 1085 2318 spoliat,
1104 2253 1140 2300 se
1153 2235 1265 2318 privat
1282 2235 1379 2300 titulo

200 2344 369 2410 retinendi
381 2342 600 2428 stipendium,
618 2342 710 2428 quod
726 2342 844 2408 datum
855 2343 930 2419 init,
946 2343 983 2408 in
1001 2343 1192 2409 intentione
1208 2343 1377 2420 donantis,

200 2471 270 2518 non
292 2471 355 2537 pro
377 2451 471 2518 lucro
491 2471 562 2518 non
583 2452 796 2530 celebrantia,
814 2453 876 2518 sed
897 2453 933 2518 in
959 2453 1154 2518 mercedem
1177 2453 1380 2519 celebrantis
1417 2485 1422 2496 ·

201 2561 353 2626 missam.
370 2561 583 2645 Quapropter
596 2559 782 2643 rejicienda
800 2566 853 2625 est
867 2561 1039 2625 sententia
1066 2577 1186 2628 eorum
1211 2560 1270 2644 qui
1297 2561 1379 2626 olim

200 2687 279 2734 cum
294 2669 420 2746 Quarto
432 2669 687 2734 contendebant
705 2673 883 2752 peccatum
903 2667 987 2733 illud
1010 2685 1087 2734 esse
1109 2671 1245 2735 lantum
1259 2673 1379 2735 contra

200 2777 439 2844 obedientiam.
459 2777 619 2862 Sequitur

239 2886 273 2950 3ο
287 2885 384 2963 Quod
399 2883 493 2950 nulla
505 2903 584 2968 pars
595 2873 754 2968 stipendii
765 2884 904 2949 retineri
917 2887 1035 2968 possit,
1052 2885 1289 2952 etiamintuitu
1299 2885 1379 2952 boni

200 2993 323 3078 operis,
340 2997 379 3058 ut
389 3010 550 3076 expresse
564 2991 748 3058 declaravit
762 2991 794 3056 S.
808 2992 841 3056 G.
852 2993 965 3071 (lonc,
977 2995 997 3059 9
1007 3001 1092 3080 sept.
1106 2994 1204 3070 18743
1221 3013 1264 3060 ex
1274 2994 1381 3060 altera

202 3101 439 3178 declaratione,
455 3099 579 3184 liapril.
598 3101 687 3176 1875,
704 3104 839 3165 constat
851 3101 974 3166 missas
989 3121 1065 3186 qnae
1081 3103 1116 3166 in
1130 3102 1214 3168 locis
1232 3101 1380 3187 peregri-

203 3209 350 3276 nationis
367 3208 490 3274 dantur
509 3205 732 3283 celebranda,
750 3225 819 3273 non
834 3226 935 3291 posse
954 3209 1034 3275 alibi
1052 3211 1238 3286 transferri,
1267 3209 1381 3292 aliqua

203 3321 298 3400 parte
314 3315 471 3400 stipendii
487 3315 647 3390 detracta,
668 3315 750 3399 quin
765 3315 953 3381 intercedat
971 3316 1109 3382 licentia
1128 3317 1160 3380 S.
1178 3317 1284 3394 Sedis,
1304 3335 1379 3400 quae

202 3426 244 3490 ad
259 3429 395 3508 tempus
410 3427 544 3487 tantum
557 3425 591 3486 et
604 3422 701 3504 gravi
716 3422 757 3487 de
772 3439 876 3488 causa
896 3424 1028 3488 confert
1054 3424 1251 3507 praedictam
1278 3423 1380 3488 iacul-

201 3537 323 3609 tatem3
337 3533 374 3596 in
388 3549 469 3596 casu
484 3547 645 3594 excessus
660 3529 922 3612 impendebatur
940 3530 976 3594 in
994 3532 1124 3595 bonum
1139 3548 1236 3614 opus,
1254 3529 1381 3595 scilicet

201 3641 236 3705 in
246 3640 506 3705 aedificationem
520 3635 681 3712 ecclesiae,
701 3640 764 3700 etc.
786 3635 979 3700 Generatim
1004 3655 1087 3718 ergo
1110 3637 1167 3702 illa
1197 3637 1378 3703 destinatio

200 3748 304 3832 partis
320 3745 478 3811 detractas
494 3761 564 3808 non
575 3747 628 3807 est
639 3741 814 3824 legitimus
830 3742 949 3806 titulus
972 3743 1015 3808 ad
1037 3744 1125 3808 banc
1150 3753 1282 3828 partem
1303 3745 1380 3809 reti-

200 3856 350 3920 nendam
366 3873 373 3916 :
390 3853 518 3918 etenim
532 3869 603 3916 non
615 3853 729 3934 potest
740 3850 872 3915 censeri
887 3850 1007 3916 titulus
1025 3851 1195 3934 gratuitus
1209 3853 1245 3916 in
1259 3852 1380 3918 volun·

202 3965 270 4028 tate
299 3961 410 4027 dantis
437 3959 611 4032 fundatus,
636 3975 715 4022 cunr
744 3955 799 4020 ille
830 3956 923 4022 dedit
950 3962 1084 4023 tantum
1115 3959 1150 4024 in
1184 3959 1380 4024 mercedem

200 4069 402 4136 celebrantis
415 4066 568 4131 missam.
585 4065 652 4129 Nec
667 4064 777 4146 magis
792 4065 878 4129 ratio
897 4065 1003 4148 petita
1021 4083 1065 4128 ex
1084 4063 1255 4149 praetensa
1277 4067 1379 4132 dona-

201 4177 293 4243 tione
319 4174 505 4240 sacerdotis
529 4173 652 4237 missas
679 4171 882 4236 celebrantis
908 4171 983 4238 loco
1010 4171 1100 4236 illius
1124 4173 1182 4256 qui
1211 4174 1379 4257 stipendia

201 4284 330 4368 accepit
344 4303 352 4347 ε
367 4299 450 4347 narn
464 4281 602 4346 donatio
616 4294 688 4344 non
702 4279 916 4370 supponitur,
934 4279 1144 4346 sednecesse
1155 4284 1207 4374 est
1219 4285 1257 4344 nt
1268 4281 1309 4346 de
1321 4281 1378 4346 illa

200 4395 343 4458 constet.
360 4389 408 4454 Ex
431 4389 538 4455 altera
551 4392 658 4471 parte,
674 4387 800 4452 Bened.
828 4388 910 4466 xiv,
938 4387 974 4452 in
992 4393 1100 4455 const.
1121 4389 1259 4470 Οααηῑα
1282 4407 1375 4465 cura,

200 4500 349 4566 declarat
361 4497 591 4564 retentionem
606 4513 681 4562 esse
705 4495 867 4575 illicitam,
896 4497 1029 4562 etiamsi
1046 4497 1204 4562 sacerdos
1227 4497 1377 4562 offerens

200 4609 402 4674 eacnssoium
415 4610 544 4672 annuat
559 4603 783 4688 propositioni
798 4605 861 4669 sibi
876 4606 918 4670 ab
937 4604 1122 4689 accipiente
1137 4607 1245 4672 iactae.
1263 4631 1278 4664 c
1304 4607 1377 4671 Non

198 4721 323 4799 potest,
333 4712 637 4788 dicitBencd.X1V,
649 4713 745 4779 alteri
755 4713 1112 4798 stipendiumminoris
1123 4715 1221 4798 pretii
1230 4715 1374 4798 erogari,
