<?xml version="1.0" encoding="UTF-8"?>
<!DOCTYPE html PUBLIC "-//W3C//DTD XHTML 1.0 Transitional//EN"
    "http://www.w3.org/TR/xhtml1/DTD/xhtml1-transitional.dtd">
<html xmlns="http://www.w3.org/1999/xhtml" xml:lang="en" lang="en">
 <head>
  <title>
</title>
<meta http-equiv="Content-Type" content="text/html;charset=utf-8" />
  <meta name='ocr-system' content='tesseract 3.04.00' />
  <meta name='ocr-capabilities' content='ocr_page ocr_carea ocr_par ocr_line ocrx_word'/>
</head>
<body>
  <div class='ocr_page' id='page_1' title='image "./juscanonicumjux00grangoog_0477.png"; bbox 0 0 3498 5572; ppageno 0'>
   <div class='ocr_carea' id='block_1_1' title="bbox 549 545 1381 616">
    <p class='ocr_par' dir='ltr' id='par_1_1' title="bbox 549 545 1381 616">
     <span class='ocr_line' id='line_1_1' title="bbox 549 545 1381 616; baseline -0.002 -3"><span class='ocrx_word' id='word_1_1' title='bbox 549 569 637 614; x_wconf 79' lang='lat' dir='ltr'>utone</span> <span class='ocrx_word' id='word_1_2' title='bbox 657 567 784 615; x_wconf 74' lang='lat' dir='ltr'>rannus</span> <span class='ocrx_word' id='word_1_3' title='bbox 805 568 1029 616; x_wconf 78' lang='lat' dir='ltr'>oncnommun.</span> <span class='ocrx_word' id='word_1_4' title='bbox 1320 545 1381 612; x_wconf 77' lang='grc'>465</span> 
     </span>
    </p>
   </div>
   <div class='ocr_carea' id='block_1_2' title="bbox 198 681 1385 1965">
    <p class='ocr_par' dir='ltr' id='par_1_2' title="bbox 198 681 1382 876">
     <span class='ocr_line' id='line_1_2' title="bbox 239 681 1382 772; baseline -0.007 -18"><span class='ocrx_word' id='word_1_5' title='bbox 239 689 287 754; x_wconf 89' lang='lat' dir='ltr'>De</span> <span class='ocrx_word' id='word_1_6' title='bbox 300 705 441 754; x_wconf 87' lang='lat' dir='ltr'>accessu</span> <span class='ocrx_word' id='word_1_7' title='bbox 453 685 496 752; x_wconf 86' lang='lat' dir='ltr'>od</span> <span class='ocrx_word' id='word_1_8' title='bbox 507 686 773 772; x_wconf 89' lang='lat' dir='ltr'>colloquendum</span> <span class='ocrx_word' id='word_1_9' title='bbox 786 688 899 771; x_wconf 88' lang='lat' dir='ltr'>agitur</span> <span class='ocrx_word' id='word_1_10' title='bbox 914 687 1018 754; x_wconf 83' lang='lat' dir='ltr'>etiam</span> <span class='ocrx_word' id='word_1_11' title='bbox 1030 686 1067 752; x_wconf 91' lang='lat' dir='ltr'>in</span> <span class='ocrx_word' id='word_1_12' title='bbox 1079 683 1179 750; x_wconf 94' lang='lat' dir='ltr'>titulo</span> <span class='ocrx_word' id='word_1_13' title='bbox 1193 683 1236 750; x_wconf 81' lang='lat' dir='ltr'>cle</span> <span class='ocrx_word' id='word_1_14' title='bbox 1254 681 1332 751; x_wconf 82' lang='lat' dir='ltr'>Vita</span> <span class='ocrx_word' id='word_1_15' title='bbox 1347 688 1382 747; x_wconf 87' lang='lat' dir='ltr'>et</span> 
     </span>
     <span class='ocr_line' id='line_1_3' title="bbox 198 797 568 876; baseline 0 -14"><span class='ocrx_word' id='word_1_16' title='bbox 198 797 373 864; x_wconf 80' lang='lat' dir='ltr'>honestate</span> <span class='ocrx_word' id='word_1_17' title='bbox 386 797 476 876; x_wconf 67' lang='lat' dir='ltr'>cler„</span> <span class='ocrx_word' id='word_1_18' title='bbox 492 815 521 862; x_wconf 92' lang='lat' dir='ltr'>c.</span> <span class='ocrx_word' id='word_1_19' title='bbox 537 797 568 862; x_wconf 85' lang='lat'>8.</span> 
     </span>
    </p>

    <p class='ocr_par' dir='ltr' id='par_1_3' title="bbox 199 899 1385 1965">
     <span class='ocr_line' id='line_1_4' title="bbox 239 899 1383 973; baseline -0.002 -4"><span class='ocrx_word' id='word_1_20' title='bbox 239 907 271 969; x_wconf 83' lang='lat'>3⁰</span> <span class='ocrx_word' id='word_1_21' title='bbox 286 904 413 970; x_wconf 87' lang='lat' dir='ltr'>Tamen</span> <span class='ocrx_word' id='word_1_22' title='bbox 427 923 584 972; x_wconf 89' lang='lat' dir='ltr'>accessus</span> <span class='ocrx_word' id='word_1_23' title='bbox 600 906 643 972; x_wconf 88' lang='lat' dir='ltr'>ad</span> <span class='ocrx_word' id='word_1_24' title='bbox 663 903 872 973; x_wconf 84' lang='lat' dir='ltr'>abbatissam</span> <span class='ocrx_word' id='word_1_25' title='bbox 894 904 1096 973; x_wconf 90' lang='lat' dir='ltr'>monasterii</span> <span class='ocrx_word' id='word_1_26' title='bbox 1121 902 1213 971; x_wconf 90' lang='lat' dir='ltr'>etad</span> <span class='ocrx_word' id='word_1_27' title='bbox 1237 899 1383 970; x_wconf 87' lang='lat' dir='ltr'>novitias</span> 
     </span>
     <span class='ocr_line' id='line_1_5' title="bbox 199 1010 1383 1099; baseline -0.003 -21"><span class='ocrx_word' id='word_1_28' title='bbox 199 1033 270 1080; x_wconf 91' lang='lat' dir='ltr'>non</span> <span class='ocrx_word' id='word_1_29' title='bbox 283 1015 427 1099; x_wconf 85' lang='lat' dir='ltr'>requirit</span> <span class='ocrx_word' id='word_1_30' title='bbox 438 1014 621 1092; x_wconf 70' lang='lat' dir='ltr'>licentiam,</span> <span class='ocrx_word' id='word_1_31' title='bbox 635 1015 758 1082; x_wconf 86' lang='lat' dir='ltr'>saltem</span> <span class='ocrx_word' id='word_1_32' title='bbox 768 1017 986 1099; x_wconf 84' lang='lat' dir='ltr'>attentojure</span> <span class='ocrx_word' id='word_1_33' title='bbox 996 1013 1183 1091; x_wconf 89' lang='lat' dir='ltr'>communi,</span> <span class='ocrx_word' id='word_1_34' title='bbox 1196 1010 1383 1078; x_wconf 86' lang='lat' dir='ltr'>dummodo</span> 
     </span>
     <span class='ocr_line' id='line_1_6' title="bbox 199 1117 1384 1189; baseline -0.004 -2"><span class='ocrx_word' id='word_1_35' title='bbox 199 1121 400 1188; x_wconf 87' lang='lat' dir='ltr'>accedentes</span> <span class='ocrx_word' id='word_1_36' title='bbox 422 1125 519 1188; x_wconf 81' lang='lat' dir='ltr'>extra</span> <span class='ocrx_word' id='word_1_37' title='bbox 536 1122 685 1188; x_wconf 87' lang='lat' dir='ltr'>claustra</span> <span class='ocrx_word' id='word_1_38' title='bbox 705 1127 878 1188; x_wconf 88' lang='lat' dir='ltr'>maneant.</span> <span class='ocrx_word' id='word_1_39' title='bbox 904 1123 990 1189; x_wconf 91' lang='lat' dir='ltr'>Nam</span> <span class='ocrx_word' id='word_1_40' title='bbox 1017 1121 1159 1188; x_wconf 89' lang='lat' dir='ltr'>nomine</span> <span class='ocrx_word' id='word_1_41' title='bbox 1182 1117 1384 1186; x_wconf 82' lang='lat' dir='ltr'>monialium</span> 
     </span>
     <span class='ocr_line' id='line_1_7' title="bbox 200 1227 1381 1310; baseline -0.003 -14"><span class='ocrx_word' id='word_1_42' title='bbox 200 1252 271 1298; x_wconf 91' lang='lat' dir='ltr'>nou</span> <span class='ocrx_word' id='word_1_43' title='bbox 283 1233 380 1298; x_wconf 84' lang='lat' dir='ltr'>venit</span> <span class='ocrx_word' id='word_1_44' title='bbox 393 1233 565 1299; x_wconf 77' lang='lat' dir='ltr'>abbatissa</span> <span class='ocrx_word' id='word_1_45' title='bbox 578 1233 615 1298; x_wconf 92' lang='lat' dir='ltr'>in</span> <span class='ocrx_word' id='word_1_46' title='bbox 629 1232 768 1310; x_wconf 86' lang='lat' dir='ltr'>odiosis,</span> <span class='ocrx_word' id='word_1_47' title='bbox 786 1237 821 1298; x_wconf 90' lang='lat' dir='ltr'>et</span> <span class='ocrx_word' id='word_1_48' title='bbox 839 1232 978 1300; x_wconf 83' lang='lat' dir='ltr'>novitiae</span> <span class='ocrx_word' id='word_1_49' title='bbox 1004 1250 1076 1298; x_wconf 93' lang='lat' dir='ltr'>non</span> <span class='ocrx_word' id='word_1_50' title='bbox 1101 1235 1183 1296; x_wconf 88' lang='lat' dir='ltr'>sunt</span> <span class='ocrx_word' id='word_1_51' title='bbox 1203 1227 1381 1296; x_wconf 83' lang='lat' dir='ltr'>moniales.</span> 
     </span>
     <span class='ocr_line' id='line_1_8' title="bbox 200 1339 1385 1428; baseline -0.002 -22"><span class='ocrx_word' id='word_1_52' title='bbox 200 1342 296 1407; x_wconf 89' lang='lat' dir='ltr'>Idem</span> <span class='ocrx_word' id='word_1_53' title='bbox 310 1343 492 1408; x_wconf 87' lang='lat' dir='ltr'>dicendum</span> <span class='ocrx_word' id='word_1_54' title='bbox 505 1348 558 1409; x_wconf 89' lang='lat' dir='ltr'>est</span> <span class='ocrx_word' id='word_1_55' title='bbox 571 1343 613 1410; x_wconf 87' lang='lat' dir='ltr'>de</span> <span class='ocrx_word' id='word_1_56' title='bbox 626 1345 825 1428; x_wconf 86' lang='lat' dir='ltr'>parentibus</span> <span class='ocrx_word' id='word_1_57' title='bbox 836 1349 871 1410; x_wconf 86' lang='lat' dir='ltr'>ot</span> <span class='ocrx_word' id='word_1_58' title='bbox 884 1343 963 1408; x_wconf 81' lang='lat' dir='ltr'>otiis</span> <span class='ocrx_word' id='word_1_59' title='bbox 979 1343 1036 1428; x_wconf 87' lang='lat' dir='ltr'>qui</span> <span class='ocrx_word' id='word_1_60' title='bbox 1053 1342 1220 1408; x_wconf 81' lang='lat' dir='ltr'>accedunt</span> <span class='ocrx_word' id='word_1_61' title='bbox 1246 1339 1291 1406; x_wconf 84' lang='lat' dir='ltr'>ad</span> <span class='ocrx_word' id='word_1_62' title='bbox 1310 1355 1385 1404; x_wconf 91' lang='lat' dir='ltr'>mo-</span> 
     </span>
     <span class='ocr_line' id='line_1_9' title="bbox 201 1446 1385 1536; baseline 0 -22"><span class='ocrx_word' id='word_1_63' title='bbox 201 1451 309 1516; x_wconf 89' lang='lat' dir='ltr'>niales</span> <span class='ocrx_word' id='word_1_64' title='bbox 326 1471 401 1536; x_wconf 72' lang='lat' dir='ltr'>quae</span> <span class='ocrx_word' id='word_1_65' title='bbox 416 1457 498 1517; x_wconf 91' lang='lat' dir='ltr'>sunt</span> <span class='ocrx_word' id='word_1_66' title='bbox 510 1452 665 1536; x_wconf 91' lang='lat' dir='ltr'>ipsorum</span> <span class='ocrx_word' id='word_1_67' title='bbox 676 1451 766 1530; x_wconf 81' lang='lat' dir='ltr'>tlliae,</span> <span class='ocrx_word' id='word_1_68' title='bbox 781 1457 841 1518; x_wconf 89' lang='lat' dir='ltr'>aut</span> <span class='ocrx_word' id='word_1_69' title='bbox 854 1457 982 1518; x_wconf 89' lang='lat' dir='ltr'>matres</span> <span class='ocrx_word' id='word_1_70' title='bbox 1003 1472 1010 1515; x_wconf 94' lang='lat'><strong>:</strong></span> <span class='ocrx_word' id='word_1_71' title='bbox 1027 1453 1220 1517; x_wconf 77' lang='lat' dir='ltr'>constater</span> <span class='ocrx_word' id='word_1_72' title='bbox 1237 1446 1385 1514; x_wconf 82' lang='lat' dir='ltr'>declara-</span> 
     </span>
     <span class='ocr_line' id='line_1_10' title="bbox 202 1555 1384 1646; baseline -0.001 -24"><span class='ocrx_word' id='word_1_73' title='bbox 202 1561 294 1626; x_wconf 88' lang='lat' dir='ltr'>tioue</span> <span class='ocrx_word' id='word_1_74' title='bbox 311 1559 343 1624; x_wconf 89' lang='lat' dir='ltr'>S.</span> <span class='ocrx_word' id='word_1_75' title='bbox 358 1560 481 1642; x_wconf 88' lang='lat' dir='ltr'>Gongr.</span> <span class='ocrx_word' id='word_1_76' title='bbox 502 1562 542 1626; x_wconf 83' lang='lat' dir='ltr'>to</span> <span class='ocrx_word' id='word_1_77' title='bbox 553 1561 689 1646; x_wconf 82' lang='lat' dir='ltr'>januar.</span> <span class='ocrx_word' id='word_1_78' title='bbox 709 1562 799 1628; x_wconf 80' lang='lat' dir='ltr'>loto.</span> <span class='ocrx_word' id='word_1_79' title='bbox 823 1561 921 1640; x_wconf 87' lang='lat' dir='ltr'>Quod</span> <span class='ocrx_word' id='word_1_80' title='bbox 940 1561 1043 1627; x_wconf 87' lang='lat' dir='ltr'>debet</span> <span class='ocrx_word' id='word_1_81' title='bbox 1056 1560 1160 1625; x_wconf 90' lang='lat' dir='ltr'>etiam</span> <span class='ocrx_word' id='word_1_82' title='bbox 1178 1555 1323 1639; x_wconf 76' lang='lat' dir='ltr'>intelligi</span> <span class='ocrx_word' id='word_1_83' title='bbox 1342 1555 1384 1621; x_wconf 91' lang='lat' dir='ltr'>de</span> 
     </span>
     <span class='ocr_line' id='line_1_11' title="bbox 202 1661 1384 1756; baseline -0.003 -24"><span class='ocrx_word' id='word_1_84' title='bbox 202 1687 341 1734; x_wconf 88' lang='lat' dir='ltr'>accessu</span> <span class='ocrx_word' id='word_1_85' title='bbox 356 1673 453 1734; x_wconf 87' lang='lat' dir='ltr'>extra</span> <span class='ocrx_word' id='word_1_86' title='bbox 464 1669 622 1748; x_wconf 81' lang='lat' dir='ltr'>claustra,</span> <span class='ocrx_word' id='word_1_87' title='bbox 640 1671 832 1756; x_wconf 65' lang='lat' dir='ltr'>praesertim</span> <span class='ocrx_word' id='word_1_88' title='bbox 845 1677 924 1754; x_wconf 90' lang='lat' dir='ltr'>post</span> <span class='ocrx_word' id='word_1_89' title='bbox 938 1674 1047 1736; x_wconf 90' lang='lat' dir='ltr'>const.</span> <span class='ocrx_word' id='word_1_90' title='bbox 1061 1669 1086 1734; x_wconf 83' lang='lat' dir='ltr'><em>A</em></span> <span class='ocrx_word' id='word_1_91' title='bbox 1087 1667 1263 1753; x_wconf 71' lang='lat' dir='ltr'>postolicoe</span> <span class='ocrx_word' id='word_1_92' title='bbox 1272 1661 1384 1745; x_wconf 81' lang='lat' dir='ltr'>Sedis,</span> 
     </span>
     <span class='ocr_line' id='line_1_12' title="bbox 202 1775 1383 1863; baseline 0.003 -25"><span class='ocrx_word' id='word_1_93' title='bbox 202 1776 238 1840; x_wconf 93' lang='lat' dir='ltr'>in</span> <span class='ocrx_word' id='word_1_94' title='bbox 253 1795 320 1860; x_wconf 89' lang='lat' dir='ltr'>qua</span> <span class='ocrx_word' id='word_1_95' title='bbox 333 1777 515 1861; x_wconf 86' lang='lat' dir='ltr'>prohibitio</span> <span class='ocrx_word' id='word_1_96' title='bbox 536 1779 667 1845; x_wconf 84' lang='lat' dir='ltr'>nullam</span> <span class='ocrx_word' id='word_1_97' title='bbox 678 1781 807 1863; x_wconf 84' lang='lat' dir='ltr'>potitur</span> <span class='ocrx_word' id='word_1_98' title='bbox 823 1779 1081 1862; x_wconf 79' lang='lat' dir='ltr'>exceptionem:</span> <span class='ocrx_word' id='word_1_99' title='bbox 1098 1800 1114 1835; x_wconf 77' lang='lat' dir='ltr'>o</span> <span class='ocrx_word' id='word_1_100' title='bbox 1129 1775 1383 1860; x_wconf 80' lang='lat' dir='ltr'>Cujusoumque</span> 
     </span>
     <span class='ocr_line' id='line_1_13' title="bbox 202 1885 674 1965; baseline 0.006 -17"><span class='ocrx_word' id='word_1_101' title='bbox 202 1885 339 1965; x_wconf 85' lang='lat' dir='ltr'>generis</span> <span class='ocrx_word' id='word_1_102' title='bbox 354 1890 415 1952; x_wconf 87' lang='lat' dir='ltr'>eut</span> <span class='ocrx_word' id='word_1_103' title='bbox 428 1885 633 1953; x_wconf 89' lang='lat' dir='ltr'>conditionis</span> <span class='ocrx_word' id='word_1_104' title='bbox 646 1913 674 1951; x_wconf 88' lang='lat'>».</span> 
     </span>
    </p>
   </div>
   <div class='ocr_carea' id='block_1_3' title="bbox 576 2269 1006 2354">
    <p class='ocr_par' dir='ltr' id='par_1_4' title="bbox 576 2269 1006 2354">
     <span class='ocr_line' id='line_1_14' title="bbox 576 2269 1006 2354; baseline -0.002 -6"><span class='ocrx_word' id='word_1_105' title='bbox 576 2271 793 2354; x_wconf 86' lang='lat' dir='ltr'>TITULUS</span> <span class='ocrx_word' id='word_1_106' title='bbox 829 2269 1006 2348; x_wconf 82' lang='lat' dir='ltr'>xxxvl.</span> 
     </span>
    </p>
   </div>
   <div class='ocr_carea' id='block_1_4' title="bbox 354 2446 1231 2499">
    <p class='ocr_par' dir='ltr' id='par_1_5' title="bbox 354 2446 1231 2499">
     <span class='ocr_line' id='line_1_15' title="bbox 354 2446 1231 2499; baseline -0.005 -3"><span class='ocrx_word' id='word_1_107' title='bbox 354 2447 393 2496; x_wconf 75' lang='lat' dir='ltr'>ott</span> <span class='ocrx_word' id='word_1_108' title='bbox 414 2449 578 2498; x_wconf 79' lang='lat' dir='ltr'>nsttotosls</span> <span class='ocrx_word' id='word_1_109' title='bbox 601 2450 730 2499; x_wconf 77' lang='lat' dir='ltr'>bombos</span> <span class='ocrx_word' id='word_1_110' title='bbox 751 2451 791 2498; x_wconf 74' lang='grc' dir='ltr'>ΠΤ</span> <span class='ocrx_word' id='word_1_111' title='bbox 811 2449 951 2498; x_wconf 70' lang='lat' dir='ltr'>spretore</span> <span class='ocrx_word' id='word_1_112' title='bbox 972 2448 1047 2496; x_wconf 75' lang='lat' dir='ltr'>som·</span> <span class='ocrx_word' id='word_1_113' title='bbox 1069 2446 1231 2496; x_wconf 68' lang='lat' dir='ltr'>somnone.</span> 
     </span>
    </p>
   </div>
   <div class='ocr_carea' id='block_1_5' title="bbox 111 2766 1390 3274">
    <p class='ocr_par' dir='ltr' id='par_1_6' title="bbox 111 2766 1390 3274">
     <span class='ocr_line' id='line_1_16' title="bbox 111 2766 1388 2863; baseline -0.001 -29"><span class='ocrx_word' id='word_1_114' title='bbox 111 2857 115 2863; x_wconf 26' lang='grc' dir='ltr'>Ι</span> <span class='ocrx_word' id='word_1_115' title='bbox 151 2780 154 2792; x_wconf 92' lang='grc'><em>·</em></span> <span class='ocrx_word' id='word_1_116' title='bbox 245 2771 497 2854; x_wconf 84' lang='lat' dir='ltr'>Aregulerium</span> <span class='ocrx_word' id='word_1_117' title='bbox 510 2777 600 2839; x_wconf 87' lang='lat' dir='ltr'>stetu</span> <span class='ocrx_word' id='word_1_118' title='bbox 611 2769 655 2838; x_wconf 89' lang='lat' dir='ltr'>ad</span> <span class='ocrx_word' id='word_1_119' title='bbox 667 2787 788 2837; x_wconf 90' lang='lat' dir='ltr'>eorum</span> <span class='ocrx_word' id='word_1_120' title='bbox 802 2769 926 2837; x_wconf 86' lang='lat' dir='ltr'>domus</span> <span class='ocrx_word' id='word_1_121' title='bbox 938 2767 1159 2836; x_wconf 89' lang='lat' dir='ltr'>rectoordine</span> <span class='ocrx_word' id='word_1_122' title='bbox 1169 2766 1282 2854; x_wconf 87' lang='lat' dir='ltr'>pergit</span> <span class='ocrx_word' id='word_1_123' title='bbox 1294 2783 1388 2834; x_wconf 89' lang='lat' dir='ltr'>oom-</span> 
     </span>
     <span class='ocr_line' id='line_1_17' title="bbox 205 2876 1390 2964; baseline 0 -22"><span class='ocrx_word' id='word_1_124' title='bbox 205 2879 328 2962; x_wconf 84' lang='lat' dir='ltr'>pilator</span> <span class='ocrx_word' id='word_1_125' title='bbox 336 2879 423 2964; x_wconf 85' lang='lat' dir='ltr'>jun&#39;s</span> <span class='ocrx_word' id='word_1_126' title='bbox 437 2880 601 2947; x_wconf 88' lang='lat' dir='ltr'>canonici.</span> <span class='ocrx_word' id='word_1_127' title='bbox 618 2880 666 2945; x_wconf 88' lang='lat' dir='ltr'>De</span> <span class='ocrx_word' id='word_1_128' title='bbox 681 2881 756 2944; x_wconf 89' lang='lat' dir='ltr'>istis</span> <span class='ocrx_word' id='word_1_129' title='bbox 770 2879 929 2944; x_wconf 88' lang='lat' dir='ltr'>domibus</span> <span class='ocrx_word' id='word_1_130' title='bbox 942 2877 1154 2962; x_wconf 78' lang='lat' dir='ltr'>inpraesenti</span> <span class='ocrx_word' id='word_1_131' title='bbox 1167 2876 1266 2942; x_wconf 90' lang='lat' dir='ltr'>titulo</span> <span class='ocrx_word' id='word_1_132' title='bbox 1282 2895 1390 2959; x_wconf 83' lang='lat' dir='ltr'>gene·</span> 
     </span>
     <span class='ocr_line' id='line_1_18' title="bbox 204 2985 1388 3073; baseline -0.002 -21"><span class='ocrx_word' id='word_1_133' title='bbox 204 2989 305 3054; x_wconf 87' lang='lat' dir='ltr'>ratim</span> <span class='ocrx_word' id='word_1_134' title='bbox 321 2989 453 3071; x_wconf 89' lang='lat' dir='ltr'>agitnr;</span> <span class='ocrx_word' id='word_1_135' title='bbox 468 2990 504 3053; x_wconf 90' lang='lat' dir='ltr'>in</span> <span class='ocrx_word' id='word_1_136' title='bbox 522 2988 679 3073; x_wconf 81' lang='lat' dir='ltr'>sequenti</span> <span class='ocrx_word' id='word_1_137' title='bbox 706 2987 883 3072; x_wconf 76' lang='lat' dir='ltr'>speciatim</span> <span class='ocrx_word' id='word_1_138' title='bbox 906 2987 947 3053; x_wconf 91' lang='lat' dir='ltr'>de</span> <span class='ocrx_word' id='word_1_139' title='bbox 975 2985 1112 3072; x_wconf 77' lang='lat' dir='ltr'>capellis</span> <span class='ocrx_word' id='word_1_140' title='bbox 1138 2985 1388 3052; x_wconf 85' lang='lat' dir='ltr'>monachorum</span> 
     </span>
     <span class='ocr_line' id='line_1_19' title="bbox 205 3093 1390 3178; baseline -0.002 -17"><span class='ocrx_word' id='word_1_141' title='bbox 205 3097 270 3161; x_wconf 87' lang='lat' dir='ltr'>erit</span> <span class='ocrx_word' id='word_1_142' title='bbox 281 3115 405 3174; x_wconf 89' lang='lat' dir='ltr'>sermo,</span> <span class='ocrx_word' id='word_1_143' title='bbox 423 3102 457 3162; x_wconf 93' lang='lat' dir='ltr'>et</span> <span class='ocrx_word' id='word_1_144' title='bbox 467 3098 503 3162; x_wconf 92' lang='lat' dir='ltr'>in</span> <span class='ocrx_word' id='word_1_145' title='bbox 518 3097 616 3163; x_wconf 89' lang='lat' dir='ltr'>titulo</span> <span class='ocrx_word' id='word_1_146' title='bbox 633 3097 675 3163; x_wconf 91' lang='lat' dir='ltr'>de</span> <span class='ocrx_word' id='word_1_147' title='bbox 690 3097 898 3162; x_wconf 75' lang='lat' dir='ltr'>edificandis</span> <span class='ocrx_word' id='word_1_148' title='bbox 912 3095 1063 3162; x_wconf 86' lang='lat' dir='ltr'>ecclesiis</span> <span class='ocrx_word' id='word_1_149' title='bbox 1077 3093 1304 3178; x_wconf 87' lang='lat' dir='ltr'>complebitur</span> <span class='ocrx_word' id='word_1_150' title='bbox 1318 3097 1390 3162; x_wconf 86' lang='lat' dir='ltr'>tota</span> 
     </span>
     <span class='ocr_line' id='line_1_20' title="bbox 204 3205 443 3274; baseline 0 -4"><span class='ocrx_word' id='word_1_151' title='bbox 204 3205 277 3272; x_wconf 83' lang='lat' dir='ltr'>haec</span> <span class='ocrx_word' id='word_1_152' title='bbox 289 3207 443 3274; x_wconf 87' lang='lat' dir='ltr'>materia.</span> 
     </span>
    </p>
   </div>
   <div class='ocr_carea' id='block_1_6' title="bbox 469 3389 1124 3460">
    <p class='ocr_par' dir='ltr' id='par_1_7' title="bbox 469 3389 1124 3460">
     <span class='ocr_line' id='line_1_21' title="bbox 469 3389 1124 3460; baseline -0.002 -14"><span class='ocrx_word' id='word_1_153' title='bbox 469 3392 489 3446; x_wconf 92' lang='lat'>1.</span> <span class='ocrx_word' id='word_1_154' title='bbox 508 3392 581 3456; x_wconf 83' lang='lat' dir='ltr'>Quid</span> <span class='ocrx_word' id='word_1_155' title='bbox 596 3393 626 3450; x_wconf 81' lang='lat' dir='ltr'>et</span> <span class='ocrx_word' id='word_1_156' title='bbox 638 3393 792 3460; x_wconf 81' lang='lat' dir='ltr'>quotuplex</span> <span class='ocrx_word' id='word_1_157' title='bbox 806 3389 844 3446; x_wconf 81' lang='lat' dir='ltr'>stt</span> <span class='ocrx_word' id='word_1_158' title='bbox 858 3390 961 3447; x_wconf 88' lang='lat' dir='ltr'>domus</span> <span class='ocrx_word' id='word_1_159' title='bbox 975 3389 1124 3459; x_wconf 73' lang='lat' dir='ltr'>religiosa?</span> 
     </span>
    </p>
   </div>
   <div class='ocr_carea' id='block_1_7' title="bbox 156 3525 1403 4904">
    <p class='ocr_par' dir='ltr' id='par_1_8' title="bbox 204 3525 1386 3829">
     <span class='ocr_line' id='line_1_22' title="bbox 243 3525 1382 3614; baseline 0.002 -22"><span class='ocrx_word' id='word_1_160' title='bbox 243 3525 372 3595; x_wconf 83' lang='lat' dir='ltr'>Domus</span> <span class='ocrx_word' id='word_1_161' title='bbox 400 3527 561 3612; x_wconf 87' lang='lat' dir='ltr'>religiosa</span> <span class='ocrx_word' id='word_1_162' title='bbox 589 3527 627 3592; x_wconf 90' lang='lat' dir='ltr'>in</span> <span class='ocrx_word' id='word_1_163' title='bbox 651 3545 779 3611; x_wconf 79' lang='lat' dir='ltr'>genere</span> <span class='ocrx_word' id='word_1_164' title='bbox 804 3533 858 3595; x_wconf 90' lang='lat' dir='ltr'>est</span> <span class='ocrx_word' id='word_1_165' title='bbox 884 3547 961 3614; x_wconf 81' lang='lat' dir='ltr'>quae</span> <span class='ocrx_word' id='word_1_166' title='bbox 988 3527 1032 3594; x_wconf 91' lang='lat' dir='ltr'>ad</span> <span class='ocrx_word' id='word_1_167' title='bbox 1060 3527 1191 3593; x_wconf 90' lang='lat' dir='ltr'>cultum</span> <span class='ocrx_word' id='word_1_168' title='bbox 1217 3525 1382 3606; x_wconf 83' lang='lat' dir='ltr'>divinum,</span> 
     </span>
     <span class='ocr_line' id='line_1_23' title="bbox 204 3633 1386 3722; baseline 0.006 -22"><span class='ocrx_word' id='word_1_169' title='bbox 204 3637 340 3720; x_wconf 88' lang='lat' dir='ltr'>pietatis</span> <span class='ocrx_word' id='word_1_170' title='bbox 354 3636 527 3702; x_wconf 78' lang='lat' dir='ltr'>ueletiam</span> <span class='ocrx_word' id='word_1_171' title='bbox 540 3637 781 3702; x_wconf 79' lang='lat' dir='ltr'>misericordie</span> <span class='ocrx_word' id='word_1_172' title='bbox 796 3654 900 3721; x_wconf 88' lang='lat' dir='ltr'>opera</span> <span class='ocrx_word' id='word_1_173' title='bbox 921 3636 1121 3714; x_wconf 82' lang='lat' dir='ltr'>exercenda,</span> <span class='ocrx_word' id='word_1_174' title='bbox 1141 3640 1194 3702; x_wconf 89' lang='lat' dir='ltr'>est</span> <span class='ocrx_word' id='word_1_175' title='bbox 1212 3633 1386 3722; x_wconf 80' lang='lat' dir='ltr'>deputato.</span> 
     </span>
     <span class='ocr_line' id='line_1_24' title="bbox 205 3744 959 3829; baseline 0.001 -21"><span class='ocrx_word' id='word_1_176' title='bbox 205 3745 408 3829; x_wconf 77' lang='lat' dir='ltr'>HuJ‘usmodi</span> <span class='ocrx_word' id='word_1_177' title='bbox 423 3747 544 3812; x_wconf 90' lang='lat' dir='ltr'>domus</span> <span class='ocrx_word' id='word_1_178' title='bbox 554 3749 637 3811; x_wconf 90' lang='lat' dir='ltr'>sunt</span> <span class='ocrx_word' id='word_1_179' title='bbox 648 3744 787 3829; x_wconf 87' lang='lat' dir='ltr'>triplicis</span> <span class='ocrx_word' id='word_1_180' title='bbox 802 3745 959 3828; x_wconf 86' lang='lat' dir='ltr'>generis:</span> 
     </span>
    </p>

    <p class='ocr_par' dir='ltr' id='par_1_9' title="bbox 206 3853 1387 4246">
     <span class='ocr_line' id='line_1_25' title="bbox 246 3853 1386 3939; baseline 0.004 -22"><span class='ocrx_word' id='word_1_181' title='bbox 246 3853 641 3939; x_wconf 62' lang='lat' dir='ltr'>incommodaque</span> <span class='ocrx_word' id='word_1_182' title='bbox 661 3855 705 3920; x_wconf 93' lang='lat' dir='ltr'>ad</span> <span class='ocrx_word' id='word_1_183' title='bbox 727 3853 859 3920; x_wconf 88' lang='lat' dir='ltr'>cultum</span> <span class='ocrx_word' id='word_1_184' title='bbox 885 3855 947 3921; x_wconf 88' lang='lat' dir='ltr'>Dei</span> <span class='ocrx_word' id='word_1_185' title='bbox 973 3859 1008 3920; x_wconf 92' lang='lat' dir='ltr'>et</span> <span class='ocrx_word' id='word_1_186' title='bbox 1021 3859 1218 3922; x_wconf 86' lang='lat' dir='ltr'>sanctorum</span> <span class='ocrx_word' id='word_1_187' title='bbox 1242 3873 1386 3924; x_wconf 84' lang='lat' dir='ltr'>vonera-</span> 
     </span>
     <span class='ocr_line' id='line_1_26' title="bbox 207 3963 1387 4049; baseline 0.006 -23"><span class='ocrx_word' id='word_1_188' title='bbox 207 3964 337 4028; x_wconf 86' lang='lat' dir='ltr'>tionem</span> <span class='ocrx_word' id='word_1_189' title='bbox 348 3982 411 4049; x_wconf 90' lang='lat' dir='ltr'>per</span> <span class='ocrx_word' id='word_1_190' title='bbox 423 3964 607 4030; x_wconf 89' lang='lat' dir='ltr'>missarum</span> <span class='ocrx_word' id='word_1_191' title='bbox 622 3963 790 4030; x_wconf 86' lang='lat' dir='ltr'>solemnia</span> <span class='ocrx_word' id='word_1_192' title='bbox 816 3968 1007 4049; x_wconf 73' lang='lat' dir='ltr'>ceteraque</span> <span class='ocrx_word' id='word_1_193' title='bbox 1030 3964 1145 4030; x_wconf 87' lang='lat' dir='ltr'>divina</span> <span class='ocrx_word' id='word_1_194' title='bbox 1167 3966 1279 4032; x_wconf 85' lang='lat' dir='ltr'>offleio</span> <span class='ocrx_word' id='word_1_195' title='bbox 1300 3967 1387 4034; x_wconf 84' lang='lat' dir='ltr'>cele-</span> 
     </span>
     <span class='ocr_line' id='line_1_27' title="bbox 207 4071 1386 4158; baseline 0.007 -23"><span class='ocrx_word' id='word_1_196' title='bbox 207 4071 336 4137; x_wconf 86' lang='lat' dir='ltr'>branda</span> <span class='ocrx_word' id='word_1_197' title='bbox 349 4072 532 4158; x_wconf 88' lang='lat' dir='ltr'>episcopali</span> <span class='ocrx_word' id='word_1_198' title='bbox 545 4071 802 4138; x_wconf 88' lang='lat' dir='ltr'>consecratione</span> <span class='ocrx_word' id='word_1_199' title='bbox 817 4077 898 4138; x_wconf 91' lang='lat' dir='ltr'>sunt</span> <span class='ocrx_word' id='word_1_200' title='bbox 912 4071 1088 4148; x_wconf 80' lang='lat' dir='ltr'>dedicatae;</span> <span class='ocrx_word' id='word_1_201' title='bbox 1109 4075 1152 4139; x_wconf 88' lang='lat' dir='ltr'>ab</span> <span class='ocrx_word' id='word_1_202' title='bbox 1173 4075 1247 4158; x_wconf 86' lang='lat' dir='ltr'>ipsa</span> <span class='ocrx_word' id='word_1_203' title='bbox 1268 4093 1386 4143; x_wconf 88' lang='lat' dir='ltr'>conse-</span> 
     </span>
     <span class='ocr_line' id='line_1_28' title="bbox 206 4179 796 4246; baseline 0.003 -2"><span class='ocrx_word' id='word_1_204' title='bbox 206 4179 357 4246; x_wconf 89' lang='lat' dir='ltr'>cratione</span> <span class='ocrx_word' id='word_1_205' title='bbox 372 4179 533 4246; x_wconf 89' lang='lat' dir='ltr'>dicuntur</span> <span class='ocrx_word' id='word_1_206' title='bbox 542 4180 665 4246; x_wconf 88' lang='lat' dir='ltr'>domus</span> <span class='ocrx_word' id='word_1_207' title='bbox 680 4197 796 4246; x_wconf 82' lang='lat' dir='ltr'>sacrae.</span> 
     </span>
    </p>

    <p class='ocr_par' dir='ltr' id='par_1_10' title="bbox 156 4285 1403 4904">
     <span class='ocr_line' id='line_1_29' title="bbox 246 4285 1388 4374; baseline 0.005 -24"><span class='ocrx_word' id='word_1_208' title='bbox 246 4287 339 4353; x_wconf 90' lang='lat' dir='ltr'>Inter</span> <span class='ocrx_word' id='word_1_209' title='bbox 360 4287 436 4354; x_wconf 88' lang='lat' dir='ltr'>illas</span> <span class='ocrx_word' id='word_1_210' title='bbox 460 4285 593 4367; x_wconf 88' lang='lat' dir='ltr'>domus,</span> <span class='ocrx_word' id='word_1_211' title='bbox 607 4289 741 4355; x_wconf 90' lang='lat' dir='ltr'>ratione</span> <span class='ocrx_word' id='word_1_212' title='bbox 763 4288 950 4371; x_wconf 80' lang='lat' dir='ltr'>dignitatis,</span> <span class='ocrx_word' id='word_1_213' title='bbox 968 4291 1117 4374; x_wconf 87' lang='lat' dir='ltr'>primum</span> <span class='ocrx_word' id='word_1_214' title='bbox 1138 4289 1254 4359; x_wconf 87' lang='lat' dir='ltr'>locum</span> <span class='ocrx_word' id='word_1_215' title='bbox 1266 4295 1388 4359; x_wconf 86' lang='lat' dir='ltr'>tenent</span> 
     </span>
     <span class='ocr_line' id='line_1_30' title="bbox 206 4395 1387 4485; baseline 0.003 -24"><span class='ocrx_word' id='word_1_216' title='bbox 206 4395 364 4462; x_wconf 70' lang='lat' dir='ltr'>basilico.</span> <span class='ocrx_word' id='word_1_217' title='bbox 381 4397 469 4462; x_wconf 87' lang='lat' dir='ltr'>Olim</span> <span class='ocrx_word' id='word_1_218' title='bbox 496 4397 644 4464; x_wconf 79' lang='lat' dir='ltr'>basilicae</span> <span class='ocrx_word' id='word_1_219' title='bbox 673 4398 886 4463; x_wconf 88' lang='lat' dir='ltr'>vocabantur</span> <span class='ocrx_word' id='word_1_220' title='bbox 910 4398 1034 4464; x_wconf 86' lang='lat' dir='ltr'>domus</span> <span class='ocrx_word' id='word_1_221' title='bbox 1058 4417 1163 4466; x_wconf 66' lang='lat' dir='ltr'>sacrae</span> <span class='ocrx_word' id='word_1_222' title='bbox 1192 4418 1269 4485; x_wconf 81' lang='lat' dir='ltr'>qnae</span> <span class='ocrx_word' id='word_1_223' title='bbox 1294 4399 1387 4485; x_wconf 86' lang='lat' dir='ltr'>apud</span> 
     </span>
     <span class='ocr_line' id='line_1_31' title="bbox 206 4505 1386 4592; baseline 0.003 -20"><span class='ocrx_word' id='word_1_224' title='bbox 206 4505 353 4588; x_wconf 88' lang='lat' dir='ltr'>gentiles</span> <span class='ocrx_word' id='word_1_225' title='bbox 367 4507 505 4573; x_wconf 82' lang='lat' dir='ltr'>luerent</span> <span class='ocrx_word' id='word_1_226' title='bbox 518 4507 641 4574; x_wconf 91' lang='lat' dir='ltr'>domus</span> <span class='ocrx_word' id='word_1_227' title='bbox 655 4507 772 4590; x_wconf 79' lang='lat' dir='ltr'>regiae,</span> <span class='ocrx_word' id='word_1_228' title='bbox 789 4525 850 4573; x_wconf 89' lang='lat' dir='ltr'>seu</span> <span class='ocrx_word' id='word_1_229' title='bbox 862 4507 976 4592; x_wconf 90' lang='lat' dir='ltr'>adjus</span> <span class='ocrx_word' id='word_1_230' title='bbox 990 4508 1174 4575; x_wconf 88' lang='lat' dir='ltr'>dicendum</span> <span class='ocrx_word' id='word_1_231' title='bbox 1186 4509 1386 4589; x_wconf 86' lang='lat' dir='ltr'>destinatae;</span> 
     </span>
     <span class='ocr_line' id='line_1_32' title="bbox 207 4615 1387 4701; baseline 0.007 -22"><span class='ocrx_word' id='word_1_232' title='bbox 207 4615 268 4680; x_wconf 87' lang='lat' dir='ltr'>sed</span> <span class='ocrx_word' id='word_1_233' title='bbox 282 4619 403 4700; x_wconf 85' lang='lat' dir='ltr'>postes</span> <span class='ocrx_word' id='word_1_234' title='bbox 416 4631 460 4682; x_wconf 84' lang='lat' dir='ltr'>ex</span> <span class='ocrx_word' id='word_1_235' title='bbox 473 4617 618 4701; x_wconf 85' lang='lat' dir='ltr'>profano</span> <span class='ocrx_word' id='word_1_236' title='bbox 632 4615 677 4682; x_wconf 82' lang='lat' dir='ltr'>od</span> <span class='ocrx_word' id='word_1_237' title='bbox 691 4635 828 4682; x_wconf 87' lang='lat' dir='ltr'>sacrum</span> <span class='ocrx_word' id='word_1_238' title='bbox 843 4633 945 4682; x_wconf 90' lang='lat' dir='ltr'>usum</span> <span class='ocrx_word' id='word_1_239' title='bbox 959 4634 1135 4684; x_wconf 75' lang='lat' dir='ltr'>conversae</span> <span class='ocrx_word' id='word_1_240' title='bbox 1151 4622 1241 4685; x_wconf 90' lang='lat' dir='ltr'>sunt.</span> <span class='ocrx_word' id='word_1_241' title='bbox 1257 4619 1387 4687; x_wconf 88' lang='lat' dir='ltr'>Deinde</span> 
     </span>
     <span class='ocr_line' id='line_1_33' title="bbox 156 4725 1403 4829; baseline 0.003 -37"><span class='ocrx_word' id='word_1_242' title='bbox 156 4739 160 4746; x_wconf 88' lang='lat'>·</span> <span class='ocrx_word' id='word_1_243' title='bbox 206 4725 377 4794; x_wconf 86' lang='lat' dir='ltr'>constanti</span> <span class='ocrx_word' id='word_1_244' title='bbox 392 4725 641 4810; x_wconf 81' lang='lat' dir='ltr'>significatione</span> <span class='ocrx_word' id='word_1_245' title='bbox 657 4743 785 4794; x_wconf 89' lang='lat' dir='ltr'>nomon</span> <span class='ocrx_word' id='word_1_246' title='bbox 799 4725 946 4794; x_wconf 80' lang='lat' dir='ltr'>basilicae</span> <span class='ocrx_word' id='word_1_247' title='bbox 958 4725 1076 4796; x_wconf 88' lang='lat' dir='ltr'>datum</span> <span class='ocrx_word' id='word_1_248' title='bbox 1086 4728 1300 4798; x_wconf 86' lang='lat' dir='ltr'>estecclesiis</span> <span class='ocrx_word' id='word_1_249' title='bbox 1311 4749 1403 4829; x_wconf 28' lang='lat' dir='ltr'>qual</span> 
     </span>
     <span class='ocr_line' id='line_1_34' title="bbox 333 4839 1270 4904; baseline 0.005 -5"><span class='ocrx_word' id='word_1_250' title='bbox 333 4855 366 4900; x_wconf 87' lang='lat'>11.</span> <span class='ocrx_word' id='word_1_251' title='bbox 1230 4839 1270 4904; x_wconf 82' lang='lat'>30</span> 
     </span>
    </p>
   </div>
   <div class='ocr_carea' id='block_1_8' title="bbox 0 0 1768 5572">
    <p class='ocr_par' dir='ltr' id='par_1_11' title="bbox 0 0 1768 5572">
     <span class='ocr_line' id='line_1_35' title="bbox 0 0 1768 5572; baseline 0 0"><span class='ocrx_word' id='word_1_252' title='bbox 0 0 1768 5572; x_wconf 95' lang='lat' dir='ltr'> </span> 
     </span>
    </p>
   </div>
  </div>
 </body>
</html>
