3510 5574
556 619 643 666 arnas
664 619 790 665 rannus
810 613 1037 666 nncmruuuu:
1324 598 1382 662 tui

205 739 298 804 ratus
311 735 441 803 divisus
453 739 506 804 est
518 735 554 800 in
575 737 654 814 duo,
675 736 820 824 ideoque
839 737 984 822 incapax
1000 753 1037 802 se
1058 739 1170 803 totum
1191 734 1387 820 devoveudi,

204 844 309 910 cultui
322 845 449 911 divino.
482 877 487 886 ·
1367 827 1369 834 ’

243 953 276 1017 2⁰
290 955 358 1018 Lex
379 953 436 1017 illa
456 956 511 1018 asi
535 953 749 1031 universalis,
767 955 923 1036 obligans
939 954 1081 1020 clericos
1100 953 1204 1018 etiam
1227 950 1382 1016 Ecclesia

206 1062 339 1138 Graeoae,
357 1061 415 1147 qui
425 1065 504 1144 post
517 1066 693 1146 susceptos
707 1063 843 1128 ordines
859 1067 1037 1147 nequeunt
1048 1060 1249 1127 contrahere
1265 1059 1381 1123 matri-

204 1169 371 1245 monium,
387 1169 467 1234 licet
477 1188 561 1236 usus
575 1171 795 1248 matrimonii,
812 1175 915 1237 antea
932 1169 1107 1246 contracti,
1124 1161 1173 1234 eis
1194 1167 1382 1252 permissus

205 1277 257 1354 sit,
271 1278 422 1362 exceptis
432 1277 738 1362 saltemepiscopis.
750 1277 867 1356 Quoad
878 1277 1077 1354 orientales,
1087 1277 1160 1342 baec
1169 1275 1382 1342 consuetudo

205 1405 272 1471 qua
299 1404 383 1450 usus
412 1386 620 1451 matrimonii
644 1387 817 1464 toleratur,
843 1407 864 1453 a
886 1386 1011 1452 celebri
1029 1403 1160 1451 canone
1186 1385 1225 1448 l3
1243 1383 1383 1449 concilii

203 1493 351 1560 Trullani
363 1495 517 1578 incoepit;
542 1495 604 1562 sed
620 1495 676 1561 ille
691 1515 802 1562 canon
818 1513 997 1580 nunquam
1016 1495 1081 1562 tuit
1094 1479 1243 1578 positive
1259 1505 1381 1576 appro-

203 1604 302 1668 batus
317 1622 339 1667 a
359 1602 445 1669 Sede
464 1603 668 1687 apostolica,
686 1623 760 1690 quae
786 1608 901 1671 tamon
915 1603 1038 1669 tolerat
1063 1601 1157 1667 illam
1175 1601 1295 1686 minus¹
1312 1600 1383 1665 lau·

205 1711 350 1776 debilem
363 1712 659 1778 consuetudinem.
681 1712 787 1779 Hodie
801 1714 838 1778 in
852 1711 999 1778 Ecclesia
1014 1711 1128 1778 Graeca
1140 1707 1285 1778 invaluit
1298 1725 1382 1774 con·

203 1821 349 1886 suetudo
362 1821 505 1888 abusiva
518 1821 835 1906 etreprebeusibilis
845 1841 913 1908 qua
927 1820 1125 1886 subdiaconi
1136 1835 1383 1884 uxoremassu-

202 1945 296 1992 mere
307 1933 460 2012 possent3
473 1933 508 1994 et
517 1929 806 2010 BenedictuslllV,
815 1931 851 1994 in
861 1933 969 1995 const.
979 1927 1058 1993 Etsi
1056 1926 1255 2014 pastoralis,
1265 1925 1383 1991 statuit

202 2035 351 2103 invalida
366 2055 442 2104 esse
457 2039 677 2108 matrimonia
690 2058 711 2105 a
726 2039 944 2105 subdiaconis
958 2035 1182 2102 ltachraecis
1196 2039 1379 2102 contracta.

242 2145 275 2210 3ο
289 2143 376 2211 Olim
392 2146 657 2214 subdiaconatus
670 2148 821 2213 nonfuit
841 2152 934 2214 certo
958 2150 1176 2232 computatus
1191 2147 1280 2210 inter
1293 2144 1383 2210 ordi-

200 2273 265 2338 nes
280 2273 414 2332 saoros3
433 2256 493 2322 sed
508 2275 528 2321 a
542 2256 679 2322 decreto
701 2255 826 2322 Urbani
845 2255 873 2320 ll
896 2255 1025 2321 relatus
1046 2259 1099 2320 est
1119 2253 1209 2320 inter
1227 2254 1331 2338 ipsos,
1348 2258 1383 2319 et

201 2361 279 2432 ideo
294 2363 398 2430 etiam
412 2363 611 2431 subdiaconi
624 2363 772 2432 invalide
787 2365 1029 2430 contraherent
1046 2361 1314 2429 matrimonium.

449 2560 480 2612 u.
498 2561 538 2612 be
552 2558 630 2612 tonte
643 2559 770 2624 proximo
785 2527 965 2625 obligationis
978 2551 1135 2612 coebbatus.
1258 2547 1261 2554 “

243 2699 413 2779 Quaeritur
440 2719 485 2766 an
510 2701 584 2767 baec
610 2699 772 2783 obligatio
789 2698 949 2765 servandi
977 2697 1224 2766 continentiam
1252 2699 1382 2766 oriatur

203 2811 336 2874 tantum
351 2827 395 2874 ex
417 2809 481 2874 bac
498 2809 576 2891 lege
594 2807 763 2886 neolone,
779 2825 823 2873 an
846 2807 950 2874 etiam
973 2827 1017 2872 ex
1030 2811 1112 2874 voto
1128 2805 1219 2892 quod
1235 2805 1382 2874 Ecclesia

201 2915 312 2982 ordini
327 2935 423 2982 sacro
437 2916 621 2982 adnexuit?

240 3024 340 3109 Resp·
371 3025 491 3090 Scotus
515 3031 549 3090 et
575 3025 631 3091 alii
652 3025 826 3090 affirmant
857 3023 1102 3107 obligationem
1123 3024 1204 3090 oriri
1225 3042 1269 3088 ex
1286 3041 1382 3090 mera

203 3133 445 3198 constitutione
453 3133 690 3200 ecclesiastica.
703 3133 743 3198 Et
756 3131 931 3198 adducunt
943 3132 1057 3197 varios
1072 3135 1187 3197 textus
1197 3131 1285 3215 Juris
1300 3131 1382 3196 anti-

203 3241 330 3325 quioris
344 3245 379 3305 et
391 3241 602 3318 recentioris,
618 3246 654 3306 et
674 3240 850 3324 speciatim
871 3239 972 3316 Trid,
993 3257 1077 3304 sess.
1104 3239 1153 3316 td,
1170 3257 1244 3304 can.
1270 3239 1300 3314 9,
1325 3239 1381 3303 ubi

203 3367 363 3432 expresse
385 3350 542 3415 meminit
552 3349 640 3432 legis
656 3347 902 3426 ecclesiasticas,
920 3347 1013 3412 nulla
1032 3348 1122 3414 iacta
1141 3347 1317 3412 montione
1339 3347 1380 3411 de

202 3462 294 3523 voto.
318 3457 471 3536 Econtra
494 3459 561 3536 alii,
583 3463 622 3523 ut
636 3457 786 3542 Gajetan,
802 3457 972 3534 Bellium„
990 3457 1149 3533 Sanchez,
1171 3460 1248 3532 etc,
1265 3455 1382 3520 dicunt

203 3567 447 3650 obligationem
462 3567 543 3633 oriri
558 3587 601 3634 ex
616 3557 690 3634 solo
705 3573 798 3646 voto,
814 3567 988 3652 productis
1004 3567 1108 3632 etiam
1122 3564 1196 3630 aliis
1206 3563 1294 3647 Jun's
1309 3569 1382 3628 tax·
1480 3602 1482 3606 ι

203 3674 304 3739 tibus.
315 3675 427 3741 Tertia
437 3677 608 3741 sententia
618 3675 798 3759 distinguit
806 3676 896 3742 inter
906 3693 986 3742 eum
997 3674 1055 3759 qui
1070 3673 1212 3756 suscipit
1225 3670 1381 3738 ordinem

202 3801 348 3860 sacrum,
364 3783 529 3850 scientem
543 3785 574 3849 ei
588 3785 761 3851 adnexum
774 3803 849 3850 esse
864 3783 1082 3849 continentiae
1099 3786 1231 3857 votum,
1247 3778 1304 3846 vel
1316 3781 1381 3844 boc

201 3893 428 3974 ignorantem.
445 3891 483 3957 ln
495 3893 607 3978 primo
619 3893 836 3970 casu-tacite
849 3892 963 3958 emisit
983 3895 1121 3967 votum3
1137 3890 1174 3953 in
1186 3888 1378 3973 posteriori,

201 4000 411 4082 obligaretur
422 3999 640 4066 solummodo
650 4019 693 4066 ex
705 4000 949 4067 constitutione
964 3997 1131 4074 Ecclesia,
1141 4015 1213 4062 non
1227 4015 1270 4061 ex
1285 3999 1378 4072 voto,

201 4109 281 4192 quia
294 4113 415 4174 votum
430 4112 483 4173 est
495 4107 552 4173 lex
565 4110 699 4192 privata
714 4127 817 4193 quam
832 4109 976 4192 quisque
991 4107 1055 4172 sibi
1067 4103 1259 4172 voluntarie
1271 4103 1378 4186 ponit.

118 4193 128 4212 ⁶
201 4215 327 4293 Quarta
348 4221 383 4280 et
407 4215 613 4299 probabilior
633 4216 748 4302 opinio
772 4216 921 4282 affirmat
948 4215 1095 4280 scientes
1125 4218 1160 4278 et
1181 4212 1380 4293 ignorantes

200 4328 322 4389 votnm
340 4325 449 4389 teneri
463 4341 507 4389 ex
523 4329 616 4401 voto,
634 4323 714 4410 quia
726 4323 875 4390 Ecclesia
890 4324 968 4407 lege
981 4319 1165 4388 universab
1181 4325 1216 4385 et
1228 4318 1380 4401 legitime

201 4433 427 4516 promulgata,
437 4453 477 4500 ac
490 4434 633 4519 proinde
649 4452 770 4499 omnes
781 4433 965 4516 obligante,
974 4431 1139 4512 adnexuit
1147 4433 1267 4496 votum
1277 4425 1381 4492 conti-

202 4544 328 4608 nentia
353 4545 457 4611 saona
480 4548 614 4610 tantum
638 4535 824 4610 ordinibus.
847 4543 965 4629 ltaque
991 4561 1033 4609 eo
1052 4541 1128 4626 ipso
1147 4539 1244 4626 quod·
1259 4537 1380 4622 aliquis

207 4652 317 4716 sciens
330 4652 499 4718 etvolens
512 4653 616 4718 sacris
632 4653 808 4718 ordinibus
829 4652 981 4719 initiatus
1004 4653 1073 4727 est,
1082 4650 1161 4716 licet
1172 4645 1381 4730 ignoraverit

206 4764 325 4825 votum
341 4761 485 4838 adnecti,
502 4762 600 4828 tacite
619 4761 733 4828 emisit
745 4765 876 4827 votnm.
