3504 5572
594 613 681 659 11111
703 611 830 658 rannus
851 609 1071 656 1111111111.
1363 587 1422 653 387

243 729 443 803 mentiosi*
460 730 564 813 hujus
581 729 685 806 tituli;
701 730 734 793 3⁰
754 746 815 812 pro
831 727 906 792 loco
926 726 969 790 ad
991 723 1187 810 sepelienda
1207 728 1423 790 mortuorum

141 913 148 930 ι
243 855 386 921 corpora
412 837 574 920 deputato
597 858 604 900 :
628 837 676 902 ita
704 836 852 900 sumitur
871 835 908 899 in
932 852 1004 916 cap.
1025 832 1164 915 {ihujus
1187 831 1236 895 tit.
1254 830 1421 896 Praeterea

244 945 419 1029 sepultura
433 945 499 1010 alia
518 945 639 1010 dicitur
654 943 847 1010 communis
864 947 898 1007 et
917 941 983 1007 alia
996 959 1092 1006 saera
1107 940 1163 1006 vel
1177 940 1422 1014 ecelesiastica;

244 1072 365 1119 omnes
381 1056 473 1119 enim
492 1060 613 1136 gentes
629 1073 765 1138 semper
780 1055 996 1136 agnoverunt
1016 1050 1218 1132 dignitatern
1235 1050 1422 1114 humanam

244 1163 382 1244 exigere
405 1163 583 1228 decentem
604 1161 827 1245 sepulturam.
846 1159 912 1224 Sed
932 1158 1080 1223 Ecclesia
1101 1141 1220 1222 Christi
1243 1155 1424 1240 specialem

243 1287 361 1334 curam
374 1271 493 1334 habuit
507 1289 688 1354 corporum
700 1267 863 1344 fidelium,
878 1285 957 1332 oum
972 1270 1211 1350 postmortem
1227 1268 1425 1348 perseveret

243 1379 440 1442 communio
464 1383 671 1442 sanctorum.

284 1488 314 1570 d)
329 1487 416 1551 Olim
430 1487 566 1570 sepeliri
586 1505 729 1570 corpora
747 1489 905 1570 poterant
918 1486 953 1550 in
968 1485 1089 1570 quovis
1104 1483 1179 1549 loco
1194 1485 1350 1560 honesto,
1365 1484 1422 1569 qui

243 1601 424 1679 propterea
434 1595 614 1676 religiosus
622 1596 735 1670 tiebat,
748 1613 787 1659 ac
798 1594 938 1678 proinde
950 1599 1047 1660 extra
1054 1593 1297 1658 commercium
1304 1595 1424 1658 huma-

243 1721 328 1766 num
342 1705 485 1786 positus.
502 1703 567 1768 Sed
581 1703 693 1780 hodie,
710 1703 751 1767 de
763 1705 841 1785 jure
856 1703 1031 1778 canonico,
1044 1701 1134 1786 apud
1146 1702 1348 1767 christianos
1363 1701 1419 1766 ille

243 1811 356 1876 solum
368 1812 463 1876 iocus
479 1812 624 1876 efficitur
637 1809 818 1902 religiosus
833 1811 891 1893 qui
905 1810 1039 1892 publica
1053 1809 1201 1894 episcopi
1221 1811 1423 1874 auctoritate

243 1919 286 1984 ed
300 1920 454 1984 ssdeiium
467 1918 677 2002 sepulturam
693 1918 884 2001 deputatur.
898 1917 973 1983 llaec
988 1918 1162 2002 deputatio
1174 1919 1213 1982 sst
1223 1938 1285 2002 per
1299 1917 1420 1984 solem-

243 2045 324 2092 nem
339 2027 628 2102 benedictionem,
646 2045 713 2110 qua
735 2025 882 2090 Ecclesia
902 2026 1078 2090 constituit
1091 2026 1165 2117 laea
1180 2027 1418 2092 defunctorum

243 2137 395 2202 fidelium
411 2137 569 2201 distincta
583 2155 621 2200 ac
636 2141 792 2219 separata
809 2135 1025 2218 asepulturis
1044 2141 1298 2201 extraneorum
1313 2137 1420 2201 Locus

244 2245 428 2328 sepultura
445 2250 587 2311 vocatur
601 2247 836 2310 caemeterium
852 2263 914 2308 seu
928 2245 1174 2322 dormitorium,
1188 2263 1302 2310 avoee
1312 2263 1424 2326 gram

242 2353 457 2434 11111ωρ11111
479 2353 559 2438 quia
575 2353 661 2418 ssdes
678 2351 777 2418 docet
789 2353 992 2418 christianos
1011 2371 1082 2418 non
1101 2354 1200 2432 mori,
1218 2354 1278 2418 sed
1293 2354 1424 2419 interea

244 2461 404 2539 dormire,
422 2462 532 2528 donec
546 2461 582 2524 in
598 2460 783 2525 universali
796 2461 1044 2526 resurrectione
1060 2463 1261 2526 excitentur.
1278 2461 1426 2526 Ecclesia

244 2589 380 2654 semper
395 2571 529 2634 curavit
549 2586 693 2651 corpora
714 2567 867 2633 fidelium
886 2568 922 2632 in
937 2569 1142 2634 coemeteriis
1160 2570 1310 2634 condiet
1327 2587 1426 2652 sepe-

242 2676 307 2756 liri,
325 2685 363 2741 ut
376 2679 423 2744 ibi
436 2677 652 2763 requiescant
669 2677 705 2740 in
718 2677 970 2760 exspectatione
993 2678 1252 2742 resurrectionis
1273 2683 1427 2743 mortuo-

243 2805 336 2864 rum;
354 2807 532 2872 nunqnam
554 2805 636 2852 vero
658 2787 813 2870 permisit
828 2787 1073 2852 cremationem
1092 2792 1152 2852 aut
1174 2805 1425 2872 quamcumque

244 2896 430 2961 violentam
459 2896 727 2961 destructionem
756 2911 953 2976 corporum,
978 2913 1053 2978 quae
1078 2896 1249 2960 feritatem
1274 2895 1424 2972 redolet;

245 3005 392 3086 dignitas
413 3006 510 3070 enim·
526 3006 679 3070 humana
700 3005 807 3086 exigit
829 3009 867 3072 ut
887 3004 1054 3070 cadavera
1075 3004 1275 3070 naturaliter
1302 3023 1427 3072 consu·
1449 3025 1452 3032 ¹

244 3119 393 3191 mantua,
411 3115 504 3180 omni
527 3114 679 3180 violenta
698 3114 830 3179 actione
855 3114 1004 3182 hominis
1032 3113 1179 3179 exclusa.
1197 3115 1307 3191 Quare
1329 3114 1426 3179 Boni-

244 3225 350 3290 iacius
364 3223 445 3300 VIII,
457 3225 493 3288 in
507 3241 536 3289 e.
549 3225 565 3288 1
582 3224 615 3288 h.
629 3229 651 3286 t.
665 3223 810 3306 (Extrav.
827 3224 966 3306 comm.)
980 3223 1155 3287 interdixit
1169 3242 1290 3288 omnes
1302 3224 1425 3288 modos

243 3332 413 3397 violentos
428 3331 653 3398 consumendi
667 3350 820 3415 corpora.
837 3331 885 3394 De
906 3331 1045 3413 Angelis
1063 3333 1138 3397 fuse
1153 3333 1334 3416 impugnat
1353 3351 1425 3398 ere-

243 3441 431 3506 mationem
441 3459 635 3524 corporum,
653 3459 674 3504 a
687 3439 891 3524 quibusdam
903 3439 1149 3510 recentioribus
1166 3427 1302 3523 magnis
1315 3440 1424 3524 landi-

244 3550 307 3614 bus
321 3549 527 3615 celebratam
541 3550 586 3631 (n.
604 3550 623 3614 6
637 3551 670 3612 h.
687 3550 734 3631 t).

284 3659 310 3738 c)
324 3657 527 3724 Goemeteria
537 3658 690 3724 construi
704 3661 850 3741 possunt
859 3657 894 3720 in
905 3657 1041 3724 civitate
1055 3655 1112 3723 vel
1125 3663 1221 3726 extra
1232 3659 1421 3738 civitatem;

243 3766 445 3850 plerumque
459 3785 565 3850 prope
579 3766 757 3831 eeclesiam
770 3771 1015 3844 consecratam,
1027 3767 1130 3851 idque
1144 3769 1310 3834 obvarias
1324 3769 1424 3833 ratio-

244 3895 324 3940 nes:
337 3877 367 3940 1ο
377 3881 415 3939 ut
426 3876 546 3941 fideles
561 3877 827 3960 pereoemeteria
836 3877 1002 3942 adeuntes
1017 3877 1322 3944 commonesserent
1336 3895 1425 3942 mor·

244 3983 384 4049 talitatis
398 3989 433 4049 et
449 3985 561 4049 exitus
581 3985 633 4048 sui
653 3986 767 4060 evita,
787 4003 854 4067 qua
878 3985 971 4050 nulla
985 3989 1038 4050 est
1057 3984 1224 4051 salubrior
1246 3986 1423 4068 cogitati03

222 4073 277 4154 '2⁰
291 4097 329 4156 ut
351 4093 511 4158 vivorum
540 4093 700 4158 ecclesias
725 4092 991 4174 ingredientium
1017 4093 1163 4158 charitas
1189 4094 1356 4158 excitetur
1381 4094 1424 4160 ad

243 4217 361 4283 preces
383 4200 576 4266 tundendas
597 4218 659 4284 pro
684 4200 863 4264 animabus
884 4199 1123 4265 detunctorum
1144 4201 1190 4264 ibi
1209 4203 1425 4286 requiescen-

244 4307 341 4372 tium.
365 4309 431 4374 Sed
460 4325 629 4374 excausa
656 4307 849 4373 rationabili
874 4307 1027 4373 construi
1053 4314 1199 4391 possunt
1226 4309 1424 4375 coemeteria

244 4419 348 4482 etiam
366 4417 402 4481 in
421 4416 496 4482 loco
514 4422 649 4484 remoto
669 4417 711 4482 ab
734 4416 886 4495 ecclesia,
902 4417 1093 4500 praesertim
1111 4418 1140 4482 si
1160 4418 1329 4484 destinata
1350 4421 1423 4484 iue-

243 4526 311 4589 rint
325 4544 386 4608 pro
400 4527 583 4610 pestiferis.

194 4699 195 4704 ,
284 4630 402 4711 Quoad
423 4635 636 4718 sepulturam
649 4636 740 4703 intra
754 4635 942 4715 ecclesiam,
959 4636 1150 4710 notandum
1168 4641 1221 4701 est
1235 4637 1327 4722 quod
1341 4643 1420 4704 ante

244 4742 407 4807 saeculum
423 4763 470 4820 rx,
491 4744 621 4810 nemini
636 4760 800 4828 unquam,
825 4745 975 4827 exeeptis
991 4745 1168 4829 episcopis,
1189 4746 1366 4812 abbatibus
1389 4752 1424 4810 et
