3504 5566
532 577 619 622 nisan
640 579 792 638 susurrus
811 581 1032 628 uscasrnmuu.
1306 569 1370 632 lbi

193 699 296 777 prout
310 699 363 759 ost
374 696 432 778 jus
447 693 628 778 quesitum
643 714 685 760 ex
699 697 916 779 possessione
930 683 1253 784 legitimo'tompore
1266 703 1371 768 conti·

193 807 309 868 unam.

236 910 265 991 d)
280 909 489 994 Praesoriptio
505 910 688 976 dividitur:
706 915 738 976 10
749 913 786 978 lu
800 914 1010 978 ordinariam
1022 934 1083 980 seu
1093 916 1189 1000 lonpi
1200 921 1368 1002 temporis,

192 1053 234 1064 -
249 1036 383 1102 quares
397 1017 532 1082 mobilis
546 1019 703 1096 triennio,
720 1021 904 1086 immobilis
914 1041 997 1087 vero
1009 1023 1174 1088 decennio
1189 1025 1279 1091 inter
1290 1044 1373 1109 pree·

191 1131 320 1203 sentes,
338 1131 372 1191 et
385 1126 541 1191 vicennio
556 1127 646 1191 inter
660 1128 820 1194 absentes
829 1131 1068 1213 prescribitur,
1080 1167 1122 1180 -
1137 1133 1372 1198 entraordina-

192 1237 283 1299 ricm
299 1255 360 1299 seu
376 1236 564 1320 lonpz'asimt
573 1238 741 1320 temporis,
758 1255 833 1321 quaa
849 1242 1003 1321 tempore
1018 1240 1058 1303 30
1068 1239 1124 1303 vel
1142 1239 1182 1304 to
1202 1259 1371 1306 annorum

192 1343 395 1426 completur,
413 1347 447 1408 et
461 1345 750 1420 immemoriolem,
765 1348 863 1428 cujus
875 1347 1011 1410 initium
1025 1347 1158 1413 excedit
1169 1350 1371 1414 memoriam

192 1451 386 1527 hominum,
410 1451 481 1516 sive
504 1452 639 1536 lapsum
659 1453 704 1516 sit
727 1456 864 1537 tempus
884 1455 953 1530 100,
970 1455 1043 1519 sive
1058 1454 1208 1538 plurium
1222 1455 1278 1519 vel
1291 1474 1371 1538 pau-

191 1560 326 1626 ciorum
339 1577 518 1625 annorum.
1402 1645 1406 1652 .

189 1649 193 1658 ⁴
233 1671 266 1736 2⁰
282 1669 319 1733 lu
336 1669 500 1748 odiosam,
526 1689 601 1755 quae
617 1671 652 1735 in
677 1672 794 1736 odium
813 1673 1031 1754 negligentia
1046 1690 1294 1756 possessorum,
1317 1691 1372 1738 res

194 1797 276 1844 suas
290 1797 360 1844 uon
374 1780 579 1858 curantium,
595 1779 788 1846 introducta
800 1785 867 1857 est;
884 1781 1122 1864 favorabiles,
1140 1799 1216 1866 quae
1231 1783 1267 1845 in
1278 1781 1373 1846 favo·

193 1905 269 1953 rem
283 1888 489 1971 possidentis
505 1893 645 1972 propter
663 1890 790 1954 bonam
804 1889 909 1953 fldem
924 1895 958 1954 et
969 1893 1103 1972 justum
1117 1889 1254 1954 titulum
1268 1890 1372 1956 intro-

194 1995 297 2062 ducta
309 2001 371 2074 est,
383 1997 433 2061 uti
447 1997 623 2062 triennalis
631 1998 666 2060 in
675 1997 869 2074 mobilibus,
883 1999 1081 2073 etmtrtam,
1095 2003 1172 2082 quae
1181 1998 1373 2063 introducta
1389 2003 1391 2010 '

193 2109 248 2169 est
261 2105 386 2188 partim
401 2106 444 2169 ob
460 2105 576 2171 odium
584 2105 801 2188 negligentis,
813 2105 938 2190 partim
948 2107 991 2170 ob
1005 2106 1372 2190 favorempossideutis

192 2213 366 2278 bonafide
381 2216 518 2295 etjusto
530 2213 640 2290 titulo,
656 2214 706 2276 uti
721 2217 774 2278 est
788 2213 996 2297 prescriptio
1011 2213 1050 2277 10
1064 2214 1121 2277 val
1134 2215 1173 2278 20
1188 2230 1368 2278 annorum.

233 2321 266 2386 30
281 2321 319 2386 ln
327 2323 524 2406 positivam,
541 2341 608 2406 qua
620 2325 678 2404 jus
693 2321 844 2386 alienum
859 2321 957 2386 nobis
969 2321 1164 2404 acquiritur,
1185 2325 1219 2386 et
1227 2323 1372 2404 privati-

194 2449 285 2518 vam,
301 2449 368 2513 qua
378 2431 436 2513 jus
450 2429 600 2494 ebenum
610 2429 645 2494 in
655 2449 691 2494 re
706 2433 824 2494 nostra
838 2429 1076 2510 exstinguitur,
1090 2433 1128 2492 ut
1138 2429 1166 2492 si
1175 2429 1372 2512 praestabas

194 2537 362 2602 servituti.

236 2645 264 2726 r)
279 2645 489 2728 Praesoriptio
520 2647 550 2708 10
580 2645 772 2711 introducta
801 2649 853 2710 est
879 2646 1029 2728 primum
1054 2647 1132 2726 jure
1160 2643 1261 2720 civili,
1294 2643 1372 2708 dein

193 2755 381 2838 approbata
396 2773 457 2836 per
478 2755 535 2836 jus
558 2753 770 2818 canonicum.
797 2751 904 2818 Causa
923 2751 1115 2835 principalis
1135 2750 1372 2816 introducendi

193 2861 487 2948 praescriptionem
506 2861 570 2926 luit
590 2861 720 2926 bonum
734 2859 916 2944 publicum,
939 2879 983 2925 ue
1001 2877 1118 2923 rerum
1138 2859 1288 2924 dominia
1302 2879 1372 2924 ma-

193 2973 317 3034 nerent
328 2970 457 3034 iucerta
473 2974 508 3032 et
525 2970 690 3032 confusa:
716 2987 783 3054 quo
802 2987 883 3034 casu
898 2985 1115 3052 possessores
1137 2985 1252 3032 rarum
1266 2969 1372 3031 conti-

193 3075 395 3143 nuislitibus
404 3081 611 3142 vexarentur
626 3077 791 3142 etfundos
801 3094 980 3161 possessos
988 3095 1059 3141 non
1071 3076 1238 3140 auderent
1246 3075 1368 3148 colere,

194 3205 239 3252 ne
254 3185 329 3250 eliis
352 3191 386 3250 et
409 3203 478 3249 nou
503 3185 567 3248 sibi
589 3185 793 3250 laborarent.
819 3185 927 3262 Causa
951 3183 1151 3248 secundaria
1175 3183 1241 3247 fuit
1256 3184 1371 3248 uthoc

193 3293 297 3357 modo
323 3292 547 3374 homiuesad
569 3293 737 3357 curandas
761 3311 815 3357 res
845 3311 925 3358 suas
949 3292 1167 3357 efficerentur
1190 3290 1369 3365 cautiores,

195 3400 278 3464 dum
293 3399 410 3463 vident
423 3399 669 3482 negligentiam
681 3401 795 3484 puniri
810 3399 1028 3484 ademptione
1044 3399 1196 3463 dominii.

236 3507 267 3570 2⁰
283 3507 442 3592 Sequitur
455 3509 746 3592 praescriptionem
761 3511 892 3592 justam
909 3527 984 3572 esse
999 3507 1035 3570 in
1048 3507 1123 3572 foro
1142 3489 1368 3572 conscientias.

195 3615 293 3680 Ratio
309 3621 371 3692 est,
387 3617 467 3699 quia
479 3616 646 3700 princeps,
658 3617 693 3680 vi
708 3615 848 3681 dominii
859 3615 927 3691 alti,
945 3616 988 3681 ob
998 3633 1140 3696 gravem
1155 3619 1189 3678 et
1202 3614 1370 3697 publicam

195 3741 334 3788 oausam
344 3727 458 3808 potest
471 3723 659 3788 dominium
668 3726 710 3789 ab
723 3742 792 3788 uuo
805 3723 940 3788 subdito
950 3723 1133 3788 transferre
1146 3722 1190 3786 ad
1205 3713 1369 3787 alterum:

197 3834 314 3899 omnia
327 3833 419 3897 enim
433 3834 524 3899 bona
534 3833 748 3898 subditorum
761 3832 932 3896 deservire
949 3831 1256 3895 debentoommuni
1267 3823 1368 3895 bono.

198 3941 349 4023 beiudej
354 3959 394 4005 us
407 3941 610 4006 canonicum
627 3941 792 4023 approbat
808 3940 1091 4024 praescriptiones,
1112 3944 1146 4003 et
1164 3938 1240 4002 ideo
1255 3943 1366 4002 censet

197 4049 271 4114 illas
283 4067 357 4114 esse
370 4052 492 4132 Justas‚
510 4049 636 4113 etiarn
628 4069 664 4112 ιιι
677 4049 752 4113 foro
766 4049 912 4113 interno.

238 4159 363 4224 Tamen
375 4159 454 4222 licet
467 4159 674 4241 praescriptio
697 4157 889 4222 introducta
914 4158 957 4221 sit
970 4161 1108 4240 pr·opte1
1123 4157 1251 4220 bouum
1264 4097 1371 4238 publi-

198 4287 288 4346 cum,
308 4269 430 4352 privati
446 4273 590 4350 possunt
612 4267 643 4331 ei
661 4271 787 4331 renunt
788 4268 858 4331 iare
877 4267 993 4352 pactis,
1009 4267 1088 4351 quia
1101 4266 1255 4330 favorem
1266 4265 1373 4348 priva-

201 4383 314 4442 torum
324 4377 500 4461 ¹concernit
514 4377 668 4441 ultimate
685 4381 720 4442 et
732 4378 768 4440 in
783 4377 917 4442 effectu.

238 4487 270 4550 30
282 4485 330 4550 Ex
344 4487 602 4572 hoccorollario
617 4486 709 4552 aliud
722 4486 952 4570 consequitur,
973 4503 1096 4568 nempe
1116 4484 1207 4569 quod
1221 4485 1372 4568 praescri-

200 4596 284 4659 bens
296 4614 370 4661 rem
392 4595 543 4680 aliquam
555 4615 627 4662 non
640 4600 826 4673 teneretur,
841 4599 920 4680 post
934 4593 1138 4677 completam
1152 4591 1372 4677 prascriptio-

200 4723 292 4780 nem,
307 4703 399 4770 illam
414 4724 487 4772 rem
507 4706 698 4786 restituere,
713 4704 975 4806 siqcognovieset,
995 4722 1071 4770 eam
1086 4702 1234 4770 alienam
1246 4701 1370 4779 suisse3
