3488 5568
384 599 445 664 aso
844 615 895 661 ms
915 612 1095 660 canosum.

386 739 479 802 tione
491 735 536 818 (S.
550 734 673 816 songr.
686 734 786 800 sono.
803 733 843 798 18
857 733 930 798 dee.
948 733 1039 810 tm,
1064 735 1104 797 11
1128 735 1201 816 jan.
1220 731 1439 800 litli'b'nllo
1458 735 1562 802 modo

384 845 535 910 creditur
547 844 709 910 ebmulae
723 861 903 925 anonyma
918 861 996 907 cum
1012 861 1079 928 qua
1102 843 1251 908 inientes
1274 841 1457 928 aliquando
1481 865 1559 929 pro-

382 955 463 1033 jecti
492 955 736 1036 reperiuntur:
762 957 843 1016 tune
872 956 952 1014 sunt
978 951 1168 1034 baptizandi
1197 952 1262 1014 sub
1286 951 1498 1025 conditione,
1524 961 1562 1018 nt

385 1059 534 1124 declarat
547 1059 672 1123 Bened.
689 1057 759 1122 xlv
775 1059 873 1142 epist.
888 1059 1014 1122 decret.
1029 1059 1202 1122 Postremo
1215 1079 1339 1122 meme.

423 1171 456 1232 5·
471 1169 662 1251 Baptizatus
677 1169 711 1230 in
721 1185 802 1230 casu
818 1167 1031 1230 necessitatis
1046 1167 1089 1230 ab
1104 1168 1286 1231 obstetrice
1297 1177 1486 1252 nonpotest
1497 1173 1561 1234 sub

383 1275 576 1340 conditione
590 1275 801 1357 rebaptizari,
818 1275 883 1337 nisi
899 1271 1108 1337 rationabilis
1123 1275 1271 1356 suspicio
1290 1275 1334 1338 sit
1355 1277 1562 1358 baptismum

384 1402 454 1448 non
464 1383 570 1447 luisse
584 1381 747 1446 collatum
761 1381 864 1446 modo
875 1380 942 1460 legi
948 1381 1042 1454 timo,
1054 1399 1115 1443 seu
1132 1381 1306 1463 probabile
1314 1383 1455 1446 dubium
1469 1385 1562 1448 inva-

383 1491 522 1555 liditatis
532 1491 711 1573 baptismi:
727 1489 773 1552 ita
787 1489 820 1551 S.
838 1487 960 1568 Congr.
977 1487 1125 1552 (leucii
1141 1495 1241 1552 mart.
1258 1491 1347 1564 1683,
1364 1497 1428 1554 etc.
1445 1491 1561 1575 ltaque

383 1601 544 1663 damnata
554 1599 619 1662 luit
633 1597 842 1662 abeademS.
852 1595 975 1677 congr.
988 1597 1231 1680 praxiseorum
1242 1598 1300 1681 qui
1309 1599 1562 1681 rebaptirabant

383 1737 398 1764 «
414 1711 478 1772 sub
491 1709 687 1773 conditione
703 1709 850 1772 infantes
864 1707 956 1771 domi
974 1709 1008 1771 in
1027 1726 1108 1772 oasu
1130 1709 1344 1774 necessitatis
1362 1711 1559 1792 baptizatos.

383 1838 452 1883 non
462 1819 529 1883 alia
543 1819 673 1882 ratione
689 1835 792 1901 quam
807 1817 887 1900 quia
900 1819 1090 1901 baptismus
1105 1836 1174 1881 non
1188 1819 1252 1881 fuit
1265 1819 1299 1881 in
1308 1817 1451 1882 ecclesia
1464 1837 1563 1901 paro-

381 1927 480 1992 cbiuli
494 1926 637 1992 collauda
654 1951 681 1986 u.

423 2033 551 2118 Duplici
575 2053 618 2098 ex
640 2034 750 2116 capite
774 2033 918 2098 dubium
943 2035 1024 2098 oriri
1052 2041 1177 2118 potest,
1206 2036 1334 2100 scilieet
1358 2055 1402 2100 es
1427 2035 1562 2099 deiectu

382 2145 531 2208 scientia
543 2162 605 2207 seu
618 2143 748 2227 peritia
763 2143 876 2226 quoad
890 2145 995 2210 ritum
1009 2143 1213 2227 baptizandi,
1235 2144 1292 2208 vel
1312 2145 1393 2228 quia
1407 2145 1561 2208 testimo

383 2252 477 2314 nium
493 2269 562 2314 non
583 2257 636 2314 est
650 2251 825 2314 sufficiens
841 2249 884 2314 ad
905 2249 1009 2313 fldem
1030 2250 1232 2314 taciendam.
1258 2251 1376 2327 Quoad
1400 2253 1562 2334 primum,

382 2365 494 2442 potest
509 2358 644 2442 deponi,
662 2357 816 2438 diligenti
830 2359 920 2422 iacta
933 2359 1154 2442 inquisitione
1168 2359 1211 2422 11
1224 2359 1347 2442 peritia
1357 2359 1560 2423 obstetricis.

381 2465 498 2542 Quoad
519 2467 721 2540 seeundum,
744 2465 934 2529 notandum
953 2467 1111 2551 estquod
1132 2467 1176 2530 ad
1191 2469 1398 2550 baptismum
1416 2469 1565 2550 proban-

382 2576 464 2637 dum
486 2575 612 2638 suflicit
633 2576 754 2638 unicus
774 2577 883 2650 testis,
902 2575 1089 2640 dummodo
1108 2583 1225 2640 tamen
1245 2595 1314 2640 nou
1338 2577 1382 2639 sit
1407 2594 1563 2658 paganus

383 2683 438 2746 rel
449 2682 596 2765 judaeus.
607 2682 745 2746 Constat
755 2701 799 2746 ex
813 2683 917 2746 variis
927 2683 1212 2748 declarationibus
1227 2684 1260 2747 S.
1270 2683 1304 2747 C.
1315 2684 1415 2748 Cone.
1430 2685 1470 2746 st
1479 2701 1559 2764 ang.

386 2792 473 2864 1196,
494 2790 514 2852 1
532 2791 616 2854 iebr.
636 2791 724 2864 1191,
747 2797 811 2854 etc.
834 2790 900 2856 Sed
914 2791 971 2854 ille
987 2791 1084 2855 testis
1098 2793 1231 2866 unicus,
1248 2795 1348 2874 cnjus
1363 2792 1562 2855 testimonio

384 2901 572 2984 baptismus
598 2902 849 2983 comprobatur,
875 2901 978 2964 debet
1000 2921 1077 2966 esse
1096 2903 1246 2985 probata
1269 2901 1362 2977 fidei,
1383 2907 1420 2964 ut
1443 2907 1562 2964 monet

385 3011 509 3075 bened.
522 3011 591 3074 lill'
602 3013 637 3076 in
652 3012 796 3095 epistola
805 3013 931 3076 decret.
944 3032 1049 3096 supra
1063 3019 1342 3078 commemorata
1359 3013 1393 3076 Si
1408 3012 1563 3075 testimo-

385 3123 480 3184 nium
504 3122 706 3196 obstetricis,
732 3123 836 3186 etiam
851 3121 963 3186 dubiae
985 3123 1077 3198 fidei,
1095 3129 1187 3186 esset
1211 3123 1453 3187 confirmatum
1469 3119 1562 3183 testi-

384 3232 501 3294 monio
514 3232 620 3314 patris
636 3232 690 3295 vel
705 3233 824 3298 [1111111
837 3233 977 3297 iniantis
991 3233 1161 3316 baptizati,
1178 3232 1315 3317 quando
1327 3231 1491 3295 alteruter
1505 3227 1562 3292 vel

385 3344 527 3422 uterque
544 3343 688 3403 testatur
710 3359 748 3404 se
763 3339 889 3406 ddisse
903 3341 1046 3406 modum
1067 3360 1136 3426 quo
1151 3341 1317 3406 obstetrix
1331 3337 1512 3422 baptizavit
1525 3341 1562 3399 et

384 3447 529 3510 formam
539 3447 724 3522 audiisse,
740 3455 834 3512 certo
844 3448 975 3514 valeret
988 3449 1031 3530 (S.
1044 3447 1167 3530 congr.
1184 3448 1284 3512 Cone.
1302 3449 1337 3510 11
1355 3447 1439 3510 lebr.
1459 3446 1559 3526 1191).

423 3555 456 3618 6·
477 3555 669 3620 Notandum
689 3555 781 3640 quod
800 3555 1033 3637 irregularitas
1052 3557 1238 3620 incurritur
1255 3559 1395 3638 propter
1412 3553 1563 3616 iteratio-

384 3682 465 3727 nem
479 3664 637 3746 baptismi
654 3685 662 3725 :
680 3665 795 3745 igitur,
813 3665 841 3726 si
856 3665 1046 3746 baptismus
1066 3665 1131 3728 iuit
1153 3669 1247 3728 oerto
1268 3662 1424 3738 collatus,
1444 3665 1480 3724 et
1500 3660 1561 3722 ab·

384 3771 495 3834 solute
511 3773 716 3846 conteratur,
735 3773 947 3854 rebaptizans
961 3777 1056 3835 certo
1071 3771 1189 3836 incidit
1210 3773 1246 3835 in
1260 3769 1558 3852 irregularitatem.

384 3879 419 3942 Si
444 3897 524 3942 vem
539 3879 728 3961 baptismus
750 3879 872 3942 luisset
894 3879 958 3942 rite
972 3877 1116 3942 collatus
1137 3885 1173 3943 et
1192 3880 1375 3943 iteraretur
1395 3877 1459 3940 snb
1481 3893 1563 3938 con·

385 3986 530 4060 ditione,
556 3988 656 4068 juxta
682 3984 808 4068 plures,
837 4003 907 4049 non
934 3993 1134 4050 causaretur
1161 3983 1413 4066 irregularitas:
1446 3989 1562 4046 tamen

386 4093 418 4155 S.
431 4091 553 4172 sougr.
564 4091 664 4156 Cone.
681 4093 787 4156 inboc
796 4111 878 4156 oasu
888 4093 976 4158 solet
990 4093 1238 4177 dispensaread
1249 4091 1429 4156 cautelam.
1442 4092 1494 4154 Sic
1506 4089 1561 4153 die

387 4199 607 4262 1611111119
625 4199 835 4281 dispensavit
852 4219 932 4264 cum
951 4202 1099 4283 parocho
1114 4201 1172 4284 qui
1192 4219 1294 4263 snum
1314 4199 1562 4282 parochianum

387 4308 429 4369 ab
440 4305 506 4369 alio
518 4307 627 4370 vicino
638 4313 769 4370 rectore
784 4308 993 4390 baptizatum
1004 4307 1237 4390 rebaptizasit.

702 4497 734 4547 n.
752 4497 791 4548 be
804 4495 936 4550 ministro
949 4497 1093 4550 ordinario
1108 4496 1250 4561 baptismi.

429 4631 461 4692 l·
487 4629 637 4692 llinister
660 4630 816 4710 baptismi
839 4631 1031 4694 ordinarius
1059 4637 1094 4694 et
1116 4631 1291 4711 legitimus
1317 4635 1370 4692 est
1390 4627 1564 4712 perardus

388 4739 551 4801 domicilii
567 4739 601 4800 in
626 4755 694 4820 quo
716 4737 809 4819 degit
836 4739 1065 4823 baptizandus.
1092 4738 1198 4816 Quale
1214 4737 1423 4803 domicilium
1447 4736 1560 4818 requi-
