3488 5564
545 569 631 615 mssa
655 571 807 618 susurros
829 571 1051 616 nscrsrxuou.
1351 555 1390 616 73

247 687 279 750 2⁰
295 685 477 751 possessor
492 687 591 750 bona
605 686 686 752 fidei
710 704 780 752 non
799 691 936 753 tenetur
954 686 1134 750 restituere
1148 686 1280 750 fruetus
1295 704 1390 750 mere

207 793 438 870 industriales,
461 812 541 858 oum
566 795 635 887 sint
652 795 781 859 fruotus
795 795 941 879 propriae
957 792 1149 868 industriae;
1174 811 1238 857 neo
1259 795 1390 858 fruetus

208 901 383 966 naturales
398 906 458 965 aut
470 901 598 965 mixtos
612 919 673 984 per
694 903 879 966 triennium
894 901 994 985 plene
1022 904 1217 983 usuoaptos,
1235 900 1315 986 quia
1328 919 1391 984 per

207 1008 454 1092 usucapionem
482 1026 563 1072 suos
590 1009 671 1074 feeit
691 1009 973 1083 irr·evooabiliter;
998 1025 1061 1072 neo
1086 1008 1216 1071 fruetus
1239 1008 1391 1072 totaliter

207 1123 430 1200 consumptos.
445 1115 623 1199 Excipiunt
635 1115 750 1199 aliqui,
767 1135 830 1181 nee
845 1117 918 1180 sine
930 1113 1177 1200 probabilitate,
1194 1133 1312 1180 ossum
1321 1134 1389 1200 quo

207 1243 251 1288 ex
264 1223 604 1306 hao'oonsumptiono
616 1224 727 1288 fastus
741 1229 832 1288 esset
844 1223 1055 1307 locupletior.

249 1331 467 1414 Antiquiores
504 1331 701 1406 canonista,
740 1331 823 1396 dum
851 1331 1050 1416 expendunt
1073 1331 1166 1396 huno
1195 1330 1386 1406 artioulum,

206 1459 330 1506 omnes
352 1439 502 1504 atterunt
523 1440 744 1522 probationes
759 1459 802 1503 ex
822 1443 900 1522 jure
925 1440 1079 1505 Romano
1103 1441 1237 1523 petitas.
1265 1439 1298 1504 Si
1313 1439 1414 1523 quis·

205 1550 313 1631 igitur
333 1549 535 1631 ampliorem
557 1550 620 1614 bae
643 1549 679 1612 in
702 1555 800 1633 parte
815 1549 1026 1615 desideraret
1040 1548 1290 1634 expositionem
1300 1549 1389 1634 juris

205 1657 362 1732 Romani,
380 1657 481 1722 adeat
491 1657 568 1722 illos
582 1657 787 1723 canonistas.

641 2037 828 2112 TITULUS
855 2037 950 2112 XIII.

450 2213 491 2260 oo
516 2212 782 2258 nssrrrurrorn
809 2211 1059 2259 sronraroauu
1081 2195 1133 2278 (t).

246 2513 428 2580 Restitutio
444 2514 667 2598 spoliatorum
683 2519 736 2580 est
752 2517 922 2600 praeoipua
939 2516 1069 2598 speeies
1082 2517 1295 2598 possessorii,
1314 2535 1390 2600 quae

206 2622 308 2687 datur
321 2627 440 2688 eontra
458 2623 590 2690 facinus
615 2623 836 2708 spoliationis.
866 2625 924 2688 Est
944 2624 1137 2688 remedium
1149 2623 1391 2708 reouperandae

205 2732 436 2815 possessionis
459 2751 522 2815 per
545 2733 783 2816 spoliationem
806 2733 926 2798 ablate
950 2754 957 2797 ε
982 2733 1047 2798 hoo
1074 2732 1227 2798 remedio
1250 2732 1392 2816 pristina

205 2840 380 2923 possessio
394 2841 444 2905 rei
459 2839 622 2923 spoliatae,
639 2859 718 2906 oum
732 2843 827 2906 omni
841 2861 956 2920 oausa,
968 2847 1047 2907 ante
1062 2839 1388 2907 omniarestituitur.

206 2947 372 3012 Remedia
383 2948 606 3031 spoliatorum
620 2949 730 3014 multa
745 2955 991 3016 enumerantur
1005 2969 1026 3016 a
1040 2949 1184 3014 diversis
1199 2949 1392 3032 interpreti-

208 3057 371 3140 busjun's
386 3056 549 3133 Romani3
577 3058 637 3124 sed
652 3058 720 3124 duo
746 3060 917 3142 praecipua
942 3063 1024 3124 sunt
1034 3056 1292 3132 consideranda,
1310 3075 1391 3140 quo-

206 3167 442 3252 rumprimum
451 3167 836 3252 respioitspoliationem
848 3188 910 3234 seu
922 3169 1149 3253 dejectionem
1163 3185 1207 3230 ex
1217 3185 1255 3230 re
1269 3167 1392 3231 immo-

207 3275 278 3352 bili,
301 3277 447 3342 alterum
472 3277 702 3361 dejeotionem
725 3297 744 3342 e
768 3280 859 3344 bono
886 3279 1016 3356 mobili,
1042 3283 1205 3360 utsupra
1228 3274 1387 3340 diximus.

206 3381 315 3466 Igitur
331 3406 338 3447 :
355 3387 387 3449 1ο
403 3387 432 3449 si
444 3405 500 3450 res
513 3386 626 3452 ablata
640 3389 684 3452 sit
703 3389 833 3453 bonum
856 3388 1036 3480 immobile,
1061 3385 1224 3470 oompetit
1247 3384 1390 3468 spoliato

207 3493 427 3559 interdictum
446 3497 536 3561 uode
551 3498 605 3576 vi;
630 3499 663 3562 2⁰
679 3499 708 3562 si
722 3517 778 3562 res
793 3498 906 3564 ablata
929 3498 973 3561 sit
996 3498 1127 3563 bonum
1141 3495 1273 3570 mobile,
1292 3494 1392 3558 datur

206 3603 295 3667 aetio
309 3605 346 3666 oi
367 3604 530 3670 bonorum
553 3615 741 3690 raptorum.
767 3607 988 3672 Interdictum
1011 3605 1101 3670 unde
1123 3607 1160 3669 vi
1177 3604 1324 3668 refertur
1349 3602 1391 3667 ad

208 3710 280 3773 vim
295 3711 517 3794 expulsivam,
543 3720 578 3780 et
591 3717 679 3781 aetio
696 3717 733 3780 υἱ
746 3717 908 3780 botrorum
923 3716 1115 3780 oblatorum
1127 3713 1170 3780 ad
1184 3713 1255 3776 vim
1269 3711 1387 3778 ablati-

206 3835 300 3882 vam.
326 3819 374 3885 De
389 3821 454 3886 hoo
469 3823 619 3888 seeundo
634 3843 777 3907 agemus
792 3825 828 3888 in
842 3825 891 3887 tit
909 3823 1004 3902 XVII,
1022 3823 1063 3888 de
1081 3821 1295 3908 Raptoridus,
1311 3825 1388 3895 eto,

207 3924 244 3988 in
258 3924 315 3990 lib.
333 3927 370 4004 V,
389 3934 424 3993 et
434 3930 511 3994 ideo
525 3931 566 3996 de
581 3931 653 3997 solo
668 3932 847 3997 interdicto
856 3931 946 3996 unde
965 3934 1001 3995 oi
1018 3932 1072 3995 hio
1082 3929 1232 3995 breviter
1247 3931 1391 3992 traotan-

206 4031 292 4097 dum
311 4041 373 4100 est.

248 4141 334 4209 illud
356 4147 573 4214 interdiotum
594 4153 726 4234 injure
750 4151 873 4216 Gallioo
899 4156 1040 4216 vocatur
1064 4151 1175 4214 action
1204 4165 1246 4212 ert
1270 4143 1392 4208 reinte'-

206 4253 356 4334 pronde·
371 4258 522 4323 aotiones
541 4261 634 4326 enim
648 4263 879 4345 possessoris,
899 4279 1043 4344 quarum
1057 4259 1115 4324 illa
1131 4257 1221 4322 aotio
1235 4257 1288 4318 est
1300 4272 1392 4336 quae-

206 4359 288 4424 dam
302 4365 442 4445 speeies,
469 4369 572 4433 variae
597 4376 701 4434 sunt:
730 4372 758 4434 si
786 4369 861 4454 quis
882 4369 967 4453 petit
989 4373 1028 4433 ut
1046 4369 1082 4432 in
1096 4385 1159 4434 sua
1173 4363 1391 4448 possessione
1493 4397 1497 4406 ·

241 4539 277 4606 11)
292 4542 384 4600 Quoad
393 4544 510 4610 josaia,
524 4548 579 4599 rid.
597 4549 624 4602 1⁰
637 4553 712 4610 inst,
728 4555 741 4612 5
755 4555 779 4612 6,
795 4549 827 4600 de
840 4549 948 4612 interd.;
961 4548 1096 4612 Pendeat,
1111 4547 1158 4598 lib.
1173 4545 1259 4606 xllll,
1274 4543 1315 4594 tit.
1329 4553 1390 4604 xrr;

208 4619 274 4672 ooo.
289 4623 334 4675 us.
350 4625 418 4688 vm,
431 4629 470 4680 ut.
491 4641 529 4693 ιν,
544 4641 571 4692 v,
586 4633 647 4694 aas
669 4635 698 4684 2·
724 4633 752 4684 rn
772 4633 837 4684 coo.
856 4645 929 4697 proc.
951 4632 1013 4694 av..
1033 4635 1083 4684 aa.
1098 4633 1143 4696 aa,
1163 4631 1209 4684 aas
1226 4630 1254 4678 a
1272 4639 1339 4693 seq-5
1365 4627 1392 4678 et

207 4701 307 4766 passim
322 4704 349 4755 iu
364 4705 427 4763 God.
442 4709 492 4760 eir.
507 4715 535 4761 et
546 4711 575 4762 in
589 4711 652 4763 God.
667 4727 751 4779 pram,
764 4717 813 4766 stc.
1173 4749 1177 4758 ·
