3504 5566
531 587 616 634 unra
637 586 790 638 sacoaras
811 587 1032 636 nscaarsumr.
1311 572 1369 636 tta

195 703 347 786 possidet
362 721 438 771 esse
458 703 605 772 alienam
623 689 679 772 vel
693 723 763 773 non
778 723 854 772 esse
869 723 978 772 suam.
993 704 1087 772 Bona
1107 705 1193 772 tides
1209 706 1371 790 accipitur

194 811 251 878 vel
265 811 459 896 thcclcpicc,
470 832 531 880 seu
544 819 713 899 quatenns
724 819 902 899 peccatum
916 813 1074 892 excludit,
1087 813 1143 880 vel
1155 815 1298 880 ciuiliter
1308 833 1369 881 sen

190 920 349 1002 furidicc,
364 927 534 1006 quatenus
547 924 719 1008 possessio
734 925 868 1008 exlege
883 942 954 990 non
966 923 1070 990 hahet
1084 925 1217 988 vitium

235 1032 268 1096 2⁰
286 1033 483 1100 Generatim
501 1034 592 1101 bona
611 1035 698 1100 tides
718 1036 903 1120 requiritur
923 1035 969 1100 ad
988 1052 1128 1101 omnem
1148 1034 1371 1118 prescriptio-

195 1157 287 1218 nem,
304 1146 374 1206 tarn
394 1141 598 1219 inchoatam,
617 1161 723 1226 qnam
742 1143 941 1208 continuam
959 1147 994 1207 et
1013 1142 1228 1226 completam,
1245 1161 1288 1206 ex
1305 1145 1371 1206 cti

195 1251 230 1312 et
243 1249 302 1312 ssn.
318 1250 352 1314 h.
370 1255 407 1327 t.,
425 1256 459 1316 et
471 1270 542 1333 reg.
559 1251 630 1316 din
643 1251 693 1328 d·;
708 1270 790 1316 nam
802 1251 876 1316 sine
894 1250 961 1316 fide
976 1249 1166 1332 theologice
1185 1252 1275 1317 bona
1289 1251 1371 1314 deti-

194 1360 297 1420 netur
309 1375 365 1420 res
380 1356 581 1424 menarum
595 1365 749 1442 peccato;
763 1377 865 1442 porro
879 1358 1054 1440 legislator
1066 1359 1237 1424 humanus
1252 1360 1371 1442 nequit

194 1467 391 1547 permittere
406 1465 639 1532 detentionem
653 1469 702 1533 rei
714 1488 793 1534 cnm
806 1475 957 1552 peccato,
974 1487 1053 1533 cum
1070 1470 1182 1533 obstet
1196 1470 1254 1550 jus
1272 1473 1370 1533 natu-

194 1574 275 1640 rale.
295 1573 390 1642 Unde
410 1581 488 1661 jure
506 1580 671 1646 canonico
693 1585 884 1645 correctum
909 1585 962 1644 cst
980 1582 1039 1663 jus
1061 1578 1171 1656 civile,
1189 1595 1256 1662 quo
1280 1579 1371 1642 bona

194 1681 279 1750 tides
301 1687 502 1768 exigebatur
521 1692 655 1752 tantum
672 1688 715 1753 ad
734 1689 881 1766 initium,
898 1707 968 1754 non
982 1707 1065 1754 vero
1084 1688 1127 1753 ad
1145 1686 1370 1752 continuatio-

194 1811 275 1856 nem
294 1794 569 1877 prescriptionis.
586 1795 740 1861 Diximus
757 1817 765 1860 :
782 1821 798 1856 a
814 1797 858 1862 ad
875 1815 1014 1861 omnem
1033 1795 1323 1880 prescriptionem
1340 1818 1368 1870 a,

193 1917 273 1966 nam
300 1907 435 1986 tempus
461 1904 565 1970 etiam
592 1905 839 1970 immemoriale
859 1923 929 1970 non
950 1909 1074 1988 purgat
1098 1903 1225 1969 malam
1247 1903 1367 1980 iidem,

194 2025 238 2072 ex
252 2027 281 2074 c.
297 2011 317 2074 5
333 2011 420 2088 ht,
445 2017 480 2076 et
493 2013 579 2079 ratio
603 2019 664 2090 est,
688 2016 767 2098 quia
790 2015 947 2079 detinens
973 2015 1120 2078 scienter
1134 2031 1209 2077 rem
1222 2010 1370 2077 alienam

193 2122 320 2198 peccat,
338 2123 373 2184 et
386 2124 480 2185 tanto
494 2121 645 2202 mamus,
662 2128 789 2206 quanto
803 2122 931 2187 diutius
940 2122 1028 2186 hanc
1039 2139 1113 2184 rem
1127 2120 1267 2184 detinet.

232 2224 265 2288 3⁰
280 2226 465 2310 speciatim
486 2229 671 2313 requiritur
688 2231 779 2296 hona
801 2231 898 2306 fides,
916 2248 987 2294 non
1009 2234 1141 2294 tantum
1166 2226 1367 2308 theologica,
1428 2243 1432 2254 ’

193 2353 316 2400 verum
340 2335 448 2402 etiam
460 2337 612 2418 juridico
632 2356 644 2403 :
665 2339 756 2404 unde
779 2340 973 2421 ignorantia
993 2339 1081 2422 juris
1106 2339 1188 2402 certi
1213 2342 1248 2401 et
1270 2336 1366 2412 clari,

194 2443 328 2506 etiamsi
360 2443 433 2508 haeo
458 2444 651 2526 ignorantia
676 2448 720 2511 sit
750 2446 967 2523 invincibilis,
993 2446 1136 2530 impedit
1163 2445 1369 2510 ordinariam

192 2551 483 2634 prescriptionem
498 2572 541 2618 ex
555 2559 700 2638 utroque
714 2556 789 2620 iero
804 2575 811 2617 :
828 2554 1037 2638 prescriptio
1055 2554 1147 2619 anim
1162 2571 1183 2618 a
1197 2555 1276 2636 jure
1291 2570 1369 2616 con-

193 2657 335 2736 ceditur,
349 2665 384 2724 ct
395 2661 472 2726 ideo
482 2661 518 2724 iu
534 2665 668 2726 tantum
681 2660 782 2737 valet,
801 2661 1016 2746 inquantum
1030 2663 1139 2744 ajuro
1151 2661 1366 2744 approbatur.

194 2763 376 2832 Diximus«
393 2767 599 2833 ordinariam
615 2793 643 2844 »,
658 2787 739 2834 nam
754 2769 948 2850 ignorantis
961 2767 1165 2834 invincibilis
1182 2787 1253 2833 non
1268 2771 1370 2832 nocet

195 2873 381 2939 triceneriae
398 2876 655 2960 prescriptioni,
676 2895 755 2941 cnm
776 2879 834 2960 Jus
857 2877 1060 2954 Romanum,
1080 2897 1100 2942 a
1111 2880 1190 2960 jure
1204 2876 1368 2942 canonico

196 2999 264 3046 non
277 2987 478 3062 correctum,
491 2985 618 3050 bonam
631 2985 736 3052 iidem
750 2987 793 3051 ad
806 3005 883 3052 eum
896 3005 967 3052 non
981 2985 1141 3070 requirat.

233 3089 361 3156 Tamen
374 3094 566 3174 ignorantia
586 3093 674 3176 juris
696 3093 860 3159 toleratur
882 3095 918 3158 in
933 3094 1085 3168 leminis,¹
1093 3093 1228 3159 rusticis
1243 3097 1278 3158 et
1291 3094 1369 3156 sim·

195 3200 348 3284 plicibus,
363 3201 484 3267 saltem
498 3201 610 3286 quoad
625 3202 802 3286 dispendia
815 3203 882 3286 (jns
893 3203 1014 3285 Rom).
1028 3202 1113 3268 item
1122 3203 1234 3285 quoad
1247 3219 1368 3268 omnes

193 3307 386 3390 ignorantia
396 3311 484 3393 juris
500 3309 603 3386 dubii,
619 3329 698 3376 cum
709 3313 767 3394 jos
781 3310 923 3375 dnhium
936 3311 1071 3394 proprie
1087 3311 1214 3376 nonsit
1225 3313 1294 3393 jus.

235 3415 264 3500 b)
288 3417 338 3482 Dc
359 3418 428 3500 fide
451 3417 564 3483 dubia.
598 3419 630 3481 1⁰
662 3418 809 3482 Dubium
836 3417 1041 3483 antecedens
1070 3418 1183 3484 obstat
1208 3417 1306 3482 initio
1334 3423 1368 3481 et

195 3526 440 3592 continuationi
454 3527 728 3610 praescriptionis,
741 3544 821 3591 nam
833 3526 876 3591 ad
889 3545 965 3591 eam
976 3529 1034 3610 jus
1046 3526 1248 3592 canonicum
1263 3527 1368 3606 exigit

197 3635 321 3699 bonam
340 3636 460 3711 iidem;
483 3637 569 3702 ratio
591 3641 653 3712 est,
679 3636 757 3719 qnia
771 3642 810 3698 nt
830 3635 951 3718 aliquis
967 3653 1052 3712 rem,
1074 3631 1176 3719 quen't
1195 3640 1274 3700 ente
1297 3653 1367 3701 non

195 3743 326 3820 hahuit,
341 3742 431 3810 licite
445 3743 509 3808 sihi
521 3743 694 3809 vindicare
707 3743 854 3826 incipiat,
872 3761 1011 3809 necesse
1027 3747 1130 3808 estut
1144 3743 1366 3808 determinate

192 3849 322 3932 judicet
336 3870 413 3917 eam
426 3851 469 3917 ad
493 3869 530 3916 se
546 3853 732 3935 pertinere
746 3869 849 3934 porro
864 3850 893 3916 si
908 3851 1050 3928 dubitat,
1065 3851 1180 3936 inique
1195 3851 1275 3917 iacit
1291 3869 1367 3916 eum

196 3956 258 4020 sihi
274 3959 481 4042 usurpando.

234 4067 266 4130 2⁰
282 4066 316 4131 Si
339 4065 481 4132 dubium
507 4064 728 4150 superveniat
746 4065 990 4150 praescriptioni
1008 4069 1081 4149 jam
1106 4066 1283 4144 inchoate,
1301 4067 1367 4132 dis·

195 4173 421 4256 tinguendum
435 4181 488 4241 est
504 4195 511 4238 :
529 4176 557 4238 si
571 4175 607 4239 in
622 4175 709 4239 thesi
722 4193 783 4239 seu
798 4175 834 4238 iu
850 4192 977 4255 genere
998 4175 1181 4251 dubitetur,
1199 4193 1322 4259 nempe
1337 4177 1367 4241 si

195 4281 336 4348 dubium
348 4284 392 4347 sit
405 4283 660 4369 speculativum,
671 4301 741 4346 non
751 4283 848 4365 ponit
860 4283 991 4348 obicem
1001 4283 1257 4366 praescriptioni,
1267 4286 1367 4366 juxta

194 4388 296 4491 gloss.
309 4391 346 4454 in
357 4409 429 4474 cap.
441 4392 499 4454 tln.
510 4391 543 4454 h.
554 4395 591 4468 t.;
604 4394 719 4454 tamen
730 4389 905 4471 diligentia
916 4389 1069 4455 adhiberi
1079 4389 1180 4456 debet
1194 4391 1366 4455 sufficiens

194 4497 238 4562 ad
255 4496 484 4580 detegendum
504 4497 681 4563 dominum
701 4497 761 4574 rei,
777 4514 901 4580 nempe
916 4501 954 4560 ut
970 4496 1126 4562 detinens
1137 4515 1212 4562 rem
1226 4497 1309 4564 sciat
1322 4517 1366 4564 an

195 4603 253 4670 illa
268 4605 312 4670 sit
325 4603 447 4672 aliana.
464 4605 498 4670 Si
512 4605 654 4670 dubium
668 4605 713 4670 sit
724 4605 925 4690 practicam,
941 4623 1064 4689 nempe
1079 4603 1157 4668 siin
1172 4603 1363 4688 hypothesi,

196 4731 320 4796 nempe
335 4713 474 4780 attentis
494 4713 653 4779 omnibus
666 4713 938 4790 circumstantiis,
956 4713 1128 4778 dubitetur
1149 4731 1194 4779 an
1213 4731 1268 4779 res
1289 4715 1365 4791 roh·-
