3504 5568
361 537 421 604 sot
819 552 870 598 sus
892 551 1070 600 0000000000.

364 680 398 738 01
414 673 567 756 turpibus
581 669 811 755 coinquinari3
827 670 918 734 unde
929 671 1031 735 etiam
1043 674 1225 754 postquam
1238 669 1367 754 polluta
1380 671 1444 734 fuit
1463 675 1533 735 tur-

363 783 463 866 pibus
478 781 617 855 actibus,
635 797 733 844 suam
747 779 960 844 sanctitatem
972 783 1161 844 conservat.
1177 779 1242 844 Sed
1255 781 1334 863 quia
1352 781 1388 842 in
1411 779 1533 844 morali

363 865 541 954 homilium
554 887 778 952 aestimatione
793 886 954 950 indecens
968 892 1145 969 reputatur
1156 886 1246 970 quod
1255 886 1291 950 in
1304 887 1360 951 tali
1374 886 1449 952 loco
1462 904 1534 950 sca·

362 996 491 1061 loribus
504 999 605 1078 atque
619 993 853 1060 indecentibus
875 995 1062 1078 inquinato,
1085 993 1197 1058 hostia
1220 993 1436 1059 immaculata
1450 995 1533 1058 olle-

364 1109 460 1170 ratur
473 1109 508 1168 et
521 1104 587 1168 alia
600 1095 715 1167 divina
728 1103 952 1179 celebrentur,
962 1104 1048 1166 litut
1058 1102 1199 1167 ecclesie
1212 1106 1392 1167 censeatur
1403 1103 1533 1186 polluta

366 1218 400 1276 01
415 1211 687 1277 reconciliatione
699 1211 860 1292 indigeat.

403 1321 510 1401 Igitur
522 1317 626 1402 pollui
642 1319 678 1381 in
689 1337 816 1398 genere
831 1324 911 1383 tunc
925 1317 1066 1383 ecclesia
1079 1317 1210 1394 dicitur,
1223 1319 1359 1402 quando
1371 1325 1531 1384 manente

365 1429 499 1507 integra
512 1425 601 1489 illius
612 1425 724 1490 forma
737 1428 772 1489 et
785 1425 1050 1501 consecratione,
1070 1427 1098 1488 si
1113 1425 1205 1490 illam
1218 1427 1346 1503 habuit,
1367 1427 1403 1490 in
1420 1445 1460 1491 ea
1476 1425 1533 1490 ali·

367 1533 448 1618 quid
463 1533 584 1599 accidit
597 1532 687 1616 quod
700 1533 736 1595 in
749 1532 902 1596 fidelium
911 1533 1033 1598 animis
1045 1537 1188 1613 generat
1197 1533 1374 1599 horrorem
1387 1556 1394 1598 :
1411 1535 1532 1598 exinde

364 1643 401 1704 in
415 1640 622 1706 taliecolesia
632 1639 687 1702 SS.
698 1657 846 1704 canones
857 1640 1103 1722 prohibuerunt
1117 1640 1232 1706 divina
1243 1641 1416 1718 celebrari,
1427 1643 1535 1708 donec

354 1750 467 1814 'sacris
482 1749 601 1813 ritibus
615 1748 830 1814 reconciliata
842 1749 954 1813 luerit.

404 1857 797 1942 11Ε11001000000010000
811 1857 1008 1942 pollutionis
1023 1864 1075 1923 est
1089 1859 1181 1942 quod
1195 1859 1533 1942 10000100100011010,

364 1969 473 2034 donec
485 1967 731 2044 reconcilietur,
748 1984 818 2032 uon
835 1969 968 2050 possint
990 1967 1153 2032 celebrari
1181 1967 1305 2032 divina.
1330 1969 1393 2044 Qui
1421 1974 1535 2033 tamen

362 2075 558 2152 celebraret,
573 2094 642 2140 nou
657 2077 845 2140 incurreret
857 2075 1141 2158 irregularitatem
1163 2075 1221 2140 vel
1241 2093 1433 2152 censuram,
1457 2076 1536 2140 licet

362 2183 552 2248 mortaliter
573 2189 699 2268 peccet,
723 2185 802 2266 quia
824 2185 952 2266 injure
973 2183 1067 2248 nulla
1080 2184 1248 2266 reperitur
1259 2201 1371 2266 poena.
1388 2183 1536 2247 Habetur

363 2293 429 2357 hoo
444 2291 624 2356 discrimen
643 2293 733 2354 inter
746 2291 923 2356 ecclesiam
941 2291 1156 2356 interdictam
1179 2295 1213 2354 01
1236 2290 1413 2354 ecclesiam
1428 2289 1536 2372 pollu-

368 2404 449 2475 tam,
470 2399 562 2482 quod
588 2398 762 2463 celebrans
787 2399 823 2461 in
840 2397 981 2462 ecclesia
1006 2399 1195 2473 interdicta,
1224 2397 1329 2461 violat
1356 2415 1534 2462 censuram

365 2507 545 2582 interdicti,
562 2512 597 2572 01
611 2509 658 2572 010
672 2508 789 2572 incidit
809 2509 844 2570 in
857 2507 1141 2588 irregularitatem
1162 2528 1169 2570 :
1199 2507 1280 2570 dum
1302 2507 1477 2572 celebrans
1500 2507 1535 2570 in

365 2615 507 2680 ecclesia
520 2615 650 2697 polluta
662 2616 791 2680 nullam
804 2615 910 2680 violat
921 2633 1111 2680 censuram.
1127 2615 1192 2680 Sed
1205 2617 1367 2699 quaritur

402 2723 432 2806 b)
448 2721 567 2786 Utrum
582 2723 768 2805 aliquando
784 2723 882 2786 liceat
894 2723 1058 2787 celebrare
1073 2724 1108 2785 in
1122 2723 1257 2786 ecclesio
1268 2723 1432 2806 polluta?
1451 2723 1536 2788 Sunt

361 2831 478 2914 plures
498 2848 597 2895 casus
615 2830 651 2894 in
670 2829 792 2912 quibus
819 2829 1111 2912 sacerdosposset
1137 2829 1306 2894 celebrare
1335 2831 1371 2894 in
1394 2831 1535 2896 ecclesia

361 2938 490 3021 polluta
505 2959 513 3000 ε

403 3047 435 3109 l·
450 3044 487 3109 10
501 3063 582 3110 0000
595 3046 806 3111 necessitatis
820 3065 881 3129 pro
896 3046 1029 3123 viatico,
1048 3046 1533 3112 010110000000010001001010

367 3173 434 3239 qua
444 3154 606 3218 celebrari
620 3155 741 3238 possit;
766 3155 956 3235 generatim
972 3153 1155 3238 requiritur
1168 3173 1355 3219 consensus
1371 3157 1530 3239 episcopi,

366 3265 394 3328 si
407 3261 524 3328 haberi
536 3265 650 3344 potest
665 3281 672 3322 :
689 3259 858 3344 colligitur
872 3281 915 3326 ex
930 3279 1003 3326 cau.
1020 3263 1068 3338 11,
1086 3263 1134 3338 11,
1153 3263 1194 3326 de
1208 3261 1374 3340 Consors,
1400 3263 1476 3326 dist.
1500 3263 1529 3325 l.

402 3373 434 3434 1
449 3371 494 3448 Si,
504 3370 678 3437 sacerdote
692 3369 895 3444 celebrante,
909 3369 1056 3433 violatur
1068 3368 1208 3433 ecclesia
1221 3375 1298 3451 post
1311 3387 1493 3446 canonem;
1504 3369 1531 3432 si

363 3485 536 3545 veroante
550 3497 728 3556 canonem,
745 3477 845 3542 debet
865 3477 987 3541 dimitti
1008 3477 1113 3542 missa
1134 3477 1280 3560 incoepta
1309 3477 1422 3560 (Rubr.
1440 3477 1528 3541 bliss.

360 3588 470 3666 Rom,
488 3589 537 3652 111.
556 3589 597 3652 de
609 3587 709 3670 Des.).

399 3699 433 3760 3ο
448 3697 482 3760 Si
496 3695 723 3760 reconciliatio
739 3695 888 3759 ecclesiae
905 3699 975 3758 tam
990 3695 1057 3759 cito
1079 3695 1153 3758 fleri
1171 3695 1349 3759 commode
1370 3701 1528 3778 nequeat,

360 3805 485 3888 poterit
499 3805 686 3888 episcopus
701 3807 801 3886 juxta
812 3803 927 3886 plures
942 3801 1012 3878 GC„
1031 3803 1227 3884 dispensare
1241 3807 1279 3866 ut
1292 3801 1483 3866 celebretur
1495 3804 1531 3866 in

359 3913 423 3976 hac
437 3911 588 3986 ecclesia,
601 3911 721 3976 saltem
736 3910 872 3994 quando
888 3909 1002 3974 divina
1014 3909 1087 3974 beri
1100 3911 1321 3992 nequeuntin
1330 3909 1444 3992 aliquo
1460 3929 1532 3974 ora·

362 4019 451 4083 torio
464 4036 542 4082 cum
554 4017 651 4082 altari
666 4017 823 4101 portatili.
839 4017 936 4081 Ratio
951 4017 1054 4098 hujus
1074 4017 1250 4080 sententiae
1276 4022 1337 4091 001,
1362 4017 1442 4100 quia
1459 4019 1529 4099 epi·

362 4138 485 4204 scopus
499 4121 534 4184 in
548 4139 628 4185 casu
643 4119 854 4184 necessitatis
868 4117 912 4182 ad
926 4117 1122 4182 evitandum
1137 4135 1241 4199 grave
1257 4118 1420 4182 damnum
1436 4120 1532 4202 spiri-

361 4227 452 4292 tuale
467 4228 522 4292 vel
542 4227 727 4311 temporale
741 4230 855 4310 potest
871 4225 1064 4307 dispensare
1084 4225 1119 4288 in
1132 4228 1209 4308 jura
1223 4225 1380 4308 positivo,
1401 4231 1436 4289 01
1449 4225 1531 4290 01100

361 4336 434 4400 haeo
449 4335 654 4418 dispensatio
671 4333 757 4399 tollit
774 4331 962 4418 periculum
988 4332 1135 4399 scandali
1161 4331 1217 4397 vel
1240 4332 1471 4398 admirationis
1496 4335 1531 4398 in

362 4443 497 4526 populo.
911 4421 919 4432 '

402 4551 429 4633 c)
445 4551 599 4634 (1010000
614 4552 721 4615 modis
727 4553 893 4636 polluitur
907 4554 1051 4616 ecclesio.
1072 4555 1103 4615 11
1118 4553 1297 4636 Sepultura
1309 4552 1460 4634 cujusvis
1483 4553 1534 4612 in-

362 4657 482 4734 fidelis,
496 4660 591 4742 pueri
602 4658 656 4723 vel
667 4658 782 4734 adulti,
798 4659 951 4724 nondum
960 4661 1129 4744 baptizati,
1141 4679 1265 4726 exoan.
1275 4661 1325 4736 11,
1337 4661 1387 4736 18,
1400 4657 1441 4724 de
1451 4659 1533 4723 Con-
