3504 5566
336 596 393 658 ltili
793 611 843 656 uus
864 609 1044 656 canonicus.

333 749 402 796 non
421 728 522 806 valet,
540 731 578 792 ut
600 727 628 790 si
651 733 743 792 essct
762 727 916 810 obreptio
937 725 992 791 vel
1015 725 1188 810 subreptio
1211 725 1247 790 in
1267 727 1506 809 impetratione

333 837 486 920 rescripti
497 834 637 918 J'ustitiae
650 833 689 916 (o.
706 835 736 908 3,
752 835 819 898 ah.
838 839 861 898 t.
881 837 915 898 et
928 851 956 898 c.
973 835 1013 898 to
1026 833 1067 898 de
1080 833 1263 917 Rescripta.

372 947 405 1008 i‘
427 944 593 1010 Dividitur
617 942 720 1007 stiam
748 943 784 1007 in
808 941 997 1025 simplicem
1021 945 1057 1006 et
1080 939 1271 1025 specialem.
1289 939 1507 1008 Confirmatio

287 1050 291 1060 '
334 1053 477 1138 simplex
489 1069 550 1115 seu
566 1052 601 1114 io
617 1053 732 1132 soma
752 1049 973 1116 communiet
991 1049 1177 1129 ordinaria,
1196 1067 1237 1114 aa
1260 1055 1312 1114 est
1330 1069 1398 1135 qua
1417 1051 1508 1134 prin-

334 1179 413 1246 ceps
427 1161 482 1226 vel
495 1159 582 1226 aliua
597 1159 762 1242 superior,
776 1161 982 1242 potestatem
997 1157 1221 1223 confirmandi
1235 1157 1377 1234 habens,
1395 1163 1508 1224 actum

335 1275 377 1338 ab
392 1270 609 1338 inferioribus
623 1273 760 1350 gestum
774 1269 955 1334 confirmat
973 1267 1008 1332 in
1024 1287 1065 1334 eo
1080 1272 1171 1332 statu
1191 1269 1227 1331 in
1242 1285 1310 1350 quo
1329 1269 1423 1350 prius
1437 1270 1509 1334 fue

335 1355 387 1446 rat
403 1401 410 1442 :
427 1379 531 1460 igitur
550 1397 593 1443 ex
615 1397 684 1442 una
704 1379 800 1460 parte
820 1395 890 1441 non
911 1376 1072 1460 supponit
1092 1379 1247 1440 exactam
1265 1393 1376 1440 oausae
1396 1377 1510 1457 cogni·

335 1491 475 1563 tionem,
493 1490 528 1550 ct
546 1505 589 1550 ex
606 1485 713 1550 altera
727 1503 797 1551 non
815 1485 931 1550 tribuit
945 1501 1075 1548 novum
1086 1485 1144 1568 jus
1163 1501 1225 1548 seu
1246 1483 1399 1548 valorem
1420 1483 1509 1548 actui

337 1597 378 1661 de
394 1615 431 1659 sa
443 1593 603 1660 invalido.
620 1591 838 1658 Confirmatio
853 1594 888 1655 in
902 1593 1017 1680 somna
1030 1590 1169 1677 speciali
1182 1609 1244 1654 seu
1259 1593 1398 1655 ciccano
1408 1592 1511 1656 scicn-

337 1705 386 1768 tia
401 1722 442 1767 ea
456 1707 508 1766 est
523 1719 598 1786 quae
613 1700 794 1764 oonllrmat
807 1704 920 1764 aetum
933 1701 976 1764 ab
996 1699 1156 1764 inferiore
1172 1703 1320 1780 gestum,
1336 1700 1512 1782 praemissa

336 1811 436 1896 plena
457 1810 611 1892 3hujusce
641 1811 736 1872 actus
763 1807 974 1888 cognitione
998 1805 1086 1872 baec·
1104 1824 1186 1888 ergo
1216 1807 1429 1873 confirmatio
1454 1809 1511 1889 jus

337 1919 453 1982 tribuit
468 1917 557 1980 actui
576 1915 787 1990 confirmato,
809 1916 856 1979 ita
875 1918 914 1978 ut
934 1915 961 1978 si
981 1915 1068 1979 forte
1091 1913 1146 1978 ille
1169 1917 1263 1978 actus
1282 1915 1404 1978 luisset
1416 1913 1511 1979 inva-

334 2027 434 2102 lidus,
450 2026 570 2088 ssrmus
583 2041 622 2088 ao
635 2023 767 2088 validus
779 2022 990 2088 redderetur.
1008 2021 1094 2086 Sunt
1107 2026 1224 2086 tamen
1238 2021 1341 2106 aliqui
1365 2041 1464 2087 casus
1479 2022 1514 2085 in

339 2135 460 2218 quibus
477 2131 691 2197 confirmatio
710 2131 746 2194 in
768 2131 877 2195 lorma
899 2129 1140 2213 specialiater
1165 2135 1257 2194 certa
1283 2130 1425 2195 scientia
1445 2147 1515 2194 non

337 2243 439 2306 habet
458 2241 529 2306 vim
551 2239 720 2304 tribuendi
743 2239 895 2305 valorem
914 2239 1003 2306 actui
1031 2239 1220 2306 secundum
1247 2257 1283 2304 se
1305 2238 1399 2304 irrito
1421 2237 1515 2320 (Vide

338 2348 486 2429 Pirhing‚
503 2348 536 2412 b.
553 2352 576 2410 t.
592 2365 625 2411 n.
643 2348 674 2423 9,
692 2348 752 2428 16).

339 2568 370 2618 ll.
388 2568 427 2617 be
443 2563 531 2630 signis
546 2575 579 2615 ex
596 2561 701 2628 quibus
718 2563 900 2628 cognoscitur
915 2564 1160 2618 conflrmatlonem
1178 2575 1241 2618 esso
1258 2563 1362 2618 iactam
1379 2565 1409 2618 ln
1426 2563 1517 2618 torma

758 2647 910 2700 communi*
921 2648 966 2714 vel
979 2648 1104 2712 speciali.

382 2797 412 2860 l⁰
431 2795 548 2860 Omnis
562 2794 775 2860 confirmatio
788 2800 948 2860 censetur
967 2796 1057 2862 iacta
1073 2797 1108 2860 in
1123 2797 1234 2862 forma
1253 2797 1439 2872 communi,
1453 2796 1515 2860 nisi

333 2903 480 2986 aliquod
500 2903 639 2982 signum
653 2889 844 2985 apponatur
859 2922 902 2966 ex
917 2921 984 2988 quo
999 2909 1133 2968 constet
1147 2903 1239 2968 illam
1253 2905 1377 2969 iactam
1392 2923 1467 2968 esse
1483 2905 1517 2970 iu

343 3016 453 3078 forma
467 3009 614 3096 speciali.
633 3009 729 3073 Ratio
743 3013 795 3074 est
808 3012 887 3094 quia
901 3012 1114 3078 confirmatio
1130 3011 1327 3096 simpliciter
1339 3014 1429 3102 iacta
1443 3031 1518 3096 sup-

344 3116 440 3200 ponit
453 3133 527 3210 rem
542 3131 617 3178 esse
631 3131 707 3197 quae
721 3115 952 3178 confirmatur.
962 3115 1205 3181 Verumtamen
1216 3116 1243 3180 si
1254 3120 1376 3197 agatur
1387 3116 1429 3180 de
1441 3134 1520 3180 con·

345 3223 535 3287 firmatione
558 3221 637 3285 data
659 3239 680 3285 a
705 3239 866 3304 supremo
888 3222 1053 3316 principe!
1068 3223 1103 3288 in
1120 3223 1223 3288 dubio
1243 3242 1287 3288 an
1308 3225 1520 3288 confirmatio

345 3333 389 3396 sit
401 3332 490 3395 lacta
502 3331 538 3394 in
552 3331 663 3424 forma
675 3329 850 3394 communi
862 3329 918 3394 vel
932 3330 1091 3396 informa
1105 3329 1251 3414 speciali,
1264 3337 1424 3397 censetur
1433 3333 1521 3398 iacta

346 3443 380 3506 in
399 3443 509 3506 forma
524 3439 675 3522 speciali;
692 3443 806 3506 actum
828 3443 944 3504 autem
964 3439 1095 3504 Summi
1116 3441 1286 3506 Pontificis
1305 3441 1361 3506 vel
1382 3441 1521 3507 alterius

347 3549 494 3632 supremi
508 3549 668 3630 principis
681 3549 897 3632 interpretari
909 3551 1070 3616 convenit
1082 3554 1120 3615 ut
1132 3549 1258 3635 aliquid
1274 3555 1445 3634 operetur,
1460 3570 1519 3616 scu

348 3677 418 3724 non
433 3661 610 3722 remaneat
624 3656 755 3722 otiosus
768 3657 998 3739 (Sebmalzgr.‚
1015 3659 1048 3722 b.
1065 3662 1088 3722 t.
1107 3677 1141 3724 n.
1157 3659 1199 3738 5).

386 3767 418 3828 2⁰
434 3764 650 3829 Confirmatio
670 3769 830 3828 censetur
848 3765 936 3830 lacta
955 3767 991 3828 in
1011 3766 1123 3830 forma
1143 3765 1290 3848 speciali,
1306 3765 1334 3830 si
1351 3767 1387 3830 in
1400 3767 1522 3830 instru-

350 3877 468 3938 mento
485 3891 546 3936 scu
560 3872 725 3954 rescripto
737 3873 1005 3937 confirmationis
1014 3873 1185 3938 inseratur
1195 3877 1286 3938 totus
1301 3877 1400 3938 tenor
1413 3874 1523 3957 dispo-

350 3981 482 4046 sitionis
496 3980 552 4044 vel
566 3984 661 4044 actus
677 3980 733 4062 qui
746 3981 968 4044 confirmatur
982 3981 1021 4061 (c.
1034 3981 1095 4046 8b.
1108 3981 1155 4058 t).
1168 3981 1264 4044 Ratio
1280 3985 1343 4056 est,
1355 3981 1435 4064 quia
1444 3985 1523 4044 tuno

348 4091 482 4154 constat
495 4088 693 4170 principem,
708 4105 778 4152 non
793 4089 950 4154 obstante
964 4087 1078 4172 aliquo
1095 4087 1239 4163 delectu,
1251 4087 1401 4154 voluisse
1417 4089 1524 4172 dispo

350 4197 510 4260 sitioncm
525 4195 581 4260 vel
595 4199 708 4260 actum
727 4196 940 4260 confirmare.

388 4305 419 4367 3ο
440 4303 473 4368 Si
497 4304 532 4367 in
556 4303 720 4386 rescripto
744 4321 906 4386 expressa
931 4303 1063 4387 adjecta
1088 4311 1179 4370 esset
1201 4303 1352 4370 clausula
1374 4325 1417 4368 er
1435 4312 1525 4369 certo
1642 4381 1645 4386 Α

350 4413 499 4474 scientia.
518 4411 677 4494 Princeps
701 4412 793 4474 enim
814 4413 962 4476 affirmat
985 4431 1022 4476 se
1047 4431 1115 4478 non
1140 4414 1317 4496 ignorasse
1339 4413 1522 4488 delectum,

353 4518 435 4583 dum
449 4519 630 4584 oonssrmat
644 4523 758 4584 aetum
771 4519 837 4584 hoc
852 4519 984 4584 delectu
999 4521 1222 4587 laborantem.
1236 4521 1329 4586 ldem
1345 4522 1525 4587 dicendum

353 4628 380 4690 si
401 4630 614 4695 confirmatio
630 4631 728 4694 lieret
741 4647 802 4713 per
816 4629 922 4696 verba
940 4629 1192 4712 aequipollentia
1205 4630 1361 4696 lormulae
1376 4649 1417 4694 ecc
1435 4639 1526 4695 certo

353 4735 501 4800 scientia.
1270 4731 1276 4742 '
