3498 5572
367 553 430 618 leo
831 571 884 618 rus
905 571 1087 620 cssosrcurs.

369 695 491 773 sponte
503 688 642 766 recedit,
659 688 719 752 sed
732 702 794 772 per
806 691 1014 756 senteutiam
1029 689 1346 756 condemnatoriam
1357 651 1553 754 erirecom-

368 797 515 882 pellitur.
540 797 599 862 Ilic
616 797 722 881 queri
741 804 871 881 posset,
897 817 941 864 an
955 797 1055 866 liceat
1079 800 1204 883 ejicere
1225 799 1330 864 edam
1351 797 1552 864 solemniter

367 907 551 990 professos.
569 905 652 972 Nam
666 905 731 970 fuit
743 911 956 974 conuectum
976 907 1152 974 vinculum
1170 911 1375 992 perpetuum
1393 925 1437 972 ex
1450 910 1547 990 porte

368 1013 543 1096 religionis
564 1017 598 1078 et
617 1031 661 1078 ex
681 1019 777 1096 parte
792 1015 948 1096 professi.
978 1015 1220 1089 Verumtamen
1234 1015 1290 1080 isti
1304 1013 1450 1099 professi
1470 1031 1548 1097 pos·

368 1129 450 1188 sunt
465 1123 542 1206 ejici
558 1121 694 1205 (Bened.
712 1121 793 1198 XIV,
811 1122 949 1208 chyn.
966 1122 1076 1200 diseo,
1092 1123 1115 1186 l.
1131 1123 1214 1202 IIIII,
1232 1143 1261 1190 c.
1273 1125 1303 1201 1,
1321 1143 1356 1188 n.
1375 1124 1414 1187 la
1429 1123 1548 1206 seqq).

367 1230 466 1298 Ratio
485 1236 548 1308 est,
575 1231 656 1316 quia'
680 1230 927 1312 incorrigibiles
947 1231 1118 1298 habentur
1131 1233 1254 1300 merito
1277 1237 1316 1296 ut
1336 1249 1440 1298 causa
1460 1249 1552 1296 com-

367 1339 483 1406 munis
495 1337 636 1424 periculi
651 1337 835 1422 spiritualis
847 1339 883 1404 ln
897 1340 1155 1407 communitate.
1171 1339 1237 1406 Sed
1252 1357 1322 1406 non
1335 1338 1415 1404 licet
1428 1337 1551 1422 ejicere

368 1447 709 1532 mii-urigibiles,
722 1449 824 1532 Juxta
844 1448 1021 1514 decretum
1036 1447 1069 1512 S.
1090 1447 1256 1530 Congreg.
1280 1447 1380 1513 Gonu.
1398 1446 1437 1510 sl
1462 1450 1548 1529 sept.

368 1555 457 1620 leat.
474 1554 643 1620 Censetur
653 1555 892 1640 infinibilis
906 1555 963 1620 ille
979 1557 1087 1641 quiin
1103 1554 1226 1621 delicto
1245 1555 1354 1638 gravi,
1372 1559 1426 1620 ter
1438 1553 1549 1618 moni—

367 1667 423 1727 tus
439 1669 474 1728 ct
486 1668 670 1740 correctus,
695 1683 731 1730 se
752 1683 823 1730 non
839 1663 1005 1736 emm
1019 1671 1059 1749 lc.
1076 1666 1135 1728 fln.
1153 1665 1195 1730 de
1211 1663 1316 1731 Statu
1330 1663 1446 1745 mom).
1466 1661 1549 1739 imo,

368 1789 411 1834 ex
425 1770 563 1836 decreto
577 1770 701 1836 Urbani
711 1771 781 1836 VIII
795 1771 904 1838 Sacra
917 1771 1159 1857 Cossyraque.
1169 1773 1213 1840 ad
1223 1769 1551 1854 incorrigibilitatem

367 1879 552 1961 requiritur
565 1882 604 1942 ut
626 1877 818 1959 religiosus,
835 1881 936 1944 unius
955 1879 1038 1944 anni
1060 1882 1181 1964 spatio,
1198 1881 1236 1946 in
1246 1880 1381 1968 jqfunio
1397 1882 1431 1942 et
1446 1877 1551 1960 porni-

368 1985 475 2050 tentia
495 1986 659 2068 probetur
680 1986 716 2050 in
737 1987 929 2051 carceribus
956 2009 963 2051 :
993 1988 1065 2053 brec
1094 1992 1211 2053 tamen
1232 1987 1397 2071 probae·
1411 1983 1551 2052 reducto

368 2097 421 2156 cst
435 2093 479 2158 ad
493 2097 696 2157 semestrem
710 2111 883 2160 carcerem
899 2113 962 2178 per
972 2097 1108 2161 constit.
1126 2095 1199 2160 Inn.
1216 2093 1274 2158 IIII
1296 2094 1397 2176 incip.
1415 2093 1550 2162 lm·

368 2200 465 2264 tibere.
483 2199 618 2284 Ejectus
632 2207 789 2268 remanet
803 2221 992 2288 suspensus
1006 2205 1049 2270 ab
1063 2203 1225 2269 exercitio
1245 2202 1416 2278 ordinum,
1435 2219 1478 2264 ex
1492 2200 1548 2262 cil.

369 2307 505 2373 decreto
531 2306 609 2373 Urb.
633 2307 703 2372 VIII
724 2313 881 2376 etconst.
898 2311 1098 2396 Apostolicae
1112 2291 1235 2392 Sodi&
1262 2309 1323 2374 sed
1349 2313 1488 2374 tenetur
1513 2326 1550 2370 se

369 2415 553 2482 emendare
569 2422 604 2482 et
617 2415 661 2482 ed
673 2415 877 2498 religionem
886 2417 1033 2500 regredi.
1050 2416 1327 2498 Incorrigibilitas
1347 2417 1389 2481 de
1409 2433 1479 2500 qua
1496 2415 1551 2478 bic

370 2523 494 2604 agitur,
511 2523 656 2606 intelligi
673 2523 775 2588 debet
788 2523 824 2588 in
836 2526 981 2590 materia
994 2525 1089 2607 gravi
1107 2531 1142 2590 et
1160 2523 1257 2590 valde
1279 2521 1489 2598 scandaloso,
1516 2522 1552 2584 in

368 2635 536 2714 quantum
552 2630 681 2696 scilicet
702 2631 886 2714 religiosus
910 2633 1122 2698 commiserit
1135 2631 1273 2717 aliquod
1296 2651 1401 2714 mave
1420 2631 1551 2696 crimen

369 2737 461 2821 quod
488 2737 594 2808 cedet
608 2739 644 2802 in
667 2737 844 2820 religionis
864 2739 1012 2806 dedecus
1034 2741 1126 2805 etin
1148 2739 1267 2824 populi
1284 2739 1493 2814 scandalum,
1517 2743 1552 2800 et

367 2847 641 2927 perseveraverit
653 2845 829 2912 moraliter
837 2847 872 2910 in
882 2865 989 2931 prava
1003 2847 1225 2931 dIspositione
1239 2848 1281 2913 od
1292 2847 1454 2914 delictum
1468 2845 1551 2910 illud

366 2952 492 3016 iterum
505 2951 721 3036 patrandum.

408 3059 601 3128 Notandum
627 3061 788 3144 estquod
808 3063 844 3126 in
857 3064 1182 3146 congregationibus
1200 3083 1276 3149 quar
1291 3068 1373 3130 vota
1387 3061 1552 3146 simplicia

369 3171 504 3234 tantum
518 3167 713 3244 admittunt,
735 3185 806 3233 non
830 3171 1016 3254 requiritur
1036 3170 1322 3253 incorrigibilius,
1344 3171 1404 3236 sed
1426 3171 1553 3235 suflicit

369 3275 484 3356 gravis
499 3293 613 3340 causa.
629 3275 763 3340 Etenim
781 3281 976 3344 contractus
996 3280 1086 3344 inter
1099 3279 1303 3362 religionem
1317 3285 1352 3344 et
1363 3296 1552 3362 congrega-

368 3383 500 3447 tionem
513 3383 618 3447 initus
635 3401 705 3449 non
720 3387 881 3450 censetur
892 3385 1127 3465 irresolubilis,
1141 3392 1245 3471 prout
1259 3393 1312 3452 est
1324 3388 1360 3452 in
1375 3387 1552 3452 ordInibus

369 3489 556 3572 religiosis;
582 3489 674 3556 unde
696 3509 801 3558 causo
824 3493 947 3570 minor,
974 3493 1162 3561 dummodo
1186 3496 1231 3560 sit
1249 3497 1364 3578 gravis
1389 3503 1424 3560 et
1444 3499 1549 3580 justa,

276 3659 279 3675 ,
369 3597 845 3666 suflicitadtaliscontractus
860 3601 1118 3668 resolutionem.

409 3706 443 3789 d)
455 3706 622 3772 Recessus
637 3712 690 3772 est
702 3707 888 3790 legitimus,
906 3711 1043 3793 quando
1057 3713 1233 3796 professus
1245 3714 1287 3779 sb
1302 3731 1372 3778 una
1383 3711 1548 3795 religione

368 3813 432 3877 rite
448 3815 570 3878 transit
582 3814 626 3880 ed
643 3813 746 3880 aliam
771 3835 778 3878 :
799 3821 934 3881 constm
957 3836 1001 3882 ex
1025 3837 1054 3883 c.
1083 3819 1123 3884 18
1146 3821 1180 3884 h.
1198 3824 1221 3883 t.
1248 3821 1340 3886 bunc
1369 3821 1550 3886 transitum

369 3919 552 4003 aliquando
568 3939 643 3986 esse
663 3920 805 3986 licitum.
832 3922 898 3988 Sed
919 3925 1077 4009 quaedam
1098 3929 1322 4011 requiruntur
1335 3927 1550 3994 conditiones

370 4032 408 4091 ut
423 4028 593 4111 ejusmodi
609 4029 771 4095 transitus
792 4031 836 4095 sit
855 4032 1040 4114 legitimus.
1063 4035 1208 4102 Necesse
1229 4042 1282 4103 est
1298 4058 1305 4102 :
1323 4040 1355 4103 1ο
1370 4043 1409 4103 ut
1429 4039 1489 4103 flet
1506 4037 1549 4102 ad

368 4135 571 4219 religionem
596 4139 852 4222 perfectiorem,
880 4159 940 4206 seu
970 4143 1201 4211 strictiorem:
1225 4163 1269 4210 ex
1292 4147 1348 4212 cit.
1364 4165 1437 4231 cap.
1458 4151 1493 4212 et
1506 4165 1549 4210 ex

311 4228 315 4240 ¹
368 4261 464 4309 conc.
480 4244 568 4310 Trid.
584 4249 680 4328 (sess.
696 4247 747 4324 ib,
763 4265 792 4312 c.
811 4249 861 4328 19,
879 4249 920 4315 dc
931 4251 1037 4338 fleg).
1065 4253 1230 4320 Perfectio
1255 4253 1431 4337 religionis
1453 4255 1550 4320 desu-

369 4353 474 4418 mitur
494 4373 538 4418 ex
558 4355 678 4438 regula
696 4357 820 4424 actuali
837 4365 872 4424 et
892 4361 1048 4443 ejusdem
1068 4364 1287 4430 observantia
1300 4365 1472 4448 praesenti,
1488 4381 1550 4428 seu

370 4477 413 4524 ex
428 4465 518 4526 statu
533 4459 727 4544 dogmatico
742 4469 777 4528 et
789 4465 911 4531 morali
924 4467 1099 4552 religionis
1114 4471 1370 4556 amplectende.
1387 4471 1431 4535 dt
1445 4471 1547 4536 hodIe

371 4568 534 4632 transitus
548 4569 589 4634 ad
606 4571 810 4636 sirictIorem
825 4593 895 4640 non
908 4581 1023 4658 potest
1036 4578 1110 4642 fleri
1119 4580 1194 4646 sine
1206 4579 1344 4646 licentia
1355 4579 1451 4644 Sedis
1460 4581 1549 4663 Apo·

371 4673 498 4740 stolicae
515 4677 715 4758 (Monocoli,
736 4685 759 4744 t.
778 4679 802 4758 1,
831 4686 854 4744 t.
881 4701 944 4760 xvi,
965 4685 1065 4750 form.
1091 4686 1121 4762 3,
1138 4707 1171 4750 n.
1188 4687 1248 4770 18).
1265 4687 1305 4751 Et
1318 4687 1383 4753 boc
1400 4688 1549 4753 strictim
