<?xml version="1.0" encoding="UTF-8"?>
<!DOCTYPE html PUBLIC "-//W3C//DTD XHTML 1.0 Transitional//EN"
    "http://www.w3.org/TR/xhtml1/DTD/xhtml1-transitional.dtd">
<html xmlns="http://www.w3.org/1999/xhtml" xml:lang="en" lang="en">
 <head>
  <title>
</title>
<meta http-equiv="Content-Type" content="text/html;charset=utf-8" />
  <meta name='ocr-system' content='tesseract 3.04.00' />
  <meta name='ocr-capabilities' content='ocr_page ocr_carea ocr_par ocr_line ocrx_word'/>
</head>
<body>
  <div class='ocr_page' id='page_1' title='image "./juscanonicumjux00grangoog_0088.png"; bbox 0 0 3488 5564; ppageno 0'>
   <div class='ocr_carea' id='block_1_1' title="bbox 349 547 1063 616">
    <p class='ocr_par' dir='ltr' id='par_1_1' title="bbox 349 547 1063 616">
     <span class='ocr_line' id='line_1_1' title="bbox 349 547 1063 616; baseline 0.003 -6"><span class='ocrx_word' id='word_1_1' title='bbox 349 547 387 610; x_wconf 77' lang='lat'>76</span> <span class='ocrx_word' id='word_1_2' title='bbox 809 569 861 616; x_wconf 85' lang='lat' dir='ltr'>rus</span> <span class='ocrx_word' id='word_1_3' title='bbox 882 569 1063 614; x_wconf 78' lang='lat' dir='ltr'>canonicor.</span> 
     </span>
    </p>
   </div>
   <div class='ocr_carea' id='block_1_2' title="bbox 348 682 1527 1092">
    <p class='ocr_par' dir='ltr' id='par_1_2' title="bbox 348 682 1527 1092">
     <span class='ocr_line' id='line_1_2' title="bbox 390 682 1527 767; baseline -0.002 -19"><span class='ocrx_word' id='word_1_4' title='bbox 390 683 456 748; x_wconf 84' lang='lat' dir='ltr'>Sed</span> <span class='ocrx_word' id='word_1_5' title='bbox 478 682 653 767; x_wconf 88' lang='lat' dir='ltr'>disputant</span> <span class='ocrx_word' id='word_1_6' title='bbox 670 684 856 750; x_wconf 73' lang='lat' dir='ltr'>canonistas</span> <span class='ocrx_word' id='word_1_7' title='bbox 878 703 923 750; x_wconf 91' lang='lat' dir='ltr'>an</span> <span class='ocrx_word' id='word_1_8' title='bbox 942 683 1161 750; x_wconf 89' lang='lat' dir='ltr'>interdictum</span> <span class='ocrx_word' id='word_1_9' title='bbox 1181 682 1422 766; x_wconf 76' lang='lat' dir='ltr'>recuperande</span> <span class='ocrx_word' id='word_1_10' title='bbox 1437 699 1527 748; x_wconf 88' lang='lat' dir='ltr'>corn-</span> 
     </span>
     <span class='ocr_line' id='line_1_3' title="bbox 349 790 1527 876; baseline 0 -22"><span class='ocrx_word' id='word_1_11' title='bbox 349 793 443 872; x_wconf 88' lang='lat' dir='ltr'>petat</span> <span class='ocrx_word' id='word_1_12' title='bbox 455 795 574 855; x_wconf 89' lang='lat' dir='ltr'>contra</span> <span class='ocrx_word' id='word_1_13' title='bbox 588 790 727 855; x_wconf 90' lang='lat' dir='ltr'>tertium</span> <span class='ocrx_word' id='word_1_14' title='bbox 740 792 838 856; x_wconf 69' lang='lat' dir='ltr'>honre</span> <span class='ocrx_word' id='word_1_15' title='bbox 854 791 933 856; x_wconf 90' lang='lat' dir='ltr'>lldei</span> <span class='ocrx_word' id='word_1_16' title='bbox 946 807 1181 876; x_wconf 86' lang='lat' dir='ltr'>possessorem</span> <span class='ocrx_word' id='word_1_17' title='bbox 1194 809 1202 864; x_wconf 90' lang='grc'>;</span> <span class='ocrx_word' id='word_1_18' title='bbox 1219 790 1380 872; x_wconf 81' lang='lat' dir='ltr'>negativa</span> <span class='ocrx_word' id='word_1_19' title='bbox 1390 794 1527 856; x_wconf 85' lang='lat' dir='ltr'>senten-</span> 
     </span>
     <span class='ocr_line' id='line_1_4' title="bbox 349 896 1527 984; baseline -0.001 -22"><span class='ocrx_word' id='word_1_20' title='bbox 349 899 396 962; x_wconf 85' lang='lat' dir='ltr'>tia</span> <span class='ocrx_word' id='word_1_21' title='bbox 406 897 476 982; x_wconf 81' lang='lat' dir='ltr'>juri</span> <span class='ocrx_word' id='word_1_22' title='bbox 492 896 628 963; x_wconf 85' lang='lat' dir='ltr'>videtur</span> <span class='ocrx_word' id='word_1_23' title='bbox 641 898 860 976; x_wconf 77' lang='lat' dir='ltr'>conformior,</span> <span class='ocrx_word' id='word_1_24' title='bbox 888 900 968 984; x_wconf 87' lang='lat' dir='ltr'>quia</span> <span class='ocrx_word' id='word_1_25' title='bbox 983 903 1097 962; x_wconf 87' lang='lat' dir='ltr'>textus</span> <span class='ocrx_word' id='word_1_26' title='bbox 1112 899 1235 962; x_wconf 88' lang='lat' dir='ltr'>citatus</span> <span class='ocrx_word' id='word_1_27' title='bbox 1247 897 1408 981; x_wconf 85' lang='lat' dir='ltr'>supponit</span> <span class='ocrx_word' id='word_1_28' title='bbox 1422 898 1527 962; x_wconf 90' lang='lat' dir='ltr'>scien-</span> 
     </span>
     <span class='ocr_line' id='line_1_5' title="bbox 348 1006 1527 1092; baseline -0.002 -20"><span class='ocrx_word' id='word_1_29' title='bbox 348 1009 431 1072; x_wconf 90' lang='lat' dir='ltr'>tiam</span> <span class='ocrx_word' id='word_1_30' title='bbox 446 1013 481 1072; x_wconf 89' lang='lat' dir='ltr'>et</span> <span class='ocrx_word' id='word_1_31' title='bbox 493 1012 670 1091; x_wconf 88' lang='lat' dir='ltr'>peccatum</span> <span class='ocrx_word' id='word_1_32' title='bbox 692 1009 727 1072; x_wconf 92' lang='lat' dir='ltr'>in</span> <span class='ocrx_word' id='word_1_33' title='bbox 751 1009 946 1092; x_wconf 89' lang='lat' dir='ltr'>recipiente.</span> <span class='ocrx_word' id='word_1_34' title='bbox 968 1007 1118 1091; x_wconf 89' lang='lat' dir='ltr'>Spoliato</span> <span class='ocrx_word' id='word_1_35' title='bbox 1133 1013 1249 1073; x_wconf 88' lang='lat' dir='ltr'>tamen</span> <span class='ocrx_word' id='word_1_36' title='bbox 1265 1013 1422 1090; x_wconf 80' lang='lat' dir='ltr'>superest</span> <span class='ocrx_word' id='word_1_37' title='bbox 1436 1006 1527 1070; x_wconf 91' lang='lat' dir='ltr'>aliud</span> 
     </span>
    </p>
   </div>
   <div class='ocr_carea' id='block_1_3' title="bbox 346 1115 1528 1302">
    <p class='ocr_par' dir='ltr' id='par_1_3' title="bbox 346 1115 1528 1302">
     <span class='ocr_line' id='line_1_6' title="bbox 347 1115 1528 1198; baseline 0 -20"><span class='ocrx_word' id='word_1_38' title='bbox 347 1115 538 1179; x_wconf 89' lang='lat' dir='ltr'>remedium</span> <span class='ocrx_word' id='word_1_39' title='bbox 553 1116 873 1194; x_wconf 87' lang='lat' dir='ltr'>extraordinarium,</span> <span class='ocrx_word' id='word_1_40' title='bbox 899 1135 941 1180; x_wconf 78' lang='lat' dir='ltr'>ex</span> <span class='ocrx_word' id='word_1_41' title='bbox 953 1117 1062 1198; x_wconf 73' lang='lat' dir='ltr'>ospicio</span> <span class='ocrx_word' id='word_1_42' title='bbox 1073 1115 1200 1196; x_wconf 84' lang='lat' dir='ltr'>judicis</span> <span class='ocrx_word' id='word_1_43' title='bbox 1216 1115 1345 1178; x_wconf 92' lang='lat' dir='ltr'>dictum</span> <span class='ocrx_word' id='word_1_44' title='bbox 1367 1135 1374 1176; x_wconf 95' lang='lat'><strong>:</strong></span> <span class='ocrx_word' id='word_1_45' title='bbox 1393 1132 1528 1197; x_wconf 78' lang='lat' dir='ltr'>sempor</span> 
     </span>
     <span class='ocr_line' id='line_1_7' title="bbox 346 1217 1075 1302; baseline 0 -22"><span class='ocrx_word' id='word_1_46' title='bbox 346 1217 438 1280; x_wconf 87' lang='lat' dir='ltr'>enim</span> <span class='ocrx_word' id='word_1_47' title='bbox 453 1217 604 1282; x_wconf 88' lang='lat' dir='ltr'>olllcinm</span> <span class='ocrx_word' id='word_1_48' title='bbox 616 1218 741 1300; x_wconf 89' lang='lat' dir='ltr'>judicis</span> <span class='ocrx_word' id='word_1_49' title='bbox 754 1219 936 1301; x_wconf 85' lang='lat' dir='ltr'>implorare</span> <span class='ocrx_word' id='word_1_50' title='bbox 952 1223 1075 1302; x_wconf 89' lang='lat' dir='ltr'>potest.</span> 
     </span>
    </p>
   </div>
   <div class='ocr_carea' id='block_1_4' title="bbox 342 1323 1529 1838">
    <p class='ocr_par' dir='ltr' id='par_1_4' title="bbox 342 1323 1529 1838">
     <span class='ocr_line' id='line_1_8' title="bbox 385 1323 1525 1409; baseline 0.003 -22"><span class='ocrx_word' id='word_1_51' title='bbox 385 1323 606 1390; x_wconf 77' lang='lat' dir='ltr'>Interdictum</span> <span class='ocrx_word' id='word_1_52' title='bbox 630 1325 721 1390; x_wconf 72' lang='lat' dir='ltr'>orode</span> <span class='ocrx_word' id='word_1_53' title='bbox 741 1327 777 1390; x_wconf 85' lang='lat' dir='ltr'>oi</span> <span class='ocrx_word' id='word_1_54' title='bbox 797 1327 958 1391; x_wconf 89' lang='lat' dir='ltr'>intentari</span> <span class='ocrx_word' id='word_1_55' title='bbox 979 1344 1049 1390; x_wconf 93' lang='lat' dir='ltr'>non</span> <span class='ocrx_word' id='word_1_56' title='bbox 1069 1330 1183 1409; x_wconf 91' lang='lat' dir='ltr'>potest</span> <span class='ocrx_word' id='word_1_57' title='bbox 1202 1324 1268 1388; x_wconf 92' lang='lat' dir='ltr'>nisi</span> <span class='ocrx_word' id='word_1_58' title='bbox 1281 1325 1372 1388; x_wconf 90' lang='lat' dir='ltr'>intra</span> <span class='ocrx_word' id='word_1_59' title='bbox 1385 1343 1525 1402; x_wconf 87' lang='lat' dir='ltr'>annum,</span> 
     </span>
     <span class='ocr_line' id='line_1_9' title="bbox 345 1431 1525 1517; baseline 0.002 -21"><span class='ocrx_word' id='word_1_60' title='bbox 345 1449 415 1498; x_wconf 90' lang='lat' dir='ltr'>non</span> <span class='ocrx_word' id='word_1_61' title='bbox 430 1437 626 1517; x_wconf 83' lang='lat' dir='ltr'>computato</span> <span class='ocrx_word' id='word_1_62' title='bbox 642 1437 759 1498; x_wconf 90' lang='lat' dir='ltr'>tamen</span> <span class='ocrx_word' id='word_1_63' title='bbox 773 1438 926 1517; x_wconf 90' lang='lat' dir='ltr'>tempore</span> <span class='ocrx_word' id='word_1_64' title='bbox 943 1451 1010 1517; x_wconf 86' lang='lat' dir='ltr'>quo</span> <span class='ocrx_word' id='word_1_65' title='bbox 1025 1431 1189 1516; x_wconf 86' lang='lat' dir='ltr'>spoliatus</span> <span class='ocrx_word' id='word_1_66' title='bbox 1204 1450 1274 1496; x_wconf 94' lang='lat' dir='ltr'>non</span> <span class='ocrx_word' id='word_1_67' title='bbox 1288 1431 1398 1514; x_wconf 93' lang='lat' dir='ltr'>potuit</span> <span class='ocrx_word' id='word_1_68' title='bbox 1412 1451 1525 1514; x_wconf 78' lang='lat' dir='ltr'>agere.</span> 
     </span>
     <span class='ocr_line' id='line_1_10' title="bbox 345 1538 1529 1622; baseline 0.003 -19"><span class='ocrx_word' id='word_1_69' title='bbox 345 1538 396 1604; x_wconf 88' lang='lat' dir='ltr'>lta</span> <span class='ocrx_word' id='word_1_70' title='bbox 407 1543 465 1622; x_wconf 89' lang='lat' dir='ltr'>jus</span> <span class='ocrx_word' id='word_1_71' title='bbox 479 1539 673 1606; x_wconf 90' lang='lat' dir='ltr'>Romanum</span> <span class='ocrx_word' id='word_1_72' title='bbox 688 1545 723 1605; x_wconf 92' lang='lat' dir='ltr'>et</span> <span class='ocrx_word' id='word_1_73' title='bbox 736 1539 849 1606; x_wconf 83' lang='lat' dir='ltr'>Gallio.</span> <span class='ocrx_word' id='word_1_74' title='bbox 867 1542 920 1622; x_wconf 87' lang='lat' dir='ltr'>(l).</span> <span class='ocrx_word' id='word_1_75' title='bbox 943 1539 1009 1604; x_wconf 87' lang='lat' dir='ltr'>Sed</span> <span class='ocrx_word' id='word_1_76' title='bbox 1035 1539 1174 1604; x_wconf 87' lang='lat' dir='ltr'>daretur</span> <span class='ocrx_word' id='word_1_77' title='bbox 1187 1539 1290 1604; x_wconf 87' lang='lat' dir='ltr'>etiem</span> <span class='ocrx_word' id='word_1_78' title='bbox 1305 1544 1384 1622; x_wconf 91' lang='lat' dir='ltr'>post</span> <span class='ocrx_word' id='word_1_79' title='bbox 1397 1558 1529 1606; x_wconf 90' lang='lat' dir='ltr'>annum</span> 
     </span>
     <span class='ocr_line' id='line_1_11' title="bbox 345 1646 1528 1732; baseline 0.003 -21"><span class='ocrx_word' id='word_1_80' title='bbox 345 1647 433 1712; x_wconf 87' lang='lat' dir='ltr'>actio</span> <span class='ocrx_word' id='word_1_81' title='bbox 449 1647 551 1712; x_wconf 86' lang='lat' dir='ltr'>realis</span> <span class='ocrx_word' id='word_1_82' title='bbox 575 1648 687 1732; x_wconf 89' lang='lat' dir='ltr'>quoad</span> <span class='ocrx_word' id='word_1_83' title='bbox 713 1647 748 1712; x_wconf 92' lang='lat' dir='ltr'>id</span> <span class='ocrx_word' id='word_1_84' title='bbox 764 1648 855 1732; x_wconf 81' lang='lat' dir='ltr'>quod</span> <span class='ocrx_word' id='word_1_85' title='bbox 877 1647 920 1712; x_wconf 92' lang='lat' dir='ltr'>ad</span> <span class='ocrx_word' id='word_1_86' title='bbox 945 1646 1165 1730; x_wconf 85' lang='lat' dir='ltr'>spoliatorem</span> <span class='ocrx_word' id='word_1_87' title='bbox 1180 1647 1348 1729; x_wconf 89' lang='lat' dir='ltr'>pervenit,</span> <span class='ocrx_word' id='word_1_88' title='bbox 1366 1647 1471 1712; x_wconf 88' lang='lat' dir='ltr'>etiam</span> <span class='ocrx_word' id='word_1_89' title='bbox 1486 1667 1528 1714; x_wconf 92' lang='lat' dir='ltr'>ex</span> 
     </span>
     <span class='ocr_line' id='line_1_12' title="bbox 342 1755 629 1838; baseline -0.014 -18"><span class='ocrx_word' id='word_1_90' title='bbox 342 1758 421 1838; x_wconf 86' lang='lat' dir='ltr'>jure</span> <span class='ocrx_word' id='word_1_91' title='bbox 437 1755 561 1821; x_wconf 88' lang='lat' dir='ltr'>Gallico</span> <span class='ocrx_word' id='word_1_92' title='bbox 577 1756 629 1836; x_wconf 83' lang='grc'>(2).</span> 
     </span>
    </p>
   </div>
   <div class='ocr_carea' id='block_1_5' title="bbox 420 1943 1452 2012">
    <p class='ocr_par' dir='ltr' id='par_1_5' title="bbox 420 1943 1452 2012">
     <span class='ocr_line' id='line_1_13' title="bbox 420 1943 1452 2012; baseline -0.001 -14"><span class='ocrx_word' id='word_1_93' title='bbox 420 1947 451 1998; x_wconf 87' lang='lat' dir='ltr'>ll.</span> <span class='ocrx_word' id='word_1_94' title='bbox 471 1947 509 1997; x_wconf 83' lang='lat' dir='ltr'>De</span> <span class='ocrx_word' id='word_1_95' title='bbox 523 1945 551 1998; x_wconf 87' lang='lat' dir='ltr'>vi</span> <span class='ocrx_word' id='word_1_96' title='bbox 565 1944 594 1998; x_wconf 87' lang='lat' dir='ltr'>et</span> <span class='ocrx_word' id='word_1_97' title='bbox 606 1944 766 1998; x_wconf 86' lang='lat' dir='ltr'>intentione</span> <span class='ocrx_word' id='word_1_98' title='bbox 782 1943 886 2009; x_wconf 83' lang='lat' dir='ltr'>regulas</span> <span class='ocrx_word' id='word_1_99' title='bbox 901 1959 907 1994; x_wconf 91' lang='lat'><strong>:</strong></span> <span class='ocrx_word' id='word_1_100' title='bbox 922 1943 1058 2012; x_wconf 80' lang='lat' dir='ltr'>spotiatus</span> <span class='ocrx_word' id='word_1_101' title='bbox 1073 1947 1137 1998; x_wconf 83' lang='lat' dir='ltr'>acte</span> <span class='ocrx_word' id='word_1_102' title='bbox 1151 1945 1246 1998; x_wconf 81' lang='lat' dir='ltr'>omnia</span> <span class='ocrx_word' id='word_1_103' title='bbox 1261 1944 1452 2000; x_wconf 82' lang='lat' dir='ltr'>restituendos.</span> 
     </span>
    </p>
   </div>
   <div class='ocr_carea' id='block_1_6' title="bbox 342 2058 1530 3998">
    <p class='ocr_par' dir='ltr' id='par_1_6' title="bbox 342 2058 1530 3025">
     <span class='ocr_line' id='line_1_14' title="bbox 385 2058 1528 2163; baseline 0.001 -18"><span class='ocrx_word' id='word_1_104' title='bbox 385 2081 418 2163; x_wconf 84' lang='lat' dir='ltr'>o)</span> <span class='ocrx_word' id='word_1_105' title='bbox 433 2080 577 2146; x_wconf 87' lang='lat' dir='ltr'>Necesse</span> <span class='ocrx_word' id='word_1_106' title='bbox 593 2085 646 2144; x_wconf 90' lang='lat' dir='ltr'>est</span> <span class='ocrx_word' id='word_1_107' title='bbox 662 2085 700 2142; x_wconf 90' lang='lat' dir='ltr'>ut</span> <span class='ocrx_word' id='word_1_108' title='bbox 714 2079 756 2144; x_wconf 91' lang='lat' dir='ltr'>de</span> <span class='ocrx_word' id='word_1_109' title='bbox 776 2079 979 2163; x_wconf 79' lang='lat' dir='ltr'>spoliatione</span> <span class='ocrx_word' id='word_1_110' title='bbox 996 2097 1077 2144; x_wconf 88' lang='lat' dir='ltr'>vere</span> <span class='ocrx_word' id='word_1_111' title='bbox 1089 2083 1234 2156; x_wconf 90' lang='lat' dir='ltr'>constet,</span> <span class='ocrx_word' id='word_1_112' title='bbox 1252 2084 1313 2143; x_wconf 87' lang='lat' dir='ltr'>ant</span> <span class='ocrx_word' id='word_1_113' title='bbox 1323 2098 1364 2144; x_wconf 88' lang='lat' dir='ltr'>ea</span> <span class='ocrx_word' id='word_1_114' title='bbox 1377 2058 1528 2162; x_wconf 60' lang='lat' dir='ltr'>legitime</span> 
     </span>
     <span class='ocr_line' id='line_1_15' title="bbox 346 2187 1529 2272; baseline -0.001 -19"><span class='ocrx_word' id='word_1_115' title='bbox 346 2189 390 2253; x_wconf 90' lang='lat' dir='ltr'>sit</span> <span class='ocrx_word' id='word_1_116' title='bbox 402 2189 553 2272; x_wconf 87' lang='lat' dir='ltr'>probata,</span> <span class='ocrx_word' id='word_1_117' title='bbox 571 2207 614 2252; x_wconf 89' lang='lat' dir='ltr'>ex</span> <span class='ocrx_word' id='word_1_118' title='bbox 627 2205 656 2251; x_wconf 87' lang='lat' dir='ltr'>o.</span> <span class='ocrx_word' id='word_1_119' title='bbox 672 2189 739 2250; x_wconf 76' lang='lat' dir='ltr'>det</span> <span class='ocrx_word' id='word_1_120' title='bbox 753 2188 772 2251; x_wconf 83' lang='lat'>6</span> <span class='ocrx_word' id='word_1_121' title='bbox 790 2187 824 2250; x_wconf 92' lang='lat' dir='ltr'>h.</span> <span class='ocrx_word' id='word_1_122' title='bbox 840 2192 877 2264; x_wconf 82' lang='lat' dir='ltr'>t,</span> <span class='ocrx_word' id='word_1_123' title='bbox 892 2193 927 2252; x_wconf 89' lang='lat' dir='ltr'>et</span> <span class='ocrx_word' id='word_1_124' title='bbox 940 2188 1026 2252; x_wconf 90' lang='lat' dir='ltr'>ratio</span> <span class='ocrx_word' id='word_1_125' title='bbox 1043 2193 1095 2251; x_wconf 88' lang='lat' dir='ltr'>est</span> <span class='ocrx_word' id='word_1_126' title='bbox 1114 2187 1224 2252; x_wconf 86' lang='lat' dir='ltr'>obvia.</span> <span class='ocrx_word' id='word_1_127' title='bbox 1247 2187 1378 2252; x_wconf 88' lang='lat' dir='ltr'>Suilicit</span> <span class='ocrx_word' id='word_1_128' title='bbox 1390 2206 1473 2268; x_wconf 81' lang='lat' dir='ltr'>ergo</span> <span class='ocrx_word' id='word_1_129' title='bbox 1492 2192 1529 2252; x_wconf 88' lang='lat' dir='ltr'>ut</span> 
     </span>
     <span class='ocr_line' id='line_1_16' title="bbox 346 2294 1530 2380; baseline -0.001 -19"><span class='ocrx_word' id='word_1_130' title='bbox 346 2297 510 2380; x_wconf 84' lang='lat' dir='ltr'>spoliatus</span> <span class='ocrx_word' id='word_1_131' title='bbox 526 2295 593 2360; x_wconf 94' lang='lat' dir='ltr'>duo</span> <span class='ocrx_word' id='word_1_132' title='bbox 608 2296 730 2378; x_wconf 85' lang='lat' dir='ltr'>probet</span> <span class='ocrx_word' id='word_1_133' title='bbox 746 2315 752 2357; x_wconf 94' lang='lat'><strong>:</strong></span> <span class='ocrx_word' id='word_1_134' title='bbox 779 2313 903 2378; x_wconf 87' lang='lat' dir='ltr'>nempe</span> <span class='ocrx_word' id='word_1_135' title='bbox 919 2313 955 2358; x_wconf 89' lang='lat' dir='ltr'>se</span> <span class='ocrx_word' id='word_1_136' title='bbox 969 2294 1174 2378; x_wconf 89' lang='lat' dir='ltr'>possedisse,</span> <span class='ocrx_word' id='word_1_137' title='bbox 1193 2313 1328 2360; x_wconf 81' lang='lat' dir='ltr'>necnon</span> <span class='ocrx_word' id='word_1_138' title='bbox 1354 2315 1372 2359; x_wconf 92' lang='lat' dir='ltr'>e</span> <span class='ocrx_word' id='word_1_139' title='bbox 1395 2314 1530 2379; x_wconf 89' lang='lat' dir='ltr'>posses-</span> 
     </span>
     <span class='ocr_line' id='line_1_17' title="bbox 345 2402 1526 2486; baseline -0.003 -16"><span class='ocrx_word' id='word_1_140' title='bbox 345 2405 441 2470; x_wconf 90' lang='lat' dir='ltr'>sione</span> <span class='ocrx_word' id='word_1_141' title='bbox 457 2423 520 2468; x_wconf 89' lang='lat' dir='ltr'>sua</span> <span class='ocrx_word' id='word_1_142' title='bbox 533 2404 660 2486; x_wconf 89' lang='lat' dir='ltr'>injuste</span> <span class='ocrx_word' id='word_1_143' title='bbox 675 2407 735 2466; x_wconf 89' lang='lat' dir='ltr'>aut</span> <span class='ocrx_word' id='word_1_144' title='bbox 748 2402 898 2467; x_wconf 88' lang='lat' dir='ltr'>indebite</span> <span class='ocrx_word' id='word_1_145' title='bbox 914 2402 1087 2486; x_wconf 88' lang='lat' dir='ltr'>dejectum</span> <span class='ocrx_word' id='word_1_146' title='bbox 1101 2402 1218 2466; x_wconf 82' lang='lat' dir='ltr'>fuisse.</span> <span class='ocrx_word' id='word_1_147' title='bbox 1236 2403 1329 2467; x_wconf 85' lang='lat' dir='ltr'>Tunc</span> <span class='ocrx_word' id='word_1_148' title='bbox 1350 2403 1526 2486; x_wconf 87' lang='lat' dir='ltr'>spoliatus,</span> 
     </span>
     <span class='ocr_line' id='line_1_18' title="bbox 345 2509 1529 2596; baseline -0.001 -20"><span class='ocrx_word' id='word_1_149' title='bbox 345 2515 530 2596; x_wconf 88' lang='lat' dir='ltr'>antequam</span> <span class='ocrx_word' id='word_1_150' title='bbox 544 2510 755 2586; x_wconf 86' lang='lat' dir='ltr'>restituatur,</span> <span class='ocrx_word' id='word_1_151' title='bbox 778 2527 848 2573; x_wconf 92' lang='lat' dir='ltr'>non</span> <span class='ocrx_word' id='word_1_152' title='bbox 863 2513 1001 2574; x_wconf 89' lang='lat' dir='ltr'>tenetur</span> <span class='ocrx_word' id='word_1_153' title='bbox 1021 2509 1231 2592; x_wconf 88' lang='lat' dir='ltr'>respondere</span> <span class='ocrx_word' id='word_1_154' title='bbox 1253 2509 1296 2574; x_wconf 88' lang='lat' dir='ltr'>ad</span> <span class='ocrx_word' id='word_1_155' title='bbox 1311 2511 1529 2594; x_wconf 83' lang='lat' dir='ltr'>exceptiones</span> 
     </span>
     <span class='ocr_line' id='line_1_19' title="bbox 345 2615 1529 2703; baseline 0.001 -20"><span class='ocrx_word' id='word_1_156' title='bbox 345 2619 537 2703; x_wconf 89' lang='lat' dir='ltr'>spoliatoris</span> <span class='ocrx_word' id='word_1_157' title='bbox 551 2635 613 2702; x_wconf 86' lang='lat' dir='ltr'>pro</span> <span class='ocrx_word' id='word_1_158' title='bbox 628 2617 811 2682; x_wconf 80' lang='lat' dir='ltr'>colorando</span> <span class='ocrx_word' id='word_1_159' title='bbox 826 2615 1041 2700; x_wconf 79' lang='lat' dir='ltr'>spoliatione,</span> <span class='ocrx_word' id='word_1_160' title='bbox 1063 2637 1125 2682; x_wconf 92' lang='lat' dir='ltr'>seu</span> <span class='ocrx_word' id='word_1_161' title='bbox 1149 2617 1192 2682; x_wconf 92' lang='lat' dir='ltr'>ad</span> <span class='ocrx_word' id='word_1_162' title='bbox 1218 2619 1455 2703; x_wconf 83' lang='lat' dir='ltr'>exceptionem</span> <span class='ocrx_word' id='word_1_163' title='bbox 1471 2619 1529 2684; x_wconf 89' lang='lat' dir='ltr'>do-</span> 
     </span>
     <span class='ocr_line' id='line_1_20' title="bbox 345 2725 1525 2811; baseline 0.003 -21"><span class='ocrx_word' id='word_1_164' title='bbox 345 2726 441 2790; x_wconf 92' lang='lat' dir='ltr'>minii</span> <span class='ocrx_word' id='word_1_165' title='bbox 456 2727 495 2809; x_wconf 90' lang='lat' dir='ltr'>(c.</span> <span class='ocrx_word' id='word_1_166' title='bbox 513 2728 528 2790; x_wconf 93' lang='lat' dir='ltr'>l</span> <span class='ocrx_word' id='word_1_167' title='bbox 545 2727 578 2790; x_wconf 93' lang='lat' dir='ltr'>h.</span> <span class='ocrx_word' id='word_1_168' title='bbox 601 2726 647 2807; x_wconf 82' lang='lat' dir='ltr'>t),</span> <span class='ocrx_word' id='word_1_169' title='bbox 665 2731 725 2790; x_wconf 89' lang='lat' dir='ltr'>aut</span> <span class='ocrx_word' id='word_1_170' title='bbox 742 2725 875 2790; x_wconf 86' lang='lat' dir='ltr'>vitiosae</span> <span class='ocrx_word' id='word_1_171' title='bbox 895 2725 951 2790; x_wconf 83' lang='lat' dir='ltr'>vel</span> <span class='ocrx_word' id='word_1_172' title='bbox 965 2725 1064 2791; x_wconf 83' lang='lat' dir='ltr'>malae</span> <span class='ocrx_word' id='word_1_173' title='bbox 1078 2725 1164 2790; x_wconf 92' lang='lat' dir='ltr'>ssdei</span> <span class='ocrx_word' id='word_1_174' title='bbox 1180 2727 1419 2810; x_wconf 87' lang='lat' dir='ltr'>possessionis,</span> <span class='ocrx_word' id='word_1_175' title='bbox 1436 2728 1525 2811; x_wconf 86' lang='lat' dir='ltr'>quia,</span> 
     </span>
     <span class='ocr_line' id='line_1_21' title="bbox 345 2834 1529 2917; baseline 0.002 -19"><span class='ocrx_word' id='word_1_176' title='bbox 345 2836 395 2898; x_wconf 91' lang='lat' dir='ltr'>uti</span> <span class='ocrx_word' id='word_1_177' title='bbox 410 2835 568 2909; x_wconf 82' lang='lat' dir='ltr'>diximus,</span> <span class='ocrx_word' id='word_1_178' title='bbox 586 2852 656 2898; x_wconf 93' lang='lat' dir='ltr'>non</span> <span class='ocrx_word' id='word_1_179' title='bbox 677 2834 825 2898; x_wconf 89' lang='lat' dir='ltr'>multum</span> <span class='ocrx_word' id='word_1_180' title='bbox 838 2834 983 2898; x_wconf 87' lang='lat' dir='ltr'>interest</span> <span class='ocrx_word' id='word_1_181' title='bbox 996 2853 1040 2898; x_wconf 86' lang='lat' dir='ltr'>an</span> <span class='ocrx_word' id='word_1_182' title='bbox 1055 2835 1232 2917; x_wconf 87' lang='lat' dir='ltr'>possessio</span> <span class='ocrx_word' id='word_1_183' title='bbox 1248 2835 1292 2898; x_wconf 89' lang='lat' dir='ltr'>sit</span> <span class='ocrx_word' id='word_1_184' title='bbox 1301 2838 1396 2917; x_wconf 91' lang='lat' dir='ltr'>justa</span> <span class='ocrx_word' id='word_1_185' title='bbox 1409 2836 1465 2900; x_wconf 91' lang='lat' dir='ltr'>vel</span> <span class='ocrx_word' id='word_1_186' title='bbox 1478 2837 1529 2900; x_wconf 90' lang='lat' dir='ltr'>in-</span> 
     </span>
     <span class='ocr_line' id='line_1_22' title="bbox 342 2942 590 3025; baseline 0 -19"><span class='ocrx_word' id='word_1_187' title='bbox 342 2945 446 3025; x_wconf 89' lang='lat' dir='ltr'>juste.</span> <span class='ocrx_word' id='word_1_188' title='bbox 463 2942 590 3007; x_wconf 88' lang='lat' dir='ltr'>Tamen</span> 
     </span>
    </p>

    <p class='ocr_par' dir='ltr' id='par_1_7' title="bbox 344 3049 1528 3998">
     <span class='ocr_line' id='line_1_23' title="bbox 385 3049 1528 3136; baseline 0.003 -22"><span class='ocrx_word' id='word_1_189' title='bbox 385 3051 415 3132; x_wconf 84' lang='lat' dir='ltr'>d)</span> <span class='ocrx_word' id='word_1_190' title='bbox 432 3050 518 3114; x_wconf 87' lang='lat' dir='ltr'>Sunt</span> <span class='ocrx_word' id='word_1_191' title='bbox 531 3049 636 3134; x_wconf 88' lang='lat' dir='ltr'>aliqui</span> <span class='ocrx_word' id='word_1_192' title='bbox 650 3068 749 3116; x_wconf 89' lang='lat' dir='ltr'>casus</span> <span class='ocrx_word' id='word_1_193' title='bbox 767 3049 804 3114; x_wconf 93' lang='lat' dir='ltr'>in</span> <span class='ocrx_word' id='word_1_194' title='bbox 829 3051 952 3134; x_wconf 87' lang='lat' dir='ltr'>quihus</span> <span class='ocrx_word' id='word_1_195' title='bbox 968 3053 1122 3134; x_wconf 87' lang='lat' dir='ltr'>exceptio</span> <span class='ocrx_word' id='word_1_196' title='bbox 1138 3051 1279 3118; x_wconf 91' lang='lat' dir='ltr'>dominii</span> <span class='ocrx_word' id='word_1_197' title='bbox 1294 3071 1353 3117; x_wconf 90' lang='lat' dir='ltr'>seu</span> <span class='ocrx_word' id='word_1_198' title='bbox 1379 3053 1528 3136; x_wconf 89' lang='lat' dir='ltr'>proprie-</span> 
     </span>
     <span class='ocr_line' id='line_1_24' title="bbox 346 3157 1525 3244; baseline -0.001 -21"><span class='ocrx_word' id='word_1_199' title='bbox 346 3159 423 3224; x_wconf 88' lang='lat' dir='ltr'>tatis</span> <span class='ocrx_word' id='word_1_200' title='bbox 445 3158 520 3222; x_wconf 88' lang='lat' dir='ltr'>lieri</span> <span class='ocrx_word' id='word_1_201' title='bbox 541 3163 655 3241; x_wconf 89' lang='lat' dir='ltr'>potest</span> <span class='ocrx_word' id='word_1_202' title='bbox 677 3177 698 3222; x_wconf 91' lang='lat' dir='ltr'>a</span> <span class='ocrx_word' id='word_1_203' title='bbox 716 3157 898 3241; x_wconf 88' lang='lat' dir='ltr'>spoliante,</span> <span class='ocrx_word' id='word_1_204' title='bbox 922 3163 1106 3244; x_wconf 88' lang='lat' dir='ltr'>antequam</span> <span class='ocrx_word' id='word_1_205' title='bbox 1128 3160 1328 3224; x_wconf 88' lang='lat' dir='ltr'>restituatur</span> <span class='ocrx_word' id='word_1_206' title='bbox 1351 3161 1525 3243; x_wconf 89' lang='lat' dir='ltr'>spoliatus.</span> 
     </span>
     <span class='ocr_line' id='line_1_25' title="bbox 345 3266 1528 3350; baseline 0.002 -20"><span class='ocrx_word' id='word_1_207' title='bbox 345 3268 471 3331; x_wconf 85' lang='lat' dir='ltr'>Praeter</span> <span class='ocrx_word' id='word_1_208' title='bbox 484 3283 692 3331; x_wconf 87' lang='lat' dir='ltr'>consensum</span> <span class='ocrx_word' id='word_1_209' title='bbox 707 3266 851 3349; x_wconf 89' lang='lat' dir='ltr'>spoliati,</span> <span class='ocrx_word' id='word_1_210' title='bbox 867 3267 1049 3350; x_wconf 69' lang='lat' dir='ltr'>praecipuae</span> <span class='ocrx_word' id='word_1_211' title='bbox 1064 3267 1283 3350; x_wconf 88' lang='lat' dir='ltr'>exceptiones</span> <span class='ocrx_word' id='word_1_212' title='bbox 1299 3271 1379 3331; x_wconf 90' lang='lat' dir='ltr'>sunt</span> <span class='ocrx_word' id='word_1_213' title='bbox 1396 3288 1403 3330; x_wconf 91' lang='lat'>:</span> <span class='ocrx_word' id='word_1_214' title='bbox 1421 3269 1453 3332; x_wconf 77' lang='lat'>1⁰</span> <span class='ocrx_word' id='word_1_215' title='bbox 1465 3267 1528 3332; x_wconf 84' lang='lat' dir='ltr'>Ex-</span> 
     </span>
     <span class='ocr_line' id='line_1_26' title="bbox 344 3374 1526 3460; baseline 0.002 -21"><span class='ocrx_word' id='word_1_216' title='bbox 344 3375 455 3458; x_wconf 89' lang='lat' dir='ltr'>ceptio</span> <span class='ocrx_word' id='word_1_217' title='bbox 482 3374 666 3454; x_wconf 81' lang='lat' dir='ltr'>deficieotis</span> <span class='ocrx_word' id='word_1_218' title='bbox 690 3375 920 3458; x_wconf 81' lang='lat' dir='ltr'>possessionis,</span> <span class='ocrx_word' id='word_1_219' title='bbox 957 3374 1093 3458; x_wconf 89' lang='lat' dir='ltr'>quando</span> <span class='ocrx_word' id='word_1_220' title='bbox 1120 3375 1254 3440; x_wconf 89' lang='lat' dir='ltr'>notorie</span> <span class='ocrx_word' id='word_1_221' title='bbox 1277 3381 1411 3440; x_wconf 87' lang='lat' dir='ltr'>constat</span> <span class='ocrx_word' id='word_1_222' title='bbox 1435 3376 1526 3460; x_wconf 92' lang='lat' dir='ltr'>quod</span> 
     </span>
     <span class='ocr_line' id='line_1_27' title="bbox 345 3481 1524 3566; baseline 0.002 -20"><span class='ocrx_word' id='word_1_223' title='bbox 345 3481 477 3546; x_wconf 91' lang='lat' dir='ltr'>nullum</span> <span class='ocrx_word' id='word_1_224' title='bbox 489 3483 547 3563; x_wconf 89' lang='lat' dir='ltr'>jus</span> <span class='ocrx_word' id='word_1_225' title='bbox 562 3485 735 3564; x_wconf 89' lang='lat' dir='ltr'>competat</span> <span class='ocrx_word' id='word_1_226' title='bbox 749 3481 903 3565; x_wconf 90' lang='lat' dir='ltr'>spoliato,</span> <span class='ocrx_word' id='word_1_227' title='bbox 921 3486 961 3546; x_wconf 92' lang='lat' dir='ltr'>ut</span> <span class='ocrx_word' id='word_1_228' title='bbox 975 3481 1003 3544; x_wconf 90' lang='lat' dir='ltr'>si</span> <span class='ocrx_word' id='word_1_229' title='bbox 1018 3487 1111 3546; x_wconf 88' lang='lat' dir='ltr'>esset</span> <span class='ocrx_word' id='word_1_230' title='bbox 1124 3483 1269 3566; x_wconf 81' lang='lat' dir='ltr'>incapax</span> <span class='ocrx_word' id='word_1_231' title='bbox 1282 3484 1524 3566; x_wconf 89' lang='lat' dir='ltr'>possessionis;</span> 
     </span>
     <span class='ocr_line' id='line_1_28' title="bbox 347 3589 1526 3674; baseline 0.003 -22"><span class='ocrx_word' id='word_1_232' title='bbox 347 3594 427 3654; x_wconf 87' lang='lat' dir='ltr'>tunc</span> <span class='ocrx_word' id='word_1_233' title='bbox 449 3589 576 3654; x_wconf 82' lang='lat' dir='ltr'>frustra</span> <span class='ocrx_word' id='word_1_234' title='bbox 597 3589 835 3654; x_wconf 85' lang='lat' dir='ltr'>restitueretur</span> <span class='ocrx_word' id='word_1_235' title='bbox 848 3589 1024 3672; x_wconf 88' lang='lat' dir='ltr'>spoliatus,</span> <span class='ocrx_word' id='word_1_236' title='bbox 1042 3594 1160 3674; x_wconf 84' lang='lat' dir='ltr'>utpote</span> <span class='ocrx_word' id='word_1_237' title='bbox 1184 3591 1241 3674; x_wconf 87' lang='lat' dir='ltr'>qui</span> <span class='ocrx_word' id='word_1_238' title='bbox 1257 3591 1371 3654; x_wconf 89' lang='lat' dir='ltr'>statim</span> <span class='ocrx_word' id='word_1_239' title='bbox 1386 3592 1526 3657; x_wconf 89' lang='lat' dir='ltr'>deberet</span> 
     </span>
     <span class='ocr_line' id='line_1_29' title="bbox 345 3696 1525 3782; baseline 0.001 -20"><span class='ocrx_word' id='word_1_240' title='bbox 345 3696 499 3762; x_wconf 88' lang='lat' dir='ltr'>reddere.</span> <span class='ocrx_word' id='word_1_241' title='bbox 524 3697 571 3760; x_wconf 85' lang='lat' dir='ltr'>De</span> <span class='ocrx_word' id='word_1_242' title='bbox 592 3715 663 3761; x_wconf 91' lang='lat' dir='ltr'>non</span> <span class='ocrx_word' id='word_1_243' title='bbox 682 3699 760 3780; x_wconf 89' lang='lat' dir='ltr'>jure</span> <span class='ocrx_word' id='word_1_244' title='bbox 783 3703 941 3762; x_wconf 84' lang='lat' dir='ltr'>constare</span> <span class='ocrx_word' id='word_1_245' title='bbox 957 3701 1071 3782; x_wconf 85' lang='lat' dir='ltr'>potest</span> <span class='ocrx_word' id='word_1_246' title='bbox 1093 3718 1135 3762; x_wconf 84' lang='lat' dir='ltr'>ex</span> <span class='ocrx_word' id='word_1_247' title='bbox 1159 3699 1243 3763; x_wconf 87' lang='lat' dir='ltr'>actis</span> <span class='ocrx_word' id='word_1_248' title='bbox 1254 3699 1525 3782; x_wconf 74' lang='lat' dir='ltr'>judicii-instru-</span> 
     </span>
     <span class='ocr_line' id='line_1_30' title="bbox 345 3803 1526 3891; baseline 0 -21"><span class='ocrx_word' id='word_1_249' title='bbox 345 3810 463 3870; x_wconf 93' lang='lat' dir='ltr'>mento</span> <span class='ocrx_word' id='word_1_250' title='bbox 475 3803 620 3888; x_wconf 88' lang='lat' dir='ltr'>publico,</span> <span class='ocrx_word' id='word_1_251' title='bbox 638 3809 700 3869; x_wconf 87' lang='lat' dir='ltr'>etc.</span> <span class='ocrx_word' id='word_1_252' title='bbox 718 3841 758 3851; x_wconf 89' lang='lat'>-</span> <span class='ocrx_word' id='word_1_253' title='bbox 771 3805 804 3868; x_wconf 69' lang='lat'>2⁰</span> <span class='ocrx_word' id='word_1_254' title='bbox 818 3805 979 3889; x_wconf 85' lang='lat' dir='ltr'>Exceptio</span> <span class='ocrx_word' id='word_1_255' title='bbox 994 3806 1115 3870; x_wconf 81' lang='lat' dir='ltr'>domni</span> <span class='ocrx_word' id='word_1_256' title='bbox 1126 3805 1354 3891; x_wconf 73' lang='lat' dir='ltr'>irreparabilis</span> <span class='ocrx_word' id='word_1_257' title='bbox 1367 3807 1423 3872; x_wconf 83' lang='lat' dir='ltr'>oei</span> <span class='ocrx_word' id='word_1_258' title='bbox 1433 3825 1526 3872; x_wconf 83' lang='lat' dir='ltr'>scon-</span> 
     </span>
     <span class='ocr_line' id='line_1_31' title="bbox 346 3911 1526 3998; baseline 0.002 -20"><span class='ocrx_word' id='word_1_259' title='bbox 346 3913 429 3988; x_wconf 77' lang='lat' dir='ltr'>dati,</span> <span class='ocrx_word' id='word_1_260' title='bbox 447 3913 583 3997; x_wconf 87' lang='lat' dir='ltr'>quando</span> <span class='ocrx_word' id='word_1_261' title='bbox 606 3911 733 3978; x_wconf 89' lang='lat' dir='ltr'>scilicet</span> <span class='ocrx_word' id='word_1_262' title='bbox 754 3914 920 3980; x_wconf 86' lang='lat' dir='ltr'>damnum</span> <span class='ocrx_word' id='word_1_263' title='bbox 938 3914 1156 3998; x_wconf 85' lang='lat' dir='ltr'>irreparabile</span> <span class='ocrx_word' id='word_1_264' title='bbox 1171 3916 1227 3979; x_wconf 90' lang='lat' dir='ltr'>vel</span> <span class='ocrx_word' id='word_1_265' title='bbox 1240 3915 1414 3998; x_wconf 89' lang='lat' dir='ltr'>publicum</span> <span class='ocrx_word' id='word_1_266' title='bbox 1431 3933 1526 3980; x_wconf 86' lang='lat' dir='ltr'>scan-</span> 
     </span>
    </p>
   </div>
   <div class='ocr_carea' id='block_1_7' title="bbox 346 4021 1526 4538">
    <p class='ocr_par' dir='ltr' id='par_1_8' title="bbox 346 4021 1526 4322">
     <span class='ocr_line' id='line_1_32' title="bbox 346 4021 1523 4108; baseline 0.002 -22"><span class='ocrx_word' id='word_1_267' title='bbox 346 4021 463 4086; x_wconf 88' lang='lat' dir='ltr'>dalum</span> <span class='ocrx_word' id='word_1_268' title='bbox 476 4021 680 4104; x_wconf 91' lang='lat' dir='ltr'>produceret</span> <span class='ocrx_word' id='word_1_269' title='bbox 705 4023 887 4098; x_wconf 89' lang='lat' dir='ltr'>restitutio,</span> <span class='ocrx_word' id='word_1_270' title='bbox 912 4028 951 4087; x_wconf 89' lang='lat' dir='ltr'>ut</span> <span class='ocrx_word' id='word_1_271' title='bbox 974 4024 1003 4088; x_wconf 94' lang='lat' dir='ltr'>si</span> <span class='ocrx_word' id='word_1_272' title='bbox 1025 4023 1148 4089; x_wconf 91' lang='lat' dir='ltr'>mulier</span> <span class='ocrx_word' id='word_1_273' title='bbox 1162 4043 1237 4108; x_wconf 78' lang='lat' dir='ltr'>quae</span> <span class='ocrx_word' id='word_1_274' title='bbox 1252 4043 1273 4088; x_wconf 91' lang='lat' dir='ltr'>a</span> <span class='ocrx_word' id='word_1_275' title='bbox 1288 4025 1360 4089; x_wconf 91' lang='lat' dir='ltr'>viro</span> <span class='ocrx_word' id='word_1_276' title='bbox 1377 4025 1523 4100; x_wconf 86' lang='lat' dir='ltr'>divertit,</span> 
     </span>
     <span class='ocr_line' id='line_1_33' title="bbox 348 4131 1526 4218; baseline 0.003 -24"><span class='ocrx_word' id='word_1_277' title='bbox 348 4135 536 4214; x_wconf 89' lang='lat' dir='ltr'>opponeret</span> <span class='ocrx_word' id='word_1_278' title='bbox 557 4131 599 4195; x_wconf 89' lang='lat' dir='ltr'>de</span> <span class='ocrx_word' id='word_1_279' title='bbox 621 4133 756 4196; x_wconf 90' lang='lat' dir='ltr'>structis</span> <span class='ocrx_word' id='word_1_280' title='bbox 781 4133 912 4197; x_wconf 89' lang='lat' dir='ltr'>insidiis</span> <span class='ocrx_word' id='word_1_281' title='bbox 927 4132 1022 4209; x_wconf 58' lang='lat' dir='ltr'>vitam</span> <span class='ocrx_word' id='word_1_282' title='bbox 1039 4132 1095 4198; x_wconf 83' lang='lat' dir='ltr'>vel</span> <span class='ocrx_word' id='word_1_283' title='bbox 1108 4133 1136 4198; x_wconf 89' lang='lat' dir='ltr'>si</span> <span class='ocrx_word' id='word_1_284' title='bbox 1149 4132 1263 4218; x_wconf 92' lang='lat' dir='ltr'>proles</span> <span class='ocrx_word' id='word_1_285' title='bbox 1279 4133 1447 4216; x_wconf 87' lang='lat' dir='ltr'>baptizata</span> <span class='ocrx_word' id='word_1_286' title='bbox 1469 4151 1526 4217; x_wconf 83' lang='lat' dir='ltr'>pa·</span> 
     </span>
     <span class='ocr_line' id='line_1_34' title="bbox 348 4239 823 4322; baseline 0 -20"><span class='ocrx_word' id='word_1_287' title='bbox 348 4240 436 4303; x_wconf 88' lang='lat' dir='ltr'>renti</span> <span class='ocrx_word' id='word_1_288' title='bbox 446 4239 561 4322; x_wconf 83' lang='lat' dir='ltr'>judaeo</span> <span class='ocrx_word' id='word_1_289' title='bbox 577 4241 823 4306; x_wconf 89' lang='lat' dir='ltr'>restitueretur.</span> 
     </span>
    </p>

    <p class='ocr_par' dir='ltr' id='par_1_9' title="bbox 348 4349 1526 4538">
     <span class='ocr_line' id='line_1_35' title="bbox 389 4349 1526 4437; baseline 0.003 -26"><span class='ocrx_word' id='word_1_290' title='bbox 389 4351 415 4430; x_wconf 88' lang='lat' dir='ltr'>c)</span> <span class='ocrx_word' id='word_1_291' title='bbox 429 4349 595 4415; x_wconf 85' lang='lat' dir='ltr'>Facienda</span> <span class='ocrx_word' id='word_1_292' title='bbox 616 4356 670 4416; x_wconf 89' lang='lat' dir='ltr'>est</span> <span class='ocrx_word' id='word_1_293' title='bbox 686 4353 856 4418; x_wconf 89' lang='lat' dir='ltr'>restitutio</span> <span class='ocrx_word' id='word_1_294' title='bbox 874 4353 985 4437; x_wconf 83' lang='lat' dir='ltr'>plena,</span> <span class='ocrx_word' id='word_1_295' title='bbox 1002 4354 1050 4419; x_wconf 83' lang='lat' dir='ltr'>ita</span> <span class='ocrx_word' id='word_1_296' title='bbox 1064 4358 1186 4418; x_wconf 92' lang='lat' dir='ltr'>utnon</span> <span class='ocrx_word' id='word_1_297' title='bbox 1206 4351 1318 4416; x_wconf 90' lang='lat' dir='ltr'>solum</span> <span class='ocrx_word' id='word_1_298' title='bbox 1333 4371 1389 4418; x_wconf 90' lang='lat' dir='ltr'>res</span> <span class='ocrx_word' id='word_1_299' title='bbox 1404 4352 1526 4435; x_wconf 91' lang='lat' dir='ltr'>prinoi-</span> 
     </span>
     <span class='ocr_line' id='line_1_36' title="bbox 348 4455 1526 4538; baseline 0 -17"><span class='ocrx_word' id='word_1_300' title='bbox 348 4455 445 4538; x_wconf 84' lang='lat' dir='ltr'>palis,</span> <span class='ocrx_word' id='word_1_301' title='bbox 460 4458 519 4523; x_wconf 89' lang='lat' dir='ltr'>sed</span> <span class='ocrx_word' id='word_1_302' title='bbox 533 4459 636 4524; x_wconf 92' lang='lat' dir='ltr'>etiam</span> <span class='ocrx_word' id='word_1_303' title='bbox 650 4463 838 4527; x_wconf 90' lang='lat' dir='ltr'>accessoria</span> <span class='ocrx_word' id='word_1_304' title='bbox 852 4463 1075 4528; x_wconf 86' lang='lat' dir='ltr'>restituantur</span> <span class='ocrx_word' id='word_1_305' title='bbox 1087 4481 1166 4526; x_wconf 93' lang='lat' dir='ltr'>cum</span> <span class='ocrx_word' id='word_1_306' title='bbox 1182 4461 1341 4528; x_wconf 90' lang='lat' dir='ltr'>omnibus</span> <span class='ocrx_word' id='word_1_307' title='bbox 1362 4461 1526 4526; x_wconf 85' lang='lat' dir='ltr'>fructibus</span> 
     </span>
    </p>
   </div>
   <div class='ocr_carea' id='block_1_8' title="bbox 382 4613 696 4760">
    <p class='ocr_par' dir='ltr' id='par_1_10' title="bbox 382 4613 696 4760">
     <span class='ocr_line' id='line_1_37' title="bbox 382 4613 679 4678; baseline 0 -14"><span class='ocrx_word' id='word_1_308' title='bbox 382 4613 417 4674; x_wconf 79' lang='lat' dir='ltr'>(ll</span> <span class='ocrx_word' id='word_1_309' title='bbox 434 4617 505 4666; x_wconf 80' lang='lat' dir='ltr'>Proc.</span> <span class='ocrx_word' id='word_1_310' title='bbox 521 4617 582 4678; x_wconf 68' lang='lat' dir='ltr'>cin,</span> <span class='ocrx_word' id='word_1_311' title='bbox 599 4631 622 4666; x_wconf 89' lang='lat' dir='ltr'>a.</span> <span class='ocrx_word' id='word_1_312' title='bbox 639 4618 679 4669; x_wconf 87' lang='grc'>23.</span> 
     </span>
     <span class='ocr_line' id='line_1_38' title="bbox 383 4695 696 4760; baseline 0.016 -15"><span class='ocrx_word' id='word_1_313' title='bbox 383 4697 414 4758; x_wconf 76' lang='grc'>(2)</span> <span class='ocrx_word' id='word_1_314' title='bbox 431 4695 495 4747; x_wconf 88' lang='lat' dir='ltr'>Cod.</span> <span class='ocrx_word' id='word_1_315' title='bbox 511 4699 569 4760; x_wconf 74' lang='lat' dir='ltr'>clu,</span> <span class='ocrx_word' id='word_1_316' title='bbox 584 4713 608 4748; x_wconf 87' lang='lat' dir='ltr'>a.</span> <span class='ocrx_word' id='word_1_317' title='bbox 626 4701 696 4750; x_wconf 87' lang='grc'>2262.</span> 
     </span>
    </p>
   </div>
   <div class='ocr_carea' id='block_1_9' title="bbox 0 0 1750 5564">
    <p class='ocr_par' dir='ltr' id='par_1_11' title="bbox 0 0 1750 5564">
     <span class='ocr_line' id='line_1_39' title="bbox 0 0 1750 5564; baseline 0 0"><span class='ocrx_word' id='word_1_318' title='bbox 0 0 1750 5564; x_wconf 95' lang='lat' dir='ltr'> </span> 
     </span>
    </p>
   </div>
  </div>
 </body>
</html>
