3440 5568
367 561 427 626 668
826 579 878 624 rus
902 579 1082 626 canonicum.

402 701 434 754 in
449 695 506 756 hoc
519 695 640 754 decreto
655 695 862 769 quaerebatur:
873 700 902 752 1ι
915 699 958 756 An
972 696 1109 755 fabricari
1125 699 1244 772 possint
1256 697 1365 756 calices
1379 713 1433 772 pro
1443 715 1544 758 sacro-

366 791 470 846 sancto
483 786 584 844 sacrii.
603 785 714 856 missa,
730 801 859 859 quorum
881 801 987 860 cuppa
1002 787 1065 846 sint
1088 803 1124 846 ex
1150 788 1284 858 metello,
1308 787 1480 848 audchaloo
1496 791 1544 848 val

366 891 459 950 cupro
479 876 642 936 coniectae?
660 881 689 936 2⁰
712 879 756 934 An
774 875 950 951 hujusmodi
968 891 1086 950 cuppa,
1108 877 1164 937 etsi
1184 877 1344 947 inauratae,
1372 878 1545 936 consecrari

366 970 479 1038 queant
497 965 535 1023 ab
553 965 725 1039 episcopis?
748 969 777 1024 ³⁰
795 969 839 1024 lin
859 965 978 1024 tolerari
996 967 1094 1039 possit
1114 965 1195 1039 quod
1214 965 1360 1037 ecelesiae,
1380 981 1448 1040 quaa
1468 980 1545 1039 prae·

368 1054 465 1114 dictus
479 1054 587 1114 calices
603 1054 666 1128 J'em
680 1053 801 1125 habant,
819 1053 992 1114 eorumdem
1004 1067 1096 1114 usum
1109 1054 1228 1114 valeant
1239 1055 1387 1114 renuerat
1402 1087 1436 1098 -
1450 1055 1492 1114 Ad
1508 1061 1518 1112 i
1533 1075 1543 1114 :

368 1145 528 1202 Serventur
551 1141 688 1202 rubrica.
711 1143 753 1202 hd
773 1150 790 1202 2
813 1163 820 1201 ε
843 1144 1001 1202 Provisum
1024 1143 1056 1202 in
1078 1143 1184 1217 primo.
1205 1145 1247 1202 nd
1262 1148 1301 1202 3:
1324 1143 1460 1204 libusum
1474 1159 1544 1203 asse

366 1233 594 1304 eliminandum,
609 1247 744 1308 congruo
763 1239 862 1292 umen
884 1234 1041 1309 assignato
1061 1239 1193 1308 tempore
1208 1239 1243 1292 ut
1260 1233 1297 1292 da
1311 1234 1380 1292 aliis
1395 1233 1543 1294 calicibus

368 1321 559 1393 provideatur
572 1321 622 1396 (1).

403 1415 496 1471 limus
511 1412 673 1486 episcopus
694 1413 832 1474 llolinen.
853 1416 901 1475 sui
921 1415 1056 1476 muneris
1080 1430 1149 1474 esse
1172 1413 1294 1474 duxita
1316 1415 1406 1471 Sacra
1421 1413 1543 1472 iiitumn

367 1502 603 1578 congregatione
627 1503 779 1576 postulare
802 1519 840 1562 en
864 1505 972 1566 calices
993 1521 1030 1564 ex
1049 1503 1193 1564 eluminio
1209 1503 1272 1563 sive
1296 1517 1372 1576 puro
1394 1502 1458 1564 sive
1473 1501 1543 1560 aliis

367 1589 495 1649 metaliis
506 1591 679 1664 commixto,
690 1597 803 1652 attenta
814 1594 950 1666 ipsorum
961 1594 1184 1668 pulchritudine
1194 1609 1229 1652 ac
1240 1592 1400 1664 soliditate,
1414 1608 1470 1651 nec
1481 1605 1542 1650 oon

367 1685 540 1754 paupertate
553 1681 749 1742 ecclesiarum
764 1684 920 1755 ruralium,
937 1685 1101 1758 presertim
1114 1685 1145 1742 in
1160 1682 1263 1752 Gallia,
1277 1681 1409 1740 adhiberi
1424 1681 1544 1753 possint

367 1771 397 1828 in
422 1776 598 1830 sacrosanto
622 1771 725 1831 missae
746 1772 902 1832 sacrificio.
927 1774 1069 1846 Exposita
1090 1787 1181 1848 super
1195 1773 1252 1831 hoa
1274 1770 1366 1831 dubio
1387 1775 1457 1828 voto
1480 1785 1541 1829 rav.

368 1861 400 1915 [i.
431 1859 582 1918 Francisci
611 1861 780 1936 Regnent...
813 1861 1087 1936 physico-chimicae
1116 1861 1313 1936 professoris,
1342 1875 1438 1934 eoque
1463 1859 1542 1934 typis

366 1961 487 2017 excuso,
516 1949 672 2022 prelatum
697 1949 857 2010 dubium...
881 1953 1068 2025 propositum
1093 1953 1151 2010 luit
1171 1951 1201 2010 in
1227 1949 1388 2010 ordinariis
1412 1949 1542 2008 comitiis

367 2037 500 2112 ejusdam
529 2041 557 2096 S.
584 2041 834 2116 congregationis
855 2042 892 2100 ad
915 2042 1089 2100 Vaticanum
1113 2040 1234 2110 habitis,
1258 2039 1306 2098 dia
1331 2042 1342 2094 i
1364 2037 1542 2112 septembris

366 2127 508 2185 vertentis
523 2128 605 2198 anni,
630 2143 708 2201 quae,
731 2131 872 2190 omnibus
891 2137 1028 2191 accurata
1043 2131 1215 2204 perpensis,
1228 2129 1454 2190 rescribendum
1475 2143 1543 2187 can·

367 2215 447 2274 snit:
461 2215 545 2276 Nihil
558 2232 623 2276 esca
638 2219 854 2278 innovandam.

400 2305 557 2380 nequierit
570 2306 642 2366 huic
655 2307 802 2366 decisioni
823 2326 915 2384 eques
931 2311 1042 2370 Paulus
1057 2312 1163 2382 biurio,
1176 2310 1309 2384 predicti
1323 2307 1433 2368 metalli
1452 2305 1540 2366 labri-

366 2398 457 2453 caior.
475 2398 627 2468 Reputans
642 2409 712 2456 vero
735 2397 844 2459 calices
863 2415 930 2459 asa
944 2401 1097 2460 coniectos
1113 2401 1209 2459 inisse
1231 2398 1373 2458 exclusos
1387 2397 1459 2470 quia
1480 2411 1538 2454 non

366 2485 442 2542 satis
458 2487 630 2544 consultum
645 2492 709 2546 erat
730 2488 870 2564 dignitati
889 2493 971 2548 tanto
994 2495 1180 2549 sacramanto
1197 2488 1315 2558 dehita,
1335 2487 1373 2546 de
1386 2486 1539 2544 memorati

366 2574 496 2648 episcopi
510 2575 683 2636 llolinensis
697 2593 849 2637 consensu
871 2579 1037 2652 supplicem
1052 2579 1183 2651 porrexit
1198 2577 1333 2636 libellum
1348 2577 1397 2634 ss.
1415 2573 1541 2632 homino

367 2667 481 2732 nostro,
506 2668 541 2720 ut
560 2665 669 2724 celicas
693 2679 728 2724 ao
752 2673 877 2739 patenas
900 2683 936 2726 ar
957 2667 1102 2727 aluminio
1128 2666 1196 2724 aliis
1219 2664 1347 2724 metallis
1369 2663 1541 2732 commixto,

365 2753 457 2828 vulgo
471 2753 978 2828 11666666116116616166666111666
992 2757 1167 2832 dignaretur
1182 2755 1213 2812 in
1227 2753 1426 2814 celebratione
1442 2767 1541 2810 sacro·

366 2843 744 2915 666611616666666111611,
765 2847 791 2904 si
813 2861 919 2920 cuppae
938 2847 1065 2906 calicum
1080 2850 1110 2904 at
1130 2844 1290 2918 patenam
1307 2848 1369 2902 tota
1384 2841 1542 2916 superlicio

366 2936 490 3006 argento
516 2933 600 3007 prius
618 2939 647 2992 ct
668 2934 776 2994 deinde
794 2949 868 2994 auro
891 2935 922 2993 io
941 2935 1077 3009 partibus
1099 2950 1116 2992 a
1134 2933 1254 2994 rubrica
1272 2932 1427 3005 requisitis
1446 2932 1541 2990 obdu·

366 3025 481 3080 cantur.
498 3024 646 3083 sanctitas
666 3039 755 3097 porro
770 3029 829 3084 Sua
843 3039 906 3084 rem
922 3025 980 3083 sibi
997 3024 1197 3084 deliniendam
1212 3037 1383 3092 reservans,
1398 3019 1494 3078 voluit
1510 3025 1543 3078 nt

367 3111 527 3183 superbae
553 3127 630 3171 nova
652 3113 857 3188 propositione
878 3119 1011 3172 votuma
1035 3118 1199 3172 memorato
1218 3111 1389 3185 proiessora
1405 3109 1541 3183 Regnaai

365 3200 571 3259 conficeretur.
588 3203 643 3272 Qui
668 3217 737 3260 cum
760 3202 834 3261 iliud
849 3201 1026 3262 affirmative
1047 3203 1231 3274 protulisset,
1258 3199 1413 3258 nonnullis
1440 3203 1540 3256 tameo

275 3339 277 3344 .
366 3287 423 3345 sub
438 3288 661 3349 conditionibus
681 3291 712 3348 in
733 3297 803 3351 voto
823 3294 890 3366 ipso
905 3293 1085 3367 indignatis,
1108 3293 1211 3352 aedem
1233 3291 1380 3352 Sanctitas
1396 3292 1456 3349 Sua
1477 3303 1543 3362 par·

365 3376 449 3435 misit
462 3377 570 3438 calices
595 3385 625 3438 et
643 3385 767 3454 patenas
790 3383 835 3442 sio
857 3385 1009 3442 coniectas
1030 3383 1175 3453 adhiberi,
1197 3395 1300 3440 aarum
1324 3378 1382 3438 sub
1403 3379 1542 3438 formact

365 3466 589 3528 conditionibus
610 3469 641 3528 iu
664 3485 781 3530 annexa
799 3472 996 3532 instructione
1017 3471 1210 3546 praescriptis.
1236 3468 1399 3530 Contrariis
1413 3467 1540 3542 quibus·

364 3571 493 3630 cumque
507 3573 569 3616 aon
584 3559 786 3620 obstantibus.
803 3563 882 3620 11166
896 3562 1064 3622 decembris
1081 3565 1161 3620 litat.

401 3645 478 3704 hub.
509 3651 534 3704 i.
559 3653 603 3706 nn
632 3650 719 3720 calix,
745 3653 833 3726 cujus
855 3653 1004 3711 inauratio
1026 3653 1173 3712 duntaxat
1198 3655 1373 3718 renovatur,
1401 3647 1540 3720 possita

365 3735 519 3794 sacerdote
545 3737 649 3796 ordine
676 3739 839 3814 episcopali
862 3757 922 3800 nou
945 3741 1092 3817 insignito
1113 3739 1288 3815 simpliciter
1316 3739 1383 3797 sine
1398 3737 1540 3796 unctione

365 3823 511 3895 benedici,
530 3826 576 3883 vel
591 3826 622 3884 in
637 3827 694 3887 hoe
708 3843 828 3904 quoque
846 3846 917 3892 casn
932 3831 968 3890 ad
991 3831 1167 3904 episcopum
1183 3828 1438 3903 perfundebant,
1454 3832 1488 3886 ut
1501 3825 1539 3885 ab

365 3911 421 3970 hoo
436 3928 504 3971 cum
519 3915 661 3974 unctione
676 3916 812 3980 benedici
827 3921 939 3993 quanti
950 3921 978 3978 S.
995 3923 1029 3978 ii.
1041 3921 1072 3978 C.
1086 3933 1166 3993 resp.
1184 3938 1191 3976 :
1208 3919 1250 3978 lid
1262 3917 1398 3988 i‚Quoad
1412 3916 1539 3989 primam

366 4003 490 4073 partem,
505 4005 656 4077 negative3
672 4009 770 4080 quoad
787 4009 909 4068 altarem
925 4007 1233 4082 partemaihrmativc
1248 4005 1284 4066 ad
1296 4010 1469 4078 utrumque.
1486 4004 1539 4063 iiie

365 4092 381 4144 a
399 4090 470 4149 maii
486 4095 565 4162 1857,
581 4093 613 4152 in
627 4095 809 4170 strigonien.

401 4180 483 4238 llicit
499 4181 578 4255 junii
601 4185 681 4256 1817,
706 4189 819 4245 summ.
835 4190 867 4245 P.
892 4187 963 4246 Pius
988 4190 1024 4246 ili
1047 4187 1199 4246 concessit
1222 4184 1425 4245 missionariis
1440 4183 1538 4258 quiin

366 4267 446 4327 Sinis
459 4274 489 4328 et
511 4270 604 4330 indiis
625 4273 822 4336 orientalibus
848 4277 973 4351 degunt,
999 4275 1167 4336 iacultatcm
1190 4273 1292 4334 umndi
1312 4273 1457 4332 calicibus
1480 4287 1539 4331 aare

365 4357 433 4415 albo
452 4358 621 4420 elaboratis.
642 4363 694 4421 ilie
715 4368 750 4422 24
764 4365 912 4426 decembr.
930 4367 1009 4438 1819,
1025 4369 1054 4425 S.
1074 4368 1182 4440 congr.
1198 4361 1538 4436 daPropag.s1doiiiud

398 4509 430 4574 (i)
444 4510 474 4560 ln
487 4524 540 4562 ano
553 4513 668 4578 liemon,
684 4515 712 4567 io
725 4519 802 4568 murt.
819 4516 878 4568 ista
894 4533 900 4568 :
916 4518 1057 4570 Academia
1072 4519 1194 4584 liturgica
1205 4519 1234 4568 in
1248 4517 1318 4570 Urba
1328 4519 1414 4568 arecia
1427 4515 1540 4580 oppiana

366 4598 503 4638 occurrere
522 4587 619 4640 abusui
639 4591 686 4656 qai
707 4591 785 4644 latius
799 4607 905 4660 sarpam
926 4595 1034 4660 incepit,
1055 4593 1200 4646 adhibendi
1218 4593 1247 4644 in
1268 4594 1434 4644 sacrosancto
1450 4591 1540 4642 mima

366 4661 494 4713 sacrificio
503 4663 599 4715 calices
612 4679 728 4730 quorum
745 4683 839 4735 cuppae
850 4683 884 4721 ox
895 4671 1002 4722 metallo
1016 4675 1080 4722 sunt
1090 4670 1253 4733 contactae
1266 4669 1294 4722 S.
1306 4669 1336 4719 li.
1348 4667 1539 4732 (1166666661.

367 4735 509 4790 dubiorum
525 4740 685 4794 solutionem
699 4743 848 4797 humillime
864 4747 1007 4812 exquisivit
1022 4747 1159 4812 (nimirum
1175 4759 1256 4811 supra
1271 4743 1372 4806 relatui.
