3510 5574
395 587 455 654 296
854 607 904 652 scs
926 605 1106 653 cuuourcou.

394 725 442 788 sic
471 723 568 790 electi
597 727 640 790 ab
668 726 828 810 episcopo
857 743 933 790 esse
961 725 1088 792 debent
1117 725 1275 791 doctores
1302 732 1362 792 aut
1388 725 1574 800 licentiati,

393 833 422 896 si
446 833 563 898 haberi
586 839 755 918 possunt:
776 833 860 900 alias
878 853 1067 902 concursus
1091 841 1145 901 est
1166 835 1282 902 nullus
1311 835 1444 918 (Gongr.
1474 835 1576 901 Gonc.

392 939 519 1023 wion.
536 941 638 1025 17113).

433 1047 605 1130 dlModus
622 1053 855 1118 examinandi.
871 1053 1132 1122 Examinatores
1152 1055 1188 1120 in
1209 1056 1374 1120 scrutinio
1391 1056 1423 1120 t·
1436 1073 1580 1140 perpen-

394 1158 474 1224 dere
487 1159 613 1226 debent
628 1162 808 1230 scientiam
819 1164 921 1230 simul
930 1167 1388 1234 aemeritaconcurrentium
1398 1165 1444 1248 (S.
1454 1164 1582 1262 Congr-

395 1265 493 1333 Gonc.
515 1269 535 1333 2
554 1287 633 1352 aug.
649 1271 751 1351 16117).
767 1272 900 1340 Habent
913 1276 1006 1340 enim
1025 1294 1114 1341 onus
1134 1274 1334 1359 explorandi
1349 1293 1420 1340 non
1437 1280 1572 1341 tantum

394 1378 588 1458 scientiam,
614 1381 674 1446 sed
702 1400 835 1462 mores,
860 1389 1013 1462 etatem,
1039 1384 1258 1468 prudentiam
1288 1383 1439 1468 aliasque
1469 1384 1578 1448 animi

393 1485 501 1564 dotes,
515 1494 550 1553 et
563 1489 598 1553 in
611 1489 777 1556 relatione
792 1493 939 1558 verbum
952 1493 1064 1559 iacere
1080 1493 1207 1558 dehent
1222 1492 1263 1556 de
1278 1490 1345 1556 illis
1358 1492 1531 1556 omnibus.
1640 1479 1645 1484 ’

431 1596 465 1660 2⁰
478 1595 611 1662 Debent
624 1599 751 1665 reterre
765 1601 823 1684 qui
838 1601 908 1665 sint
928 1600 1055 1678 idonei,
1076 1619 1254 1684 nunquam
1268 1617 1351 1666 vero
1371 1600 1574 1664 denuntiare

391 1703 468 1789 quis
481 1706 592 1788 magis
607 1707 651 1771 sit
666 1707 822 1787 idoneus,
837 1708 928 1793 quod
943 1709 987 1774 ad
1000 1709 1199 1793 episcopum
1212 1707 1326 1774 solum
1341 1712 1470 1792 spectat
1484 1707 1571 1792 (ead.

392 1810 830 1900 (1013113171111729).
853 1816 1001 1882 Possunt
1021 1822 1138 1882 tamen
1165 1816 1337 1882 declarare
1365 1812 1440 1902 quis
1467 1817 1573 1881 suerit

391 1921 502 2002 primo
516 1921 592 1988 loco
605 1923 750 1990 idoneus
765 1925 878 2010 quoad
891 1925 1080 2002 scientiam,
1091 1926 1168 2010 quis
1181 1926 1294 2010 quoad
1306 1931 1448 1990 caeteras
1463 1925 1577 1990 dotes.

332 2054 342 2069 ‘
432 2029 466 2094 3·
477 2029 610 2097 Debent
627 2034 1048 2117 juramentumpraestare
1068 2040 1148 2100 ante
1171 2053 1318 2100 examen
1340 2033 1382 2098 dc
1403 2031 1578 2118 aequabili-

393 2143 446 2204 ter
467 2138 706 2220 discernendo,
732 2140 774 2208 de
802 2159 948 2208 munere
980 2159 1044 2208 suo
1072 2142 1219 2210 fideliter
1244 2140 1477 2226 adimplendo;
1503 2159 1577 2206 non

392 2252 508 2314 tamen
522 2265 662 2314 necessa
675 2254 729 2314 est
748 2253 789 2313 ut
802 2249 839 2314 in
854 2248 1007 2334 quolibet
1020 2251 1178 2318 annuae
1192 2255 1374 2334 praestetur
1387 2248 1470 2314 illud
1481 2251 1580 2332 J'ura·

343 2338 348 2347 ¹
392 2361 560 2424 mentum.

434 2469 462 2551 e)
477 2468 525 2533 De
549 2465 676 2550 objecto
697 2485 887 2534 concursus.
906 2465 1100 2535 Generatim
1123 2469 1361 2554 complectitur
1385 2467 1576 2542 scientiam,

393 2593 519 2653 mores,
539 2575 768 2659 prudentiam,
790 2575 966 2642 solertiam
989 2577 1026 2642 in
1045 2576 1207 2658 regendis
1229 2578 1409 2660 parochiis,
1425 2581 1575 2651 aetatem,

393 2685 484 2750 bone
508 2702 623 2769 opera,
645 2703 684 2751 ac
706 2684 850 2769 proinde
875 2685 1067 2766 generatim
1089 2703 1211 2752 omnes
1231 2685 1329 2751 dotes
1353 2685 1396 2752 ad
1420 2685 1577 2767 regimen

393 2793 585 2859 animarum
606 2794 798 2878 requisitas.
816 2794 936 2871 Quoad
951 2795 1140 2872 scientiam,
1160 2795 1283 2879 triplici
1301 2794 1493 2878 praesertim
1515 2811 1574 2858 ex-

393 2901 584 2985 perimento
611 2903 839 2987 subjiciuntur
866 2910 1121 2971 concurrentes.
1149 2904 1355 2988 proponitur
1376 2905 1408 2968 1·
1431 2903 1575 2987 quaestio

395 3011 602 3095 dogmatics3
617 3013 651 3077 2⁰
665 3031 765 3079 casus
779 3014 1014 3080 conseienoae:
1029 3014 1272 3097 responsiones
1289 3030 1448 3077 sermone
1469 3011 1576 3076 latino

396 3120 467 3186 dari
477 3121 618 3198 debent;
629 3123 662 3186 3ο
671 3123 790 3189 concio
802 3141 906 3208 super
914 3121 1065 3206 aliquem
1074 3127 1208 3186 textum
1218 3119 1403 3202 Evangelii,
1414 3119 1449 3182 in
1458 3118 1578 3199 lingue

395 3229 528 3314 vulgari
552 3231 773 3298 conficienda.
790 3233 943 3298 Tandem
964 3233 998 3297 11
1020 3233 1213 3314 generatim
1235 3231 1351 3314 aliqua
1376 3227 1573 3311 explicatio,

395 3344 568 3420 oretenus,
582 3321 727 3426 alicujus
742 3347 857 3408 textus
872 3343 1064 3426 Scriptura,
1076 3341 1132 3406 SS.
1150 3342 1288 3407 Petrum
1301 3339 1358 3406 vel
1367 3331 1464 3404 conc.
1486 3335 1574 3402 Trid.

395 3449 544 3532 petenda
558 3454 620 3516 est.

435 3555 484 3621 Ex
507 3557 736 3626 declaratione
761 3559 865 3625 (ilem.
888 3559 943 3638 Xl,
967 3561 998 3624 1ο
1014 3559 1222 3646 questiones
1244 3557 1346 3623 simul
1367 3557 1430 3622 sub
1453 3555 1576 3621 eodem

398 3671 551 3751 tempore
573 3669 733 3734 omnibus
754 3669 899 3752 proponi
918 3668 1059 3744 debent;
1075 3669 1108 3732 9⁰
1129 3667 1222 3732 idem
1243 3666 1406 3749 temporis
1428 3663 1575 3748 spatium

396 3774 594 3840 conceditur
607 3776 767 3840 omnibus
782 3773 824 3841 ad
839 3775 1046 3842 solutionem
1065 3793 1184 3842 aarum
1202 3773 1293 3857 (Vide
1308 3774 1352 3838 ad
1367 3770 1496 3837 calcem
1513 3769 1576 3833 hu-

394 3885 452 3966 jus
474 3882 550 3948 libri
572 3884 667 3950 varia
689 3883 896 3950 documenta
920 3903 996 3968 quae
1018 3883 1211 3949 distinctius
1240 3881 1403 3946 exhibent
1428 3880 1575 3944 formam

395 3995 604 4077 concursus).

436 4099 468 4183 s)
482 4099 525 4165 111
537 4103 652 4183 gravis
667 4101 811 4186 quaestio
826 4107 890 4178 est,
907 4119 950 4168 an
961 4100 1096 4167 collatio
1111 4099 1261 4166 ecclesia
1273 4097 1474 4184 parochialis
1487 4096 1577 4160 lacta

396 4205 844 4293 aliter-quamperiormam
857 4227 1044 4274 concursus
1057 4211 1101 4274 ait
1114 4207 1249 4274 valida?

436 4315 467 4380 l·
486 4315 603 4400 Ipsum
629 4317 811 4384 concilium
834 4317 923 4382 Trid.
947 4317 1086 4382 admisit
1106 4316 1354 4400 exceptionem,
1372 4313 1444 4378 sive
1463 4309 1575 4396 quoad

393 4421 469 4488 illas
484 4423 643 4490 ecclesias
658 4444 734 4510 quae
749 4425 836 4492 adeo
856 4425 971 4507 exigui
990 4426 1104 4490 forent
1116 4425 1270 4490 redditus
1284 4429 1322 4487 ut
1335 4439 1439 4488 namo
1460 4421 1505 4484 sit
1517 4417 1575 4501 qui

395 4549 431 4596 se
447 4532 596 4598 examini
608 4539 739 4616 quaerat
752 4533 932 4616 subjicere,
950 4533 1022 4598 sive
1038 4533 1151 4618 quoad
1166 4531 1332 4598 beneficia
1344 4534 1463 4596 curata
1474 4526 1575 4610 juris-

394 4644 593 4722 patronatus
606 4641 772 4708 laicomm
789 4641 891 4724 (apud
906 4641 953 4704 De
967 4639 1117 4721 Angelis,
1134 4641 1167 4704 h.
1185 4647 1208 4703 t.
1226 4640 1337 4720 1111).
1564 4717 1567 4724 ¹

433 4747 466 4811 9⁰
481 4745 558 4814 llaec
574 4747 631 4814 lex
649 4749 845 4814 Tridentino
862 4765 1039 4832 nunquam
1059 4748 1125 4812 luit
1145 4752 1314 4823 revocata,
1329 4744 1486 4828 quamvis
1501 4741 1572 4825 plu·
1722 4707 1725 4920 J
