3488 5568
388 604 448 667 568
850 614 901 659 rus
922 613 1103 658 cauomcuu.

389 739 644 813 miraculorum,
669 737 705 800 in
727 735 852 818 quibus
867 751 937 817 pree
958 732 1091 798 caeteris
1109 731 1294 796 virtutibus
1309 737 1470 814 operatur
1482 732 1571 798 tides

391 849 511 932 (icon,
527 867 594 922 xru,
609 847 658 928 t);
683 861 785 928 porro
800 843 904 907 tidem
917 843 1114 907 examinare
1129 841 1278 925 pertinet
1291 841 1335 906 ad
1348 841 1471 906 Sedem
1484 841 1571 926 Apo-

390 957 556 1032 stolicam,
587 961 621 1020 et
646 955 809 1039 supponit
826 951 1116 1028 infallibilitatem,
1135 969 1211 1034 quse
1224 949 1309 1015 alias
1325 950 1508 1033 requiritur
1532 955 1572 1012 ut

390 1067 502 1132 cultus
512 1067 556 1129 sit
568 1069 693 1140 rectus,
710 1068 745 1130 et
758 1061 957 1127 fidelesnou
972 1061 1184 1145 decipiantur
1194 1059 1569 1143 neccolantreprobos;

390 1177 460 1240 imo
483 1172 694 1239 canonizatio
723 1175 881 1236 versatur
906 1187 1010 1252 super
1032 1171 1125 1251 sueto
1150 1168 1354 1252 dopmutr'co.
1382 1166 1456 1230 Alia
1482 1166 1570 1231 ratio

390 1283 469 1349 addi
480 1286 604 1367 potest,
621 1281 713 1366 quod
726 1299 788 1363 per
809 1278 1104 1344 canonizationem
1118 1281 1258 1342 sanctus
1281 1276 1325 1341 ad
1349 1275 1479 1340 cultum
1492 1293 1570 1360 pro·

391 1393 530 1476 ponitur
551 1391 721 1454 universae
735 1388 903 1464 Ecclesiae,
919 1387 1013 1472 quod
1030 1387 1193 1472 supponit
1207 1383 1482 1471 jurisdictionem
1498 1383 1570 1450 uni·

391 1501 571 1566 versalem.
586 1499 746 1583 Sequitur
756 1497 847 1582 quod

431 1609 464 1672 2⁰
494 1609 572 1673 flaec
606 1611 758 1691 potestas
786 1605 954 1689 privative
986 1605 1151 1687 competit
1178 1604 1319 1669 Summo
1347 1603 1500 1669 Pontifici
1528 1603 1571 1668 ad

392 1717 626 1783 exclusionem
636 1715 892 1798 episcoporum;
910 1711 1015 1794 igitur
1029 1711 1177 1796 episcopi
1190 1731 1262 1776 non
1276 1715 1423 1794 possunt
1435 1713 1573 1776 canoni-

390 1845 466 1891 zare
482 1824 642 1910 aliquem,
659 1824 763 1888 etiam
777 1841 840 1906 pro
862 1823 933 1886 suis
949 1821 1153 1886 dioecesibus
1172 1825 1318 1886 tautum.
1342 1821 1438 1886 {dem
1462 1820 1574 1886 dicen·

393 1935 474 1998 dum
490 1939 543 1997 est
558 1933 599 1996 de
609 1931 732 2014 legatis
754 1931 905 2006 alatere‚
925 1932 996 1996 imo
1012 1927 1047 1994 e't
1061 1931 1104 1995 de
1118 1929 1263 1995 concilio
1277 1929 1431 2012 generali
1445 1931 1573 2014 absque

391 2041 535 2108 Romani
552 2040 724 2106 Pontificis
739 2039 959 2116 auctoritate;
975 2039 1036 2104 sed
1054 2039 1216 2103 Summus
1231 2037 1389 2104 Pontifex
1403 2056 1500 2104 suam
1514 2057 1574 2122 po-

392 2155 553 2216 testatem
577 2148 788 2213 exclusivam
813 2166 972 2212 exercere
1002 2151 1118 2231 potest
1140 2151 1212 2212 tam
1235 2147 1272 2210 in
1298 2146 1442 2212 concilio
1472 2165 1573 2230 quam

395 2265 492 2324 extra
506 2257 699 2322 concilium.
727 2255 815 2320 Olim
834 2256 983 2338 episcopi
996 2255 1195 2320 facultatem
1219 2254 1434 2320 beatificandi
1449 2255 1573 2320 babue

394 2372 494 2441 runt;
511 2367 570 2430 sed
582 2367 656 2430 haec
670 2365 814 2430 facultas
828 2365 893 2428 fuit
913 2363 980 2426 illis
995 2364 1130 2428 sublata
1148 2364 1191 2428 ab
1212 2362 1405 2428 Alexandro
1426 2361 1481 2440 ΙΙΙ,
1503 2381 1531 2427 c.
1555 2364 1570 2425 f

394 2477 427 2540 h.
446 2481 483 2550 t.,
500 2473 543 2539 ad
556 2473 793 2557 impediendos
808 2489 929 2554 graves
940 2471 1068 2538 abusus
1083 2471 1141 2555 qui
1154 2472 1354 2555 frequenter
1366 2471 1576 2554 irrepserant

391 2583 428 2648 in
441 2603 478 2648 re
494 2587 564 2647 tam
576 2581 689 2664 gravi;
707 2579 997 2656 etUrbanusVIll,
1009 2581 1162 2644 inconst.
1178 2577 1575 2654 editsann01636,clare

392 2689 633 2756 determinavit
655 2689 781 2753 limites
805 2688 984 2771 potestatis
1008 2687 1222 2772 episcopalis,
1239 2691 1275 2752 et
1294 2689 1411 2752 omnia
1434 2705 1510 2772 quae
1531 2687 1573 2751 ad

390 2799 521 2865 cultum
539 2797 714 2884 publicum
738 2800 916 2864 beatorum
939 2797 1113 2882 pertinent
1139 2797 1216 2863 Sedi
1241 2796 1442 2880 Apostolicae
1466 2813 1575 2862 reser-

391 2909 495 2974 vavit.

431 3019 463 3080 3⁹
489 3017 577 3080 Libri
603 3015 645 3080 de
674 3017 798 3097 gestis,
826 3017 1019 3094 miraculis,
1050 3017 1317 3082 revelationibus
1345 3024 1380 3081 et
1407 3016 1575 3082 similibus

393 3127 511 3192 talium
522 3125 713 3199 nominum,
728 3125 764 3187 in
779 3124 939 3207 opinione
956 3126 1144 3190 sanctitatis
1154 3125 1386 3202 existentium,
1399 3145 1469 3192 non
1478 3127 1574 3211 prius

393 3237 538 3320 imprimi
565 3237 691 3302 debent
712 3255 816 3322 quam
837 3235 1039 3311 ordinarius,
1064 3235 1215 3299 adhibito
1236 3234 1378 3300 consilio
1397 3235 1573 3317 theologo

393 3364 469 3408 rum
484 3349 519 3408 et
531 3344 676 3410 aliorum
688 3345 824 3429 piorum
837 3344 1001 3419 virorum,
1018 3341 1094 3407 illos
1107 3343 1347 3424 recognoverit
1360 3361 1468 3427 eaque
1481 3344 1523 3408 de
1534 3363 1572 3408 ra

394 3454 651 3518 instructionem
677 3456 719 3519 ad
747 3455 870 3519 Sedem
895 3451 1122 3537 apostolicam
1150 3453 1283 3517 miserit
1305 3457 1340 3517 et
1366 3469 1572 3537 responsum

393 3563 550 3644 ejusdem
563 3565 740 3647 acceperit.

426 3675 464 3738 ¹4·
472 3674 777 3757 Gaeterumprivato
787 3673 880 3738 cultu
891 3676 1005 3755 potest
1013 3669 1341 3756 quiscolereeosqui
1350 3687 1430 3734 cum
1437 3671 1574 3753 publica

392 3784 579 3848 sanctitatis
594 3783 756 3866 opinione
773 3782 952 3858 decedunt,
967 3781 1048 3846 licet
1061 3782 1096 3845 in
1112 3787 1308 3846 sanctorum
1323 3781 1380 3846 vel
1392 3782 1573 3848 beatorum

393 3911 576 3956 numerum
598 3892 752 3956 nondum
766 3897 874 3976 apost.
901 3893 1104 3956 auctoritate
1116 3891 1216 3956 relati
1231 3892 1309 3968 sint,
1332 3909 1412 3955 cum
1425 3890 1575 3960 Ecclesia

394 4021 465 4066 non
479 4000 658 4084 prohibeat
671 4001 735 4064 nisi
751 4000 881 4064 cultum
888 3999 1074 4084 publicum.
1086 3999 1150 4076 Sic,
1163 4019 1196 4064 v.
1205 4019 1239 4082 g.
1253 4000 1574 4083 nemopossctima-

393 4110 492 4192 gines
506 4109 655 4192 sculptas
669 4109 725 4172 vel
739 4109 888 4192 depictas
903 4109 1048 4191 alicujus
1062 4108 1126 4172 viri
1140 4107 1296 4172 nondum
1309 4108 1497 4173 canonizati
1516 4108 1575 4173 vel

392 4217 574 4282 beatificati
584 4235 750 4300 reponere
760 4217 796 4280 in
807 4217 968 4293 ecclesiis,
986 4215 1130 4292 sacellis,
1147 4216 1320 4293 altaribus,
1333 4221 1410 4294 etc,
1422 4234 1501 4282 cum
1514 4235 1570 4282 ra-

394 4324 609 4408 diisaliisque
619 4325 807 4390 sanctitatis
821 4325 964 4406 signis...
981 4325 1046 4390 Sed
1063 4345 1107 4390 ex
1120 4325 1255 4409 privata
1266 4325 1449 4390 devotione
1458 4328 1575 4409 potest

394 4433 470 4516 quis
478 4451 654 4498 asservare
664 4433 852 4515 imaginem
861 4433 927 4497 illis
935 4435 1042 4516 signis
1048 4434 1238 4500 sanctitatis
1247 4433 1458 4510 destitutam,
1472 4433 1575 4517 eique

395 4541 653 4606 venerationem
675 4543 847 4619 exhibere,
867 4561 983 4608 coram
1001 4561 1042 4607 ea
1061 4560 1170 4607 orare.
1194 4541 1290 4607 ldem
1312 4541 1495 4607 meandum
1519 4547 1575 4607 est

396 4649 437 4713 de
453 4649 685 4731 divulgatione
699 4649 951 4726 miraculorum,
966 4650 1226 4725 revelationum,
1242 4655 1319 4726 etc,
1335 4669 1375 4716 ac
1388 4648 1578 4734 depublica

396 4758 607 4839 expositione
623 4757 821 4840 imaginum.
840 4759 886 4824 lle
901 4747 954 4824 his
970 4759 1129 4824 omnibus
1148 4761 1284 4826 constat
1299 4763 1371 4824 turn
1387 4777 1430 4824 ex
1440 4757 1473 4821 G.
1484 4756 1574 4824 Trid.
