3488 5564
530 546 614 590 iisse
637 545 789 594 SECUNDUS
810 543 1030 600 DECRETALH'M.

366 733 397 782 ii.
415 729 633 784 contestationis
647 728 802 782 necessitas
819 727 855 780 ad
872 727 1060 780 substantiam
1076 727 1185 792 judicii.

229 876 261 937 i⁰
274 873 311 938 ln
322 874 449 957 judicio
460 875 616 958 piraterio
632 877 685 936 est
695 873 780 938 adeo
792 873 994 948 necessaria,
1008 877 1056 950 ut,
1072 891 1112 936 ea
1125 872 1363 957 praetermissa,

187 987 280 1047 totns
295 1000 476 1066 processus
491 981 622 1046 dicatur
640 980 766 1058 irritus,
783 986 818 1044 et
836 987 1087 1065 consequenter
1106 981 1179 1064 ipsa
1199 984 1367 1046 sententia

186 1091 320 1154 dicatur
333 1089 426 1154 nulla
441 1089 480 1170 (c.
497 1109 555 1154 un.
574 1089 607 1152 l1.
626 1087 673 1170 t).
691 1087 774 1164 imo,
791 1107 903 1172 neque
919 1094 1014 1154 actus
1029 1090 1093 1152 iste
1107 1107 1277 1153 consensu
1293 1107 1367 1172 par-

186 1199 273 1262 tium
288 1199 416 1263 remitti
428 1203 553 1281 potest,
568 1199 647 1282 quia
662 1196 896 1263 solemnitates
908 1199 1026 1282 judicii
1039 1203 1119 1262 sunt
1129 1199 1215 1280 juris
1230 1195 1365 1281 publici,

184 1307 240 1369 cui
255 1307 362 1389 pactis
380 1307 592 1389 privatorum
609 1306 764 1387 derogari
782 1305 911 1389 nequit.
929 1307 963 1370 2⁰
977 1305 1154 1390 injudicio
1168 1307 1364 1380 sarrnmario,

184 1432 257 1478 non
268 1433 355 1498 opus
368 1413 495 1478 estlitis
509 1415 757 1478 contestatione
771 1412 885 1494 (Clam.
898 1415 940 1488 θ’,
951 1413 992 1478 de
1007 1411 1099 1480 Veri.
1110 1415 1272 1497 siprrr'fic.);
1287 1433 1367 1478 nam

183 1523 221 1585 in
233 1523 286 1586 bis
295 1522 444 1604 judiciis,
458 1541 580 1586 omnes
595 1519 828 1585 solemnitates
839 1521 926 1602 ,iuris
939 1521 1075 1604 positivi
1089 1521 1199 1584 omitti
1210 1527 1364 1604 possunt,

183 1635 221 1693 et
239 1629 305 1693 illae
330 1635 463 1696 tanturn
488 1627 711 1694 observandae
736 1633 826 1704 sunt,
849 1649 925 1712 quae
947 1629 990 1692 ad
1009 1632 1067 1710 jns
1091 1629 1244 1693 naturale
1266 1630 1367 1712 perti-

182 1744 271 1802 nent
287 1759 295 1802 :
311 1740 394 1802 item
412 1739 594 1803 dicendum
619 1743 672 1802 est
686 1739 727 1802 de
749 1737 885 1820 judiciis
908 1738 1061 1813 notoriis,
1083 1739 1119 1800 in
1142 1738 1264 1821 quibus
1283 1738 1366 1804 urdo

177 1846 271 1928 juris
287 1865 356 1910 non
372 1853 424 1912 est
440 1848 633 1912 necessario
654 1846 854 1921 serrandus,
871 1850 905 1909 et
925 1846 966 1910 de
983 1845 1111 1928 judicio
1130 1865 1245 1910 coram
1265 1847 1364 1929 Papa,

180 1953 242 2018 rel
261 1973 421 2038 supremo
442 1955 603 2039 principe,
620 1957 792 2039 proposito
813 1956 847 2018 in
873 1955 1091 2030 consistorio;
1112 1973 1192 2019 narn
1210 1956 1365 2038 princeps

182 2081 367 2145 supremus
383 2063 656 2129 solemnitatibus
669 2064 757 2146 juris
772 2082 842 2128 non
855 2063 1035 2144 obligatur.

267 2265 308 2314 ιιι.
327 2261 403 2316 vasu
420 2261 497 2316 mour
515 2261 618 2328 quinus
635 2261 781 2314 inducitur
797 2262 842 2314 ver
857 2261 1014 2327 imperitus
1029 2261 1086 2315 nus
1103 2222 1287 2316 contestarios

224 2408 258 2486 α)
272 2405 447 2470 inducitur
461 2407 492 2468 1ο
509 2411 543 2469 et
556 2405 786 2489 principaliter
799 2425 861 2488 per
876 2409 1090 2492 repertionem
1106 2425 1127 2470 a
1141 2425 1199 2472 reo
1214 2409 1337 2473 factam
1355 2429 1361 2470 :

182 2533 264 2578 reus
281 2515 372 2578 enim
386 2518 501 2597 potest
514 2513 711 2598 simpliciter
724 2533 851 2594 negare
867 2519 1003 2579 narrata
1013 2519 1047 2578 et
1060 2516 1165 2598 petita
1179 2515 1221 2578 ab
1237 2521 1361 2579 actore.

224 2623 291 2686 sad
304 2623 336 2686 Ψ
351 2627 464 2705 potest
479 2623 582 2685 etiam
603 2621 717 2686 induci
738 2640 800 2704 per
821 2623 1101 2704 affinitatibus-m,
1124 2622 1260 2706 quando
1284 2642 1363 2687 reus

181 2729 415 2796 narrationem
430 2729 608 2794 consessus
623 2729 721 2812 ponit
735 2729 963 2812 exceptiones,
980 2749 1013 2792 v.
1030 2748 1063 2810 g.
1080 2731 1170 2814 quod
1180 2733 1253 2813 jam
1273 2729 1364 2796 debi-

181 2845 257 2901 tum
268 2837 418 2902 solverit.
431 2838 557 2902 Tamen
567 2857 628 2922 per
637 2838 854 2921 exceptiones
862 2839 1118 2920 peremptorias,
1136 2858 1212 2922 quse
1226 2859 1364 2904 causam

181 2947 292 3038 ipsam
309 2945 493 3028 perimunt,
509 2965 579 3009 non
599 2945 770 3010 inducitur
787 2945 856 3008 litis
876 2946 1090 3022 contestatio,
1109 2965 1151 3010 ex
1167 2965 1239 3029 cap.
1255 2945 1360 3030 ihuj.

181 3033 239 3118 ιίῑ.ι
250 3055 286 3116 in
301 3055 343 3118 6⁰.
361 3052 457 3117 Ratio
474 3053 619 3138 estquis
635 3052 709 3117 talis
730 3053 883 3137 exceptio
901 3072 971 3117 non
994 3059 1046 3117 est
1064 3055 1241 3137 responsio
1256 3055 1304 3118 rei
1320 3057 1363 3120 ad

180 3162 384 3244 petitionem
399 3161 532 3226 actoris.
600 3238 602 3242 Ι

220 3270 253 3333 3⁰
279 3269 509 3352 Introducitur
529 3287 591 3352 per
615 3267 874 3345 destitutionem,
902 3269 981 3352 quia
1007 3276 1086 3333 tunc
1111 3289 1190 3334 reus
1213 3269 1363 3354 postulat

179 3379 418 3462 probationes;
435 3377 499 3441 hoc
517 3377 630 3452 modo,
648 3395 679 3439 v.
696 3395 728 3458 g.
744 3375 909 3452 baeredes,
925 3383 1172 3460 procuratores,
1191 3379 1247 3463 qni
1267 3379 1361 3461 igno-

172 3489 328 3554 rantiam
341 3488 377 3550 in
394 3487 483 3552 facto
496 3485 607 3550 abeno
620 3487 712 3567 juste
727 3491 872 3568 possunt
885 3485 1107 3568 praetendere,
1121 3486 1216 3552 litem
1230 3494 1361 3554 contes-

178 3599 245 3662 tari
261 3596 387 3661 valent.

220 3705 254 3768 4⁰
269 3703 430 3780 Tandem,
445 3703 616 3766 inducitur
628 3721 690 3784 per
704 3701 909 3767 delationem
919 3705 1105 3785 juramenti
1117 3705 1242 3769 iactam
1256 3707 1361 3770 actori

179 3829 291 3888 areo;
314 3817 394 3875 tunc
410 3829 490 3874 reus
511 3811 647 3886 fatetur,
660 3803 786 3874 'saltem
802 3811 912 3886 tacite,
929 3816 1089 3876 contenta
1102 3813 1137 3876 in
1151 3808 1266 3878 libello
1279 3830 1361 3879 vera

179 3941 269 3998 esse,
287 3921 316 3984 si
331 3925 425 3986 actor
436 3923 539 4004 juret.

221 4031 250 4113 d)
275 4029 461 4113 impeditur
480 4029 549 4092 litis
568 4029 770 4093 contestatio
792 4029 824 4092 1ο
849 4031 877 4092 si
898 4047 978 4093 rens
1000 4033 1209 4113 protestetur
1230 4048 1267 4094 se
1293 4029 1358 4094 alio

179 4159 284 4226 quam
299 4121 453 4221 litiga‘ndi
468 4139 582 4203 animo
601 4137 818 4222 respondere.
838 4139 934 4216 ltem,
951 4140 983 4202 9⁰
999 4141 1197 4222 exceptione
1214 4138 1359 4204 declina-

177 4251 267 4314 toria
285 4247 361 4324 iuri,
378 4246 433 4312 vel
448 4247 612 4322 dilatoria,
634 4247 723 4330 quia,
740 4267 772 4310 v.
792 4267 825 4328 g.
837 4247 945 4330 judex
968 4253 1019 4312 est
1040 4249 1285 4332 incompetens,
1303 4247 1359 4312 vel

176 4361 379 4442 procuratur
393 4355 564 4420 sufficiens
578 4355 779 4420 mandatum
794 4375 863 4420 non
881 4358 994 4421 babet.

218 4465 369 4531 Tandem
383 4467 415 4530 3·
427 4464 610 4548 impeditur
627 4466 825 4548 exceptione
841 4466 920 4529 iacti
940 4485 1007 4549 qua
1028 4486 1107 4531 reus
1130 4467 1208 4534 dicit
1229 4467 1357 4532 nullam

177 4593 254 4640 esse
278 4576 448 4640 actionem
468 4577 589 4649 ortam,
612 4574 701 4656 quia,
723 4593 755 4638 v.
777 4593 810 4654 g.
832 4575 940 4638 oritur
962 4595 1004 4639 ex
1025 4581 1198 4642 contractu
1220 4577 1260 4641 de
1278 4581 1356 4660 jure

177 4683 340 4749 invalido.
