3504 5572
354 583 423 646 'illiti
770 591 771 596 ’
823 597 875 646 aus
896 597 1077 647 canonicus.

405 717 472 784 Sed
485 715 577 802 apud
596 733 670 794 nos,
692 735 736 782 ex
749 721 812 783 art.
827 718 884 782 931
908 717 988 784 coc.
1004 719 1083 794 cia,
1105 717 1218 783 omnis
1236 719 1332 782 actus
1347 714 1540 780 donationis

363 825 454 892 inter
463 825 562 892 vivos
571 823 645 890 deri
656 825 758 890 dabat
772 843 889 891 coram
902 826 1056 903 notams,
1068 825 1106 891 in
1119 826 1231 891 torma
1246 823 1471 889 determinata
1480 841 1542 907 per

365 933 450 1000 duas
463 931 558 1014 leges
568 933 626 1016 (du
641 933 680 998 lc
690 919 759 997 m'ai
772 933 851 998 1863
863 933 999 999 etdutl
1010 933 1086 1016 juin
1101 932 1201 1016 lats).
1214 931 1357 997 Necesse
1370 935 1424 996 est
1438 931 1540 996 etiam

365 1041 456 1126 quod
470 1041 665 1108 authentica
678 1040 793 1106 tabula
807 1039 851 1122 (la
864 1040 1008 1124 minute)
1029 1044 1206 1106 remaneat
1227 1057 1334 1124 penes
1355 1037 1538 1104 notarium.

364 1147 491 1214 'lamen
515 1167 558 1213 ex
581 1149 753 1214 communi
779 1148 1075 1232 interpretatione,
1098 1148 1315 1234 excipiuntur
1339 1146 1541 1214 donationes

365 1256 437 1322 sive
450 1255 642 1334 manuales
655 1257 730 1324 u'ue
739 1257 1031 1322 remuneratoria.

404 1363 453 1428 Ex
464 1368 542 1449 jure
556 1365 721 1443 Romano,
738 1365 860 1430 multo
876 1366 1075 1438 ductiones
1099 1367 1142 1432 ab
1156 1364 1365 1447 obligatione
1378 1361 1540 1430 faciendae

362 1473 602 1540 insinuationis
616 1478 767 1557 exceptas
782 1478 895 1550 erant;
909 1473 984 1540 illas
1000 1477 1206 1542 mant
1216 1472 1413 1540 canonistae.

735 1679 765 1730 11.
783 1678 824 1731 tte
838 1675 985 1732 attactibus
1000 1675 1171 1732 donationis.

406 1826 438 1888 l·
452 1825 597 1891 Donatio
610 1844 706 1910 pura,
723 1827 751 1890 si
761 1826 909 1892 verbalis
922 1827 976 1904 sit,
992 1829 1080 1912 parit
1088 1831 1147 1912 jus
1157 1833 1192 1894 et
1206 1828 1465 1909 obligationem,
1481 1845 1544 1892 seu

366 1934 605 2000 necessitatem
628 1934 794 1999 tradendi.
810 1934 877 1999 Sed
890 1935 1014 2020 injure
1027 1941 1157 2012 nostro,
1173 1937 1366 2019 generatim
1384 1935 1442 2000 illa
1460 1933 1543 2000 obli-

364 2043 456 2122 gatio
479 2058 551 2106 non
574 2041 778 2118 admittitur,
795 2041 1031 2108 deficientibus
1054 2044 1328 2113 solemnitatibus
1348 2045 1456 2128 juris,·
1477 2043 1543 2108 nisi

364 2149 481 2214 forsan
496 2149 608 2232 quoad
623 2149 825 2214 donationes
839 2153 1139 2218 remuneratorias.

404 2258 437 2320 θ’
463 2256 618 2334 Donatio,
646 2276 708 2340 per
722 2257 940 2323 traditionem
961 2259 1141 2344 completa,
1169 2262 1257 2344 parit
1280 2262 1470 2326 dominium
1493 2262 1543 2324 rei

367 2365 512 2442 donatas,
530 2367 558 2430 si
583 2365 715 2432 donans
738 2373 791 2431 cst
812 2367 973 2433 dominus
996 2369 1057 2433 rei.
1082 2369 1115 2434 Si
1138 2388 1194 2434 res
1219 2369 1355 2447 donata,
1382 2377 1544 2453 tanquam

366 2473 488 2551 aliena,
505 2475 615 2540 evicta
624 2475 678 2552 sit,
690 2475 823 2540 donans
838 2494 909 2540 non
924 2481 1062 2541 tenetur
1073 2477 1116 2541 de
1129 2477 1308 2556 amotione,
1325 2497 1368 2542 ne
1382 2495 1425 2541 ex
1440 2477 1545 2540 bene-

366 2581 443 2647 llcio
465 2581 630 2647 damnum
649 2583 807 2670 patiatur.
834 2583 950 2662 Secus,
977 2585 1005 2648 si
1027 2583 1070 2648 dc
1088 2585 1256 2651 evicticne
1280 2604 1442 2670 expresse
1464 2602 1545 2649 cen-

365 2691 507 2750 ventum
521 2689 623 2760 esset,
639 2685 695 2750 vel
709 2685 847 2752 donatio
860 2687 904 2751 sit
917 2705 961 2751 ex
970 2701 1074 2752 causa
1088 2706 1245 2766 onerosa,
1258 2689 1407 2754 uidetis.

405 2793 438 2858 3·
459 2791 529 2858 Hoc
553 2792 745 2858 dominium
773 2794 822 2858 rei
845 2794 979 2860 donatae
999 2795 1202 2877 regulariter
1226 2801 1279 2862 est
1301 2797 1542 2872 irrevocabile;

368 2918 459 2978 nam,
472 2900 656 2968 donatione
671 2902 852 2986 completa,
870 2905 1057 2988 acquiritur
1067 2907 1126 2988 jus
1140 2905 1176 2969 in
1190 2923 1239 2983 rc,
1256 2905 1347 2990 quod
1361 2899 1545 2989 nequidem

367 3010 567 3076 auctoritate
590 3012 762 3095 principis,
779 3011 844 3076 nisi
867 3013 911 3078 ob
924 3031 1064 3079 causam
1075 3013 1230 3080 utilitatis
1244 3013 1399 3098 publicas,
1419 3013 1544 3079 auferri

367 3122 490 3200 potest.
511 3117 548 3182 ln
568 3119 633 3184 hoc
652 3119 881 3185 essentialiter
904 3119 1067 3186 differunt
1087 3121 1225 3188 donatio
1247 3123 1368 3187 mertis
1388 3140 1492 3187 causa
1510 3125 1546 3186 et

369 3225 507 3290 donatio
521 3227 611 3290 inter
624 3227 733 3304 vivos,
753 3229 846 3312 qued
859 3227 927 3306 illa,
947 3249 1027 3295 cum
1041 3231 1172 3315 species
1188 3231 1345 3316 quaedam
1359 3231 1403 3294 sit
1417 3227 1544 3293 ultimae.

367 3333 565 3411 voluntatis,
583 3339 636 3400 est
647 3353 783 3420 semper
803 3339 1005 3404 revocabilis
1019 3359 1041 3404 a
1055 3339 1231 3418 donatore,
1249 3339 1333 3404 dum
1348 3341 1423 3416 ista,
1438 3335 1546 3403 semel

368 3457 407 3507 ac
430 3443 493 3506 rite
516 3442 667 3525 perlecta
692 3447 754 3519 est,
779 3443 1010 3511 irrevocabilis
1033 3453 1161 3525 manet,
1183 3449 1263 3532 quic
1277 3449 1336 3531 jus
1356 3444 1464 3512 semel
1486 3441 1544 3508 ali·

321 3631 324 3638 .
367 3550 422 3614 cui
441 3549 644 3634 acquisitum
660 3567 731 3616 non
747 3549 849 3616 debet
872 3553 904 3618 ei
919 3553 1055 3622 auferri.
1081 3555 1146 3622 Sed
1161 3555 1286 3623 dantur
1299 3554 1518 3639 exceptiones
1536 3573 1543 3614 ε

369 3659 457 3724 unde
1064 3677 1067 3684 ’

853 3821 989 3884 suerio
1011 3821 1062 3884 lv.

696 3987 744 4042 Its
760 3989 974 4044 revocatione
989 3989 1218 4044 mucosum.

410 4164 447 4229 ln
457 4167 536 4247 jure
557 4163 647 4230 civili
661 4165 758 4232 Rom.
788 4173 823 4232 ct
846 4168 928 4234 Gall.
946 4175 1016 4236 tres
1039 4169 1267 4234 admittuntur
1288 4185 1401 4234 causae
1424 4147 1547 4251 quibus

369 4272 520 4350 donatio,
547 4273 612 4338 etsi
631 4275 813 4342 traditione
826 4279 986 4360 perfecta,
1003 4277 1149 4344 rescindi
1165 4281 1279 4362 petest
1295 4297 1303 4340 :
1319 4274 1545 4358 ingratitudo,

370 4381 648 4464 supervenientia
660 4381 821 4463 filiorum,
838 4386 903 4450 etsi
918 4387 1056 4453 donatio
1071 4391 1164 4454 esset
1176 4385 1375 4452 inofficiosa.

498 4583 518 4634 1.
536 4581 630 4637 ruma
643 4595 738 4650 caum,
753 4597 806 4641 sau
819 4585 993 4653 ingratitudo
1006 4579 1148 4642 consum
1161 4599 1229 4655 erga
1241 4587 1418 4643 donatorem.

409 4731 475 4796 Nec
486 4732 638 4798 obstaret
651 4735 743 4817 quod
756 4735 903 4801 donator
913 4738 1163 4803 renuntiaverit
1172 4737 1241 4821 juri
1256 4735 1450 4811 revocandi,
1464 4734 1546 4819 quia
