3504 5566
371 527 430 591 toi
826 544 876 588 rus
896 542 1075 589 caueamur.
1129 571 1132 579 ι
1187 505 1192 513 ’

368 651 450 720 atc.;
477 649 515 708 ut
538 643 640 708 etiam
664 642 700 706 in
727 641 768 706 iis
791 659 866 726 quse
889 642 1035 708 tendunt
1056 641 1099 708 ad
1123 643 1278 710 savorem
1299 649 1334 710 et
1355 644 1541 712 faciliorem

366 770 477 820 causae
493 750 745 834 expeditionem
759 749 798 832 (c.
816 751 853 813 ll
870 750 903 814 lr.
919 749 967 833 t).

404 861 436 926 3ο
451 859 490 926 ln
510 857 752 943 provocatione
766 876 787 922 e
801 858 970 924 sententia
985 859 1151 936 invalida;
1167 879 1248 926 narn
1267 860 1343 927 talis
1360 861 1538 938 sententia,
1558 892 1561 902 ·

364 987 443 1035 cum
457 968 501 1032 sit
514 965 618 1043 nulla,
635 963 677 1030 da
690 966 768 1048 jure
783 983 853 1031 non
866 965 1096 1050 suspenditur,
1109 967 1170 1032 sed
1182 986 1286 1034 oausa
1300 967 1413 1033 solum
1427 967 1542 1034 devol-

365 1079 456 1142 vitur'
468 1075 675 1160 adjudicent
689 1075 911 1158 superiorem,
926 1081 964 1140 ut
974 1076 1017 1142 de
1032 1077 1163 1142 meritis
1178 1095 1290 1144 causae
1304 1082 1499 1159 cognoscat.

405 1188 432 1271 c)
445 1187 501 1252 Aa
514 1183 705 1268 jurisdictio
716 1183 842 1266 judicie
855 1203 876 1250 a
891 1186 1203 1278 quoappellatioac
1218 1186 1457 1271 suspendatur,
1472 1204 1541 1250 aaa

366 1305 501 1362 tantum
523 1295 558 1358 ia
578 1292 639 1358 illa
659 1311 763 1358 cauea
782 1294 818 1358 ia
835 1313 906 1378 qua
920 1294 1130 1378 appellatam
1145 1304 1204 1372 est,
1221 1295 1282 1362 sed
1295 1297 1400 1361 eliam
1415 1297 1450 1359 ia
1466 1294 1541 1360 aliis

367 1410 474 1474 causis
500 1406 650 1472 civilibus
673 1414 735 1470 aut
762 1407 1014 1473 criminalibus?
1040 1408 1279 1492 Respondelur
1304 1407 1474 1492 negative,
1500 1424 1542 1471 ex

366 1537 393 1582 c.
408 1519 492 1582 diet
504 1515 586 1581 eth.
596 1520 634 1592 t.;
650 1533 732 1580 nam
745 1515 919 1600 appellans
934 1518 1047 1600 quoad
1060 1525 1201 1584 caeteras
1222 1536 1342 1584 causas
1364 1519 1400 1582 in
1420 1517 1542 1602 quihus

367 1645 436 1693 non
461 1633 513 1692 esl
537 1625 756 1711 appellatum,
778 1633 896 1693 manet
919 1629 1093 1712 subjectns
1114 1629 1221 1712 judici
1247 1628 1419 1693 ordinario
1442 1629 1482 1712 (c.
1504 1629 1540 1692 ll

367 1740 398 1802 h.
413 1739 461 1819 t.);
475 1755 569 1818 ergo.
584 1737 700 1822 Neque
712 1737 786 1803 sola
799 1737 980 1822 appellatio
996 1743 1048 1804 est
1061 1757 1165 1804 causa
1177 1739 1350 1803 sufficiens
1361 1733 1540 1805 recusandi

362 1847 513 1930 judicem
537 1851 701 1931 tanquam
723 1854 931 1931 suspectum,
954 1867 1033 1914 oum
1056 1868 1118 1932 per
1138 1849 1403 1933 appellationem
1425 1850 1541 1930 ajure

366 1973 564 2020 concessam
580 1973 652 2020 non
665 1963 846 2020 censeatur
864 1957 972 2040 judex
993 1957 1121 2022 offendi
1143 1959 1182 2039 (c.
1199 1957 1239 2022 20
1258 1958 1293 2022 h.
1311 1957 1360 2040 t),
1377 1955 1444 2020 nisi
1463 1973 1542 2020 con-

114 2047 118 2062 ’
231 2071 243 2084 “
366 2068 504 2128 currant
528 2062 595 2128 alia
615 2062 822 2130 adminicula
846 2064 889 2129 ad
912 2083 1051 2130 cauum
1075 2065 1298 2130 recusationis
1326 2063 1539 2137 sufficieutia,

367 2177 404 2235 ut
423 2171 605 2236 manifesta
622 2171 785 2256 iniquitas
804 2173 994 2250 sententiaa,
1017 2173 1145 2249 odium,
1163 2173 1359 2248 inimicitia,
1383 2178 1446 2237 eta.
1467 2172 1540 2268 Quo

367 2297 470 2344 sensu
485 2279 637 2362 procedit
650 2281 821 2344 sententia
833 2279 898 2343 lili.
914 2282 1142 2346 asserentium
1161 2281 1312 2364 judicem
1329 2301 1351 2346 a
1365 2299 1431 2364 pao
1446 2297 1541 2348 recu·
1631 2321 1632 2324 =

367 2389 432 2454 sari
448 2405 549 2471 posse
568 2388 611 2452 oh
626 2386 890 2470 appellationem
904 2389 1151 2472 interpositam.
1169 2389 1232 2466 Qui
1247 2389 1441 2454 uberiorem
1459 2387 1541 2452 velit

367 2497 613 2572 tractationem,
625 2495 726 2562 adeat
738 2493 955 2578 Schmalcgr,
965 2495 1139 2564 Reiffenst.
1157 2504 1192 2562 et
1203 2497 1287 2563 alios
1301 2497 1411 2562 fusius
1423 2496 1465 2560 de
1475 2496 1540 2560 hoc

367 2610 519 2685 agentes.

854 2781 990 2846 esurio
1012 2781 1050 2845 ΙΙ.

630 2935 677 2992 De
696 2899 967 2992 ”emtionibus
988 2940 1024 2991 at
1042 2935 1273 2992 mulionibus.

811 3122 831 3172 l.
849 3121 888 3172 De
905 3117 1095 3171 recusatione.

406 3265 438 3342 a)
453 3257 627 3326 Recreatia
642 3263 695 3322 est
709 3257 834 3340 judicis
851 3257 999 3340 suspecti
1026 3255 1217 3334 declinatio,
1237 3276 1280 3320 ex
1305 3259 1447 3340 probata
1465 3277 1538 3322 sus-

365 3368 507 3453 picionis
521 3386 634 3443 causa,
659 3383 821 3430 concessa
841 3364 997 3446 litiganti.
1016 3363 1181 3429 Convenit
1199 3383 1278 3429 curn
1300 3365 1535 3450 appellatione,

367 3477 457 3559 quod
476 3493 538 3558 per
558 3479 738 3557 utramque
761 3471 939 3537 recedatur
956 3490 977 3535 a
995 3471 1229 3554 jurisdictione
1252 3479 1286 3537 et
1307 3475 1382 3537 soro
1401 3473 1535 3556 judicis.

366 3583 483 3648 Differt
495 3587 611 3647 autem
624 3581 660 3644 in
670 3579 802 3654 multis;
819 3597 899 3644 nam
913 3578 1095 3661 appellatio
1107 3579 1147 3642 itt
1160 3579 1307 3662 ajudice
1320 3587 1484 3662 gravante
1496 3579 1537 3646 ad

366 3691 587 3774 superiorem,
605 3695 639 3754 et
652 3689 853 3770 regulariter
875 3693 953 3770 post
972 3689 1178 3752 sententiam
1195 3708 1202 3750 :
1219 3693 1357 3754 econtra
1371 3689 1537 3754 recusatio

365 3798 617 3862 fltsuhinitium
629 3801 708 3860 ante
720 3795 816 3860 litem
826 3799 1064 3872 contestatam,
1075 3795 1141 3860 nisi
1152 3803 1231 3879 post
1241 3797 1538 3862 hancoausarecu·

365 3904 462 3972 sandi
475 3895 640 3985 emergat,
654 3921 675 3967 a
685 3901 799 3985 judice
825 3901 928 3966 etiam
947 3922 1018 3970 non
1032 3909 1207 3984 gravante,
1231 3922 1343 3988 neque
1364 3905 1403 3968 lit
1423 3904 1465 3969 ad
1486 3923 1538 3968 su-

363 4013 552 4094 periorem
575 4017 609 4076 et
628 4010 708 4076 licet
729 4027 750 4074 a
773 4009 899 4074 vicario
921 4009 1073 4092 generali
1098 4028 1169 4076 non
1189 4011 1298 4094 possit
1319 4010 1481 4095 appellari
1495 4012 1538 4078 ad

364 4121 570 4203 episcopum,
593 4125 708 4183 tamen
727 4115 784 4182 ille
803 4135 919 4184 coram
934 4117 1001 4183 isto
1019 4117 1169 4184 recusari
1190 4123 1304 4202 potest
1319 4120 1359 4200 (c.
1376 4119 1396 4183 4
1413 4120 1455 4184 de
1472 4120 1535 4202 Off.

363 4229 495 4313 decepi.

403 4340 432 4421 b)
449 4339 540 4420 Quid
557 4340 647 4421 juris
669 4339 756 4404 circa
780 4340 1025 4404 recusationem
1044 4339 1192 4422 adico?
1218 4341 1250 4404 1ο
1273 4339 1361 4415 Haeo,
1387 4357 1465 4404 oum
1495 4337 1539 4402 sil

363 4447 516 4530 exceptio
532 4446 696 4522 dilatoria,
719 4447 921 4528 regulariter
934 4447 1157 4530 proponenda
1175 4455 1227 4512 est
1247 4452 1328 4513 ante
1343 4445 1439 4512 litem
1457 4465 1539 4512 con-

361 4559 520 4618 testatam
534 4555 623 4620 intra
636 4554 675 4617 io
690 4554 763 4620 dies
777 4573 798 4620 a
811 4554 924 4621 libello
939 4555 1053 4620 oblato
1068 4557 1109 4637 lc.
1119 4555 1158 4619 ao
1172 4555 1214 4620 cle
1228 4555 1323 4622 Sciat.
1339 4564 1422 4620 atre
1432 4555 1534 4638 jad),

360 4681 430 4726 non
444 4662 523 4727 viva
536 4680 630 4737 voce,
649 4661 708 4725 sed
723 4663 758 4726 in
771 4661 885 4728 libello
900 4663 1119 4738 recusatorio,
1139 4681 1300 4747 expressa
1315 4682 1418 4729 causa
1434 4663 1537 4747 speei-
