<?xml version="1.0" encoding="UTF-8"?>
<!DOCTYPE html PUBLIC "-//W3C//DTD XHTML 1.0 Transitional//EN"
    "http://www.w3.org/TR/xhtml1/DTD/xhtml1-transitional.dtd">
<html xmlns="http://www.w3.org/1999/xhtml" xml:lang="en" lang="en">
 <head>
  <title>
</title>
<meta http-equiv="Content-Type" content="text/html;charset=utf-8" />
  <meta name='ocr-system' content='tesseract 3.04.00' />
  <meta name='ocr-capabilities' content='ocr_page ocr_carea ocr_par ocr_line ocrx_word'/>
</head>
<body>
  <div class='ocr_page' id='page_1' title='image "./juscanonicumjux00grangoog_0171.png"; bbox 0 0 3504 5566; ppageno 0'>
   <div class='ocr_carea' id='block_1_1' title="bbox 539 581 1375 645">
    <p class='ocr_par' dir='ltr' id='par_1_1' title="bbox 539 581 1375 645">
     <span class='ocr_line' id='line_1_1' title="bbox 539 581 1375 645; baseline 0.006 -5"><span class='ocrx_word' id='word_1_1' title='bbox 539 593 625 642; x_wconf 78' lang='lat' dir='ltr'>nem</span> <span class='ocrx_word' id='word_1_2' title='bbox 648 595 798 644; x_wconf 73' lang='lat' dir='ltr'>aaronitas</span> <span class='ocrx_word' id='word_1_3' title='bbox 819 597 1037 644; x_wconf 71' lang='lat' dir='ltr'>oneraremur.</span> <span class='ocrx_word' id='word_1_4' title='bbox 1316 581 1375 645; x_wconf 79' lang='lat' dir='ltr'>tas</span> 
     </span>
    </p>
   </div>
   <div class='ocr_carea' id='block_1_2' title="bbox 201 711 1378 2202">
    <p class='ocr_par' dir='ltr' id='par_1_2' title="bbox 201 711 1377 906">
     <span class='ocr_line' id='line_1_2' title="bbox 202 711 1377 794; baseline 0.004 -20"><span class='ocrx_word' id='word_1_5' title='bbox 202 711 281 776; x_wconf 85' lang='lat' dir='ltr'>ralis</span> <span class='ocrx_word' id='word_1_6' title='bbox 303 731 406 794; x_wconf 85' lang='lat' dir='ltr'>super</span> <span class='ocrx_word' id='word_1_7' title='bbox 428 713 522 776; x_wconf 91' lang='lat' dir='ltr'>omni</span> <span class='ocrx_word' id='word_1_8' title='bbox 544 715 743 794; x_wconf 76' lang='lat' dir='ltr'>gravamine</span> <span class='ocrx_word' id='word_1_9' title='bbox 761 715 957 788; x_wconf 84' lang='lat' dir='ltr'>inlerendo;</span> <span class='ocrx_word' id='word_1_10' title='bbox 978 732 1118 778; x_wconf 86' lang='lat' dir='ltr'>necesse</span> <span class='ocrx_word' id='word_1_11' title='bbox 1138 719 1175 778; x_wconf 90' lang='lat' dir='ltr'>ut</span> <span class='ocrx_word' id='word_1_12' title='bbox 1195 714 1377 779; x_wconf 83' lang='lat' dir='ltr'>deliniatur</span> 
     </span>
     <span class='ocr_line' id='line_1_3' title="bbox 201 821 1161 906; baseline 0.002 -22"><span class='ocrx_word' id='word_1_13' title='bbox 201 837 390 900; x_wconf 77' lang='lat' dir='ltr'>gravamen</span> <span class='ocrx_word' id='word_1_14' title='bbox 404 838 567 903; x_wconf 80' lang='lat' dir='ltr'>praesens,</span> <span class='ocrx_word' id='word_1_15' title='bbox 585 821 704 886; x_wconf 86' lang='lat' dir='ltr'>saltam</span> <span class='ocrx_word' id='word_1_16' title='bbox 716 823 892 888; x_wconf 83' lang='lat' dir='ltr'>moraliter</span> <span class='ocrx_word' id='word_1_17' title='bbox 905 824 945 906; x_wconf 83' lang='lat' dir='ltr'>(c,</span> <span class='ocrx_word' id='word_1_18' title='bbox 961 823 991 898; x_wconf 70' lang='lat' dir='ltr'>l,</span> <span class='ocrx_word' id='word_1_19' title='bbox 1009 822 1095 886; x_wconf 79' lang='lat'>1811.</span> <span class='ocrx_word' id='word_1_20' title='bbox 1113 822 1161 904; x_wconf 88' lang='lat' dir='ltr'>t.).</span> 
     </span>
    </p>

    <p class='ocr_par' dir='ltr' id='par_1_3' title="bbox 201 927 1378 1668">
     <span class='ocr_line' id='line_1_4' title="bbox 243 927 1377 1016; baseline 0.003 -24"><span class='ocrx_word' id='word_1_21' title='bbox 243 927 272 1010; x_wconf 86' lang='lat' dir='ltr'>l)</span> <span class='ocrx_word' id='word_1_22' title='bbox 298 928 436 992; x_wconf 72' lang='lat' dir='ltr'>Fatalis</span> <span class='ocrx_word' id='word_1_23' title='bbox 452 928 597 1012; x_wconf 82' lang='lat' dir='ltr'>petendi</span> <span class='ocrx_word' id='word_1_24' title='bbox 617 939 650 994; x_wconf 86' lang='lat' dir='ltr'>ct</span> <span class='ocrx_word' id='word_1_25' title='bbox 670 931 873 996; x_wconf 81' lang='lat' dir='ltr'>concedendi</span> <span class='ocrx_word' id='word_1_26' title='bbox 894 931 1071 1016; x_wconf 86' lang='lat' dir='ltr'>apostolos.</span> <span class='ocrx_word' id='word_1_27' title='bbox 1095 931 1126 992; x_wconf 81' lang='lat' dir='ltr'>l⁰</span> <span class='ocrx_word' id='word_1_28' title='bbox 1145 929 1202 996; x_wconf 90' lang='lat' dir='ltr'>His</span> <span class='ocrx_word' id='word_1_29' title='bbox 1220 931 1377 1013; x_wconf 86' lang='lat' dir='ltr'>petendis</span> 
     </span>
     <span class='ocr_line' id='line_1_5' title="bbox 203 1039 1375 1126; baseline 0.001 -22"><span class='ocrx_word' id='word_1_30' title='bbox 203 1039 341 1121; x_wconf 87' lang='lat' dir='ltr'>dejure</span> <span class='ocrx_word' id='word_1_31' title='bbox 364 1058 455 1104; x_wconf 92' lang='lat' dir='ltr'>novo</span> <span class='ocrx_word' id='word_1_32' title='bbox 479 1041 745 1123; x_wconf 83' lang='lat' dir='ltr'>praescribuntur</span> <span class='ocrx_word' id='word_1_33' title='bbox 764 1042 803 1107; x_wconf 83' lang='lat'>30</span> <span class='ocrx_word' id='word_1_34' title='bbox 827 1043 899 1106; x_wconf 88' lang='lat' dir='ltr'>dies</span> <span class='ocrx_word' id='word_1_35' title='bbox 922 1042 1003 1126; x_wconf 87' lang='lat' dir='ltr'>(cap.</span> <span class='ocrx_word' id='word_1_36' title='bbox 1031 1042 1051 1104; x_wconf 86' lang='lat'>6</span> <span class='ocrx_word' id='word_1_37' title='bbox 1070 1041 1174 1123; x_wconf 88' lang='lat' dir='ltr'>hujus</span> <span class='ocrx_word' id='word_1_38' title='bbox 1199 1041 1248 1104; x_wconf 92' lang='lat' dir='ltr'>tit.</span> <span class='ocrx_word' id='word_1_39' title='bbox 1267 1043 1302 1104; x_wconf 94' lang='lat' dir='ltr'>in</span> <span class='ocrx_word' id='word_1_40' title='bbox 1324 1042 1375 1116; x_wconf 79' lang='lat'>6⁰;</span> 
     </span>
     <span class='ocr_line' id='line_1_6' title="bbox 201 1146 1376 1234; baseline 0.003 -25"><span class='ocrx_word' id='word_1_41' title='bbox 201 1147 223 1210; x_wconf 91' lang='lat' dir='ltr'>l.</span> <span class='ocrx_word' id='word_1_42' title='bbox 246 1146 287 1210; x_wconf 70' lang='lat' dir='ltr'>ll</span> <span class='ocrx_word' id='word_1_43' title='bbox 304 1165 332 1211; x_wconf 88' lang='lat' dir='ltr'>c.</span> <span class='ocrx_word' id='word_1_44' title='bbox 350 1148 449 1228; x_wconf 86' lang='lat' dir='ltr'>eod),</span> <span class='ocrx_word' id='word_1_45' title='bbox 467 1151 590 1233; x_wconf 88' lang='lat' dir='ltr'>quibus</span> <span class='ocrx_word' id='word_1_46' title='bbox 603 1151 783 1232; x_wconf 77' lang='lat' dir='ltr'>corrigitur</span> <span class='ocrx_word' id='word_1_47' title='bbox 795 1153 853 1234; x_wconf 86' lang='lat' dir='ltr'>jus</span> <span class='ocrx_word' id='word_1_48' title='bbox 870 1151 1048 1233; x_wconf 89' lang='lat' dir='ltr'>antiquum</span> <span class='ocrx_word' id='word_1_49' title='bbox 1062 1151 1253 1214; x_wconf 87' lang='lat' dir='ltr'>concedens</span> <span class='ocrx_word' id='word_1_50' title='bbox 1271 1151 1376 1214; x_wconf 75' lang='lat' dir='ltr'>bdies</span> 
     </span>
     <span class='ocr_line' id='line_1_7' title="bbox 201 1257 1378 1342; baseline 0.002 -22"><span class='ocrx_word' id='word_1_51' title='bbox 201 1257 286 1337; x_wconf 83' lang='lat' dir='ltr'>(cau.</span> <span class='ocrx_word' id='word_1_52' title='bbox 304 1257 345 1320; x_wconf 75' lang='lat'>34</span> <span class='ocrx_word' id='word_1_53' title='bbox 369 1257 421 1322; x_wconf 80' lang='lat' dir='ltr'>Ao</span> <span class='ocrx_word' id='word_1_54' title='bbox 441 1278 478 1322; x_wconf 86' lang='lat' dir='ltr'>eo</span> <span class='ocrx_word' id='word_1_55' title='bbox 506 1260 536 1334; x_wconf 68' lang='lat'>9,</span> <span class='ocrx_word' id='word_1_56' title='bbox 557 1280 588 1342; x_wconf 90' lang='lat' dir='ltr'>q.</span> <span class='ocrx_word' id='word_1_57' title='bbox 609 1261 650 1342; x_wconf 72' lang='lat'>6).</span> <span class='ocrx_word' id='word_1_58' title='bbox 672 1259 741 1324; x_wconf 90' lang='lat' dir='ltr'>Hoc</span> <span class='ocrx_word' id='word_1_59' title='bbox 764 1264 881 1324; x_wconf 91' lang='lat' dir='ltr'>autem</span> <span class='ocrx_word' id='word_1_60' title='bbox 912 1264 1047 1341; x_wconf 90' lang='lat' dir='ltr'>tempus</span> <span class='ocrx_word' id='word_1_61' title='bbox 1073 1259 1243 1340; x_wconf 78' lang='lat' dir='ltr'>ignoranti</span> <span class='ocrx_word' id='word_1_62' title='bbox 1273 1262 1378 1323; x_wconf 91' lang='lat' dir='ltr'>currit</span> 
     </span>
     <span class='ocr_line' id='line_1_8' title="bbox 202 1363 1376 1440; baseline 0.002 -12"><span class='ocrx_word' id='word_1_63' title='bbox 202 1381 223 1428; x_wconf 90' lang='lat' dir='ltr'>a</span> <span class='ocrx_word' id='word_1_64' title='bbox 242 1363 296 1428; x_wconf 89' lang='lat' dir='ltr'>dia</span> <span class='ocrx_word' id='word_1_65' title='bbox 311 1365 434 1428; x_wconf 84' lang='lat' dir='ltr'>habitae</span> <span class='ocrx_word' id='word_1_66' title='bbox 450 1366 579 1430; x_wconf 77' lang='lat' dir='ltr'>notitias</span> <span class='ocrx_word' id='word_1_67' title='bbox 592 1367 634 1430; x_wconf 87' lang='lat' dir='ltr'>de</span> <span class='ocrx_word' id='word_1_68' title='bbox 651 1366 720 1431; x_wconf 89' lang='lat' dir='ltr'>lata</span> <span class='ocrx_word' id='word_1_69' title='bbox 734 1366 919 1440; x_wconf 88' lang='lat' dir='ltr'>sententia;</span> <span class='ocrx_word' id='word_1_70' title='bbox 944 1365 1063 1430; x_wconf 88' lang='lat' dir='ltr'>scienti</span> <span class='ocrx_word' id='word_1_71' title='bbox 1084 1384 1166 1429; x_wconf 93' lang='lat' dir='ltr'>vero</span> <span class='ocrx_word' id='word_1_72' title='bbox 1186 1385 1206 1428; x_wconf 89' lang='lat' dir='ltr'>a</span> <span class='ocrx_word' id='word_1_73' title='bbox 1225 1365 1278 1429; x_wconf 92' lang='lat' dir='ltr'>die</span> <span class='ocrx_word' id='word_1_74' title='bbox 1299 1367 1376 1430; x_wconf 82' lang='lat' dir='ltr'>latae</span> 
     </span>
     <span class='ocr_line' id='line_1_9' title="bbox 203 1472 1376 1557; baseline 0 -21"><span class='ocrx_word' id='word_1_75' title='bbox 203 1473 396 1548; x_wconf 53' lang='lat' dir='ltr'>sententiaa</span> <span class='ocrx_word' id='word_1_76' title='bbox 413 1491 524 1556; x_wconf 88' lang='lat' dir='ltr'>neque</span> <span class='ocrx_word' id='word_1_77' title='bbox 541 1473 649 1556; x_wconf 86' lang='lat' dir='ltr'>judex</span> <span class='ocrx_word' id='word_1_78' title='bbox 663 1479 799 1557; x_wconf 88' lang='lat' dir='ltr'>tempus</span> <span class='ocrx_word' id='word_1_79' title='bbox 811 1473 902 1538; x_wconf 89' lang='lat' dir='ltr'>istud</span> <span class='ocrx_word' id='word_1_80' title='bbox 916 1472 1119 1556; x_wconf 89' lang='lat' dir='ltr'>prolongare</span> <span class='ocrx_word' id='word_1_81' title='bbox 1141 1478 1265 1555; x_wconf 86' lang='lat' dir='ltr'>potest,</span> <span class='ocrx_word' id='word_1_82' title='bbox 1289 1475 1376 1536; x_wconf 90' lang='lat' dir='ltr'>bene</span> 
     </span>
     <span class='ocr_line' id='line_1_10' title="bbox 203 1581 1054 1668; baseline 0.002 -26"><span class='ocrx_word' id='word_1_83' title='bbox 203 1598 284 1643; x_wconf 91' lang='lat' dir='ltr'>vero</span> <span class='ocrx_word' id='word_1_84' title='bbox 297 1599 340 1643; x_wconf 84' lang='lat' dir='ltr'>ex</span> <span class='ocrx_word' id='word_1_85' title='bbox 349 1583 444 1662; x_wconf 85' lang='lat' dir='ltr'>justa</span> <span class='ocrx_word' id='word_1_86' title='bbox 457 1600 561 1648; x_wconf 90' lang='lat' dir='ltr'>causa</span> <span class='ocrx_word' id='word_1_87' title='bbox 573 1583 770 1668; x_wconf 82' lang='lat' dir='ltr'>abbreviare</span> <span class='ocrx_word' id='word_1_88' title='bbox 784 1581 898 1664; x_wconf 78' lang='lat' dir='ltr'>(Clam.</span> <span class='ocrx_word' id='word_1_89' title='bbox 914 1582 947 1645; x_wconf 69' lang='lat'>9·</span> <span class='ocrx_word' id='word_1_90' title='bbox 959 1582 992 1644; x_wconf 93' lang='lat' dir='ltr'>b.</span> <span class='ocrx_word' id='word_1_91' title='bbox 1007 1581 1054 1662; x_wconf 72' lang='lat' dir='ltr'>t.).</span> 
     </span>
    </p>

    <p class='ocr_par' dir='ltr' id='par_1_4' title="bbox 203 1687 1377 2202">
     <span class='ocr_line' id='line_1_11' title="bbox 242 1687 1376 1773; baseline 0.001 -22"><span class='ocrx_word' id='word_1_92' title='bbox 242 1688 275 1751; x_wconf 70' lang='lat'>2⁰</span> <span class='ocrx_word' id='word_1_93' title='bbox 289 1688 396 1771; x_wconf 91' lang='lat' dir='ltr'>Lapso</span> <span class='ocrx_word' id='word_1_94' title='bbox 411 1695 527 1753; x_wconf 90' lang='lat' dir='ltr'>antem</span> <span class='ocrx_word' id='word_1_95' title='bbox 543 1692 689 1755; x_wconf 88' lang='lat' dir='ltr'>termino</span> <span class='ocrx_word' id='word_1_96' title='bbox 703 1691 913 1773; x_wconf 72' lang='lat' dir='ltr'>praecripto,</span> <span class='ocrx_word' id='word_1_97' title='bbox 927 1689 1147 1773; x_wconf 70' lang='lat' dir='ltr'>praesumitur</span> <span class='ocrx_word' id='word_1_98' title='bbox 1159 1687 1376 1772; x_wconf 86' lang='lat' dir='ltr'>appellationi</span> 
     </span>
     <span class='ocr_line' id='line_1_12' title="bbox 203 1795 1377 1882; baseline 0 -24"><span class='ocrx_word' id='word_1_99' title='bbox 203 1797 448 1873; x_wconf 89' lang='lat' dir='ltr'>renuntiatum,</span> <span class='ocrx_word' id='word_1_100' title='bbox 465 1815 540 1880; x_wconf 82' lang='lat' dir='ltr'>quae</span> <span class='ocrx_word' id='word_1_101' title='bbox 554 1799 776 1882; x_wconf 81' lang='lat' dir='ltr'>praesumptio</span> <span class='ocrx_word' id='word_1_102' title='bbox 791 1803 843 1862; x_wconf 89' lang='lat' dir='ltr'>ast</span> <span class='ocrx_word' id='word_1_103' title='bbox 857 1798 944 1880; x_wconf 85' lang='lat' dir='ltr'>juris</span> <span class='ocrx_word' id='word_1_104' title='bbox 959 1801 994 1860; x_wconf 89' lang='lat' dir='ltr'>et</span> <span class='ocrx_word' id='word_1_105' title='bbox 1015 1795 1056 1860; x_wconf 89' lang='lat' dir='ltr'>da</span> <span class='ocrx_word' id='word_1_106' title='bbox 1069 1799 1157 1879; x_wconf 88' lang='lat' dir='ltr'>jure,</span> <span class='ocrx_word' id='word_1_107' title='bbox 1172 1815 1242 1861; x_wconf 92' lang='lat' dir='ltr'>non</span> <span class='ocrx_word' id='word_1_108' title='bbox 1257 1795 1377 1860; x_wconf 88' lang='lat' dir='ltr'>admit-</span> 
     </span>
     <span class='ocr_line' id='line_1_13' title="bbox 206 1903 1375 1987; baseline 0 -21"><span class='ocrx_word' id='word_1_109' title='bbox 206 1911 279 1967; x_wconf 86' lang='lat' dir='ltr'>tens</span> <span class='ocrx_word' id='word_1_110' title='bbox 294 1905 530 1987; x_wconf 88' lang='lat' dir='ltr'>probationem</span> <span class='ocrx_word' id='word_1_111' title='bbox 544 1905 579 1968; x_wconf 91' lang='lat' dir='ltr'>in</span> <span class='ocrx_word' id='word_1_112' title='bbox 592 1906 799 1970; x_wconf 82' lang='lat' dir='ltr'>contrarium</span> <span class='ocrx_word' id='word_1_113' title='bbox 814 1903 927 1986; x_wconf 83' lang='lat' dir='ltr'>(Clam.</span> <span class='ocrx_word' id='word_1_114' title='bbox 944 1905 1015 1968; x_wconf 67' lang='lat' dir='ltr'>rh.</span> <span class='ocrx_word' id='word_1_115' title='bbox 1030 1903 1079 1985; x_wconf 79' lang='lat' dir='ltr'>t),</span> <span class='ocrx_word' id='word_1_116' title='bbox 1089 1905 1155 1967; x_wconf 87' lang='lat' dir='ltr'>nisi</span> <span class='ocrx_word' id='word_1_117' title='bbox 1165 1921 1244 1986; x_wconf 88' lang='lat' dir='ltr'>pars</span> <span class='ocrx_word' id='word_1_118' title='bbox 1258 1909 1375 1986; x_wconf 89' lang='lat' dir='ltr'>petere</span> 
     </span>
     <span class='ocr_line' id='line_1_14' title="bbox 203 2007 1377 2095; baseline 0.001 -21"><span class='ocrx_word' id='word_1_119' title='bbox 203 2029 272 2076; x_wconf 90' lang='lat' dir='ltr'>non</span> <span class='ocrx_word' id='word_1_120' title='bbox 287 2013 445 2095; x_wconf 84' lang='lat' dir='ltr'>potuerit,</span> <span class='ocrx_word' id='word_1_121' title='bbox 461 2011 517 2076; x_wconf 89' lang='lat' dir='ltr'>vel</span> <span class='ocrx_word' id='word_1_122' title='bbox 532 2031 593 2094; x_wconf 91' lang='lat' dir='ltr'>per</span> <span class='ocrx_word' id='word_1_123' title='bbox 604 2011 755 2094; x_wconf 85' lang='lat' dir='ltr'>judicem</span> <span class='ocrx_word' id='word_1_124' title='bbox 770 2012 902 2076; x_wconf 87' lang='lat' dir='ltr'>steterit</span> <span class='ocrx_word' id='word_1_125' title='bbox 916 2012 1098 2095; x_wconf 89' lang='lat' dir='ltr'>quominus</span> <span class='ocrx_word' id='word_1_126' title='bbox 1113 2007 1280 2092; x_wconf 84' lang='lat' dir='ltr'>acciperet</span> <span class='ocrx_word' id='word_1_127' title='bbox 1299 2029 1377 2093; x_wconf 92' lang='lat' dir='ltr'>apo·</span> 
     </span>
     <span class='ocr_line' id='line_1_15' title="bbox 204 2117 1377 2202; baseline -0.002 -20"><span class='ocrx_word' id='word_1_128' title='bbox 204 2119 319 2184; x_wconf 87' lang='lat' dir='ltr'>stolas.</span> <span class='ocrx_word' id='word_1_129' title='bbox 341 2119 437 2196; x_wconf 82' lang='lat' dir='ltr'>Quod</span> <span class='ocrx_word' id='word_1_130' title='bbox 461 2119 489 2182; x_wconf 88' lang='lat' dir='ltr'>si</span> <span class='ocrx_word' id='word_1_131' title='bbox 512 2125 627 2184; x_wconf 89' lang='lat' dir='ltr'>autem</span> <span class='ocrx_word' id='word_1_132' title='bbox 645 2119 752 2202; x_wconf 83' lang='lat' dir='ltr'>judex</span> <span class='ocrx_word' id='word_1_133' title='bbox 774 2138 796 2182; x_wconf 88' lang='grc' dir='ltr'><em>α</em></span> <span class='ocrx_word' id='word_1_134' title='bbox 811 2137 877 2201; x_wconf 81' lang='lat' dir='ltr'>quc</span> <span class='ocrx_word' id='word_1_135' title='bbox 897 2118 1080 2200; x_wconf 88' lang='lat' dir='ltr'>requisitus</span> <span class='ocrx_word' id='word_1_136' title='bbox 1099 2117 1185 2182; x_wconf 86' lang='lat' dir='ltr'>nolit</span> <span class='ocrx_word' id='word_1_137' title='bbox 1204 2117 1377 2200; x_wconf 91' lang='lat' dir='ltr'>apostolos</span> 
     </span>
    </p>
   </div>
   <div class='ocr_carea' id='block_1_3' title="bbox 203 2225 1498 2310">
    <p class='ocr_par' dir='ltr' id='par_1_5' title="bbox 203 2225 1498 2310">
     <span class='ocr_line' id='line_1_16' title="bbox 203 2225 1498 2310; baseline -0.006 -18"><span class='ocrx_word' id='word_1_138' title='bbox 203 2227 398 2302; x_wconf 79' lang='lat' dir='ltr'>concedere,</span> <span class='ocrx_word' id='word_1_139' title='bbox 421 2227 481 2290; x_wconf 87' lang='lat' dir='ltr'>scd</span> <span class='ocrx_word' id='word_1_140' title='bbox 502 2228 537 2290; x_wconf 90' lang='lat' dir='ltr'>in</span> <span class='ocrx_word' id='word_1_141' title='bbox 558 2245 661 2292; x_wconf 89' lang='lat' dir='ltr'>causa</span> <span class='ocrx_word' id='word_1_142' title='bbox 674 2226 845 2310; x_wconf 87' lang='lat' dir='ltr'>procedat,</span> <span class='ocrx_word' id='word_1_143' title='bbox 865 2244 936 2290; x_wconf 92' lang='lat' dir='ltr'>non</span> <span class='ocrx_word' id='word_1_144' title='bbox 951 2225 1043 2290; x_wconf 85' lang='lat' dir='ltr'>valet</span> <span class='ocrx_word' id='word_1_145' title='bbox 1063 2243 1254 2308; x_wconf 84' lang='lat' dir='ltr'>processus,</span> <span class='ocrx_word' id='word_1_146' title='bbox 1273 2231 1305 2288; x_wconf 91' lang='lat' dir='ltr'>et</span> <span class='ocrx_word' id='word_1_147' title='bbox 1324 2245 1377 2288; x_wconf 85' lang='lat' dir='ltr'>re·</span> <span class='ocrx_word' id='word_1_148' title='bbox 1492 2263 1498 2284; x_wconf 77' lang='grc'><strong><em>,</em></strong></span> 
     </span>
    </p>
   </div>
   <div class='ocr_carea' id='block_1_4' title="bbox 168 2333 1463 4786">
    <p class='ocr_par' dir='ltr' id='par_1_6' title="bbox 204 2333 1154 2417">
     <span class='ocr_line' id='line_1_17' title="bbox 204 2333 1154 2417; baseline -0.002 -19"><span class='ocrx_word' id='word_1_149' title='bbox 204 2335 316 2398; x_wconf 89' lang='lat' dir='ltr'>vocari</span> <span class='ocrx_word' id='word_1_150' title='bbox 332 2335 433 2398; x_wconf 89' lang='lat' dir='ltr'>debet</span> <span class='ocrx_word' id='word_1_151' title='bbox 446 2335 592 2417; x_wconf 87' lang='lat' dir='ltr'>ajudice</span> <span class='ocrx_word' id='word_1_152' title='bbox 608 2335 768 2416; x_wconf 80' lang='lat' dir='ltr'>adquam</span> <span class='ocrx_word' id='word_1_153' title='bbox 783 2335 867 2416; x_wconf 81' lang='lat' dir='ltr'>(cap.</span> <span class='ocrx_word' id='word_1_154' title='bbox 883 2333 914 2396; x_wconf 81' lang='grc'>4.</span> <span class='ocrx_word' id='word_1_155' title='bbox 931 2335 964 2397; x_wconf 89' lang='lat' dir='ltr'>h.</span> <span class='ocrx_word' id='word_1_156' title='bbox 982 2335 1032 2396; x_wconf 91' lang='lat' dir='ltr'>tit.</span> <span class='ocrx_word' id='word_1_157' title='bbox 1049 2333 1086 2396; x_wconf 89' lang='lat' dir='ltr'>in</span> <span class='ocrx_word' id='word_1_158' title='bbox 1099 2333 1154 2414; x_wconf 84' lang='lat'><strong>6⁰).</strong></span> 
     </span>
    </p>

    <p class='ocr_par' dir='ltr' id='par_1_7' title="bbox 203 2439 1376 2740">
     <span class='ocr_line' id='line_1_18' title="bbox 242 2439 1376 2524; baseline -0.002 -20"><span class='ocrx_word' id='word_1_159' title='bbox 242 2443 274 2504; x_wconf 84' lang='lat'>3·</span> <span class='ocrx_word' id='word_1_160' title='bbox 287 2441 477 2524; x_wconf 84' lang='lat' dir='ltr'>Aliquando</span> <span class='ocrx_word' id='word_1_161' title='bbox 501 2447 617 2506; x_wconf 87' lang='lat' dir='ltr'>tamen</span> <span class='ocrx_word' id='word_1_162' title='bbox 637 2441 713 2506; x_wconf 89' lang='lat' dir='ltr'>loco</span> <span class='ocrx_word' id='word_1_163' title='bbox 738 2440 970 2524; x_wconf 87' lang='lat' dir='ltr'>apostolorum</span> <span class='ocrx_word' id='word_1_164' title='bbox 993 2441 1174 2506; x_wconf 89' lang='lat' dir='ltr'>traduntur</span> <span class='ocrx_word' id='word_1_165' title='bbox 1194 2439 1376 2523; x_wconf 82' lang='lat' dir='ltr'>appellanti</span> 
     </span>
     <span class='ocr_line' id='line_1_19' title="bbox 203 2547 1374 2630; baseline -0.002 -19"><span class='ocrx_word' id='word_1_166' title='bbox 203 2553 278 2612; x_wconf 88' lang='lat' dir='ltr'>acta</span> <span class='ocrx_word' id='word_1_167' title='bbox 294 2547 404 2630; x_wconf 87' lang='lat' dir='ltr'>sigillo</span> <span class='ocrx_word' id='word_1_168' title='bbox 420 2547 572 2630; x_wconf 90' lang='lat' dir='ltr'>judiciali</span> <span class='ocrx_word' id='word_1_169' title='bbox 593 2548 787 2630; x_wconf 87' lang='lat' dir='ltr'>obsignata;</span> <span class='ocrx_word' id='word_1_170' title='bbox 804 2552 838 2610; x_wconf 89' lang='lat' dir='ltr'>et</span> <span class='ocrx_word' id='word_1_171' title='bbox 858 2548 931 2612; x_wconf 73' lang='lat' dir='ltr'>haec</span> <span class='ocrx_word' id='word_1_172' title='bbox 952 2547 1125 2611; x_wconf 78' lang='lat' dir='ltr'>sufiiciunt</span> <span class='ocrx_word' id='word_1_173' title='bbox 1145 2547 1189 2611; x_wconf 92' lang='lat' dir='ltr'>ad</span> <span class='ocrx_word' id='word_1_174' title='bbox 1203 2547 1374 2620; x_wconf 84' lang='lat' dir='ltr'>ellectum,</span> 
     </span>
     <span class='ocr_line' id='line_1_20' title="bbox 203 2655 1069 2740; baseline -0.001 -20"><span class='ocrx_word' id='word_1_175' title='bbox 203 2675 246 2720; x_wconf 88' lang='lat' dir='ltr'>na</span> <span class='ocrx_word' id='word_1_176' title='bbox 261 2656 375 2722; x_wconf 85' lang='lat' dir='ltr'>fatalia</span> <span class='ocrx_word' id='word_1_177' title='bbox 389 2656 527 2740; x_wconf 88' lang='lat' dir='ltr'>petendi</span> <span class='ocrx_word' id='word_1_178' title='bbox 541 2655 713 2740; x_wconf 85' lang='lat' dir='ltr'>apostolos</span> <span class='ocrx_word' id='word_1_179' title='bbox 727 2661 931 2722; x_wconf 83' lang='lat' dir='ltr'>censeantur</span> <span class='ocrx_word' id='word_1_180' title='bbox 945 2655 1069 2740; x_wconf 88' lang='lat' dir='ltr'>elapsa.</span> 
     </span>
    </p>

    <p class='ocr_par' dir='ltr' id='par_1_8' title="bbox 203 2762 1463 3171">
     <span class='ocr_line' id='line_1_21' title="bbox 242 2762 1374 2847; baseline -0.002 -21"><span class='ocrx_word' id='word_1_181' title='bbox 242 2763 275 2826; x_wconf 79' lang='grc' dir='ltr'>4ο</span> <span class='ocrx_word' id='word_1_182' title='bbox 299 2763 451 2847; x_wconf 82' lang='lat' dir='ltr'>Apostoli</span> <span class='ocrx_word' id='word_1_183' title='bbox 469 2763 607 2847; x_wconf 88' lang='lat' dir='ltr'>petendi</span> <span class='ocrx_word' id='word_1_184' title='bbox 630 2769 710 2828; x_wconf 87' lang='lat' dir='ltr'>aunt</span> <span class='ocrx_word' id='word_1_185' title='bbox 727 2763 804 2828; x_wconf 91' lang='lat' dir='ltr'>loco</span> <span class='ocrx_word' id='word_1_186' title='bbox 830 2768 864 2828; x_wconf 87' lang='lat' dir='ltr'>et</span> <span class='ocrx_word' id='word_1_187' title='bbox 883 2769 1037 2846; x_wconf 88' lang='lat' dir='ltr'>tempore</span> <span class='ocrx_word' id='word_1_188' title='bbox 1060 2780 1223 2844; x_wconf 82' lang='lat' dir='ltr'>congruo,</span> <span class='ocrx_word' id='word_1_189' title='bbox 1249 2780 1319 2826; x_wconf 90' lang='lat' dir='ltr'>non</span> <span class='ocrx_word' id='word_1_190' title='bbox 1340 2762 1374 2825; x_wconf 93' lang='lat' dir='ltr'>in</span> 
     </span>
     <span class='ocr_line' id='line_1_22' title="bbox 203 2869 1377 2955; baseline -0.003 -21"><span class='ocrx_word' id='word_1_191' title='bbox 203 2871 330 2955; x_wconf 88' lang='lat' dir='ltr'>templo</span> <span class='ocrx_word' id='word_1_192' title='bbox 349 2873 405 2936; x_wconf 90' lang='lat' dir='ltr'>vel</span> <span class='ocrx_word' id='word_1_193' title='bbox 421 2878 574 2954; x_wconf 88' lang='lat' dir='ltr'>tempore</span> <span class='ocrx_word' id='word_1_194' title='bbox 594 2870 741 2954; x_wconf 88' lang='lat' dir='ltr'>prandii;</span> <span class='ocrx_word' id='word_1_195' title='bbox 760 2875 795 2935; x_wconf 92' lang='lat' dir='ltr'>et</span> <span class='ocrx_word' id='word_1_196' title='bbox 808 2872 949 2954; x_wconf 87' lang='lat' dir='ltr'>insuper</span> <span class='ocrx_word' id='word_1_197' title='bbox 964 2869 1102 2953; x_wconf 81' lang='lat' dir='ltr'>petendi</span> <span class='ocrx_word' id='word_1_198' title='bbox 1118 2876 1198 2934; x_wconf 88' lang='lat' dir='ltr'>sunt</span> <span class='ocrx_word' id='word_1_199' title='bbox 1212 2871 1377 2934; x_wconf 81' lang='lat' dir='ltr'>instanter</span> 
     </span>
     <span class='ocr_line' id='line_1_23' title="bbox 203 2978 1375 3062; baseline -0.003 -19"><span class='ocrx_word' id='word_1_200' title='bbox 203 2985 239 3044; x_wconf 92' lang='lat' dir='ltr'>et</span> <span class='ocrx_word' id='word_1_201' title='bbox 251 2980 439 3045; x_wconf 87' lang='lat' dir='ltr'>consultius</span> <span class='ocrx_word' id='word_1_202' title='bbox 454 2981 489 3044; x_wconf 90' lang='lat' dir='ltr'>in</span> <span class='ocrx_word' id='word_1_203' title='bbox 508 2980 642 3062; x_wconf 89' lang='lat' dir='ltr'>scripto,</span> <span class='ocrx_word' id='word_1_204' title='bbox 666 2983 704 3041; x_wconf 90' lang='lat' dir='ltr'>ut</span> <span class='ocrx_word' id='word_1_205' title='bbox 723 2978 854 3042; x_wconf 78' lang='lat' dir='ltr'>facilius</span> <span class='ocrx_word' id='word_1_206' title='bbox 875 2979 1037 3060; x_wconf 85' lang='lat' dir='ltr'>probetur</span> <span class='ocrx_word' id='word_1_207' title='bbox 1050 2995 1110 3042; x_wconf 87' lang='lat' dir='ltr'>eos</span> <span class='ocrx_word' id='word_1_208' title='bbox 1129 2979 1254 3060; x_wconf 88' lang='lat' dir='ltr'>petitos</span> <span class='ocrx_word' id='word_1_209' title='bbox 1269 2979 1375 3042; x_wconf 83' lang='lat' dir='ltr'>luisse</span> 
     </span>
     <span class='ocr_line' id='line_1_24' title="bbox 204 3071 1463 3171; baseline -0.003 -19"><span class='ocrx_word' id='word_1_210' title='bbox 204 3088 487 3171; x_wconf 58' lang='lat' dir='ltr'>mssbtmffi.</span> <span class='ocrx_word' id='word_1_211' title='bbox 1461 3071 1463 3078; x_wconf 70' lang='grc'><strong>’</strong></span> 
     </span>
    </p>

    <p class='ocr_par' dir='ltr' id='par_1_9' title="bbox 168 3193 1377 3819">
     <span class='ocr_line' id='line_1_25' title="bbox 244 3193 1375 3278; baseline -0.002 -18"><span class='ocrx_word' id='word_1_212' title='bbox 244 3199 270 3278; x_wconf 85' lang='lat' dir='ltr'>c)</span> <span class='ocrx_word' id='word_1_213' title='bbox 285 3197 424 3262; x_wconf 74' lang='lat' dir='ltr'>Fatalis</span> <span class='ocrx_word' id='word_1_214' title='bbox 453 3195 702 3260; x_wconf 74' lang='lat' dir='ltr'>introducenda</span> <span class='ocrx_word' id='word_1_215' title='bbox 731 3193 976 3278; x_wconf 70' lang='lat' dir='ltr'>appellationes.</span> <span class='ocrx_word' id='word_1_216' title='bbox 1001 3193 1147 3277; x_wconf 87' lang='lat' dir='ltr'>Tempus</span> <span class='ocrx_word' id='word_1_217' title='bbox 1170 3195 1261 3259; x_wconf 85' lang='lat' dir='ltr'>intra</span> <span class='ocrx_word' id='word_1_218' title='bbox 1284 3194 1375 3278; x_wconf 92' lang='lat' dir='ltr'>quod</span> 
     </span>
     <span class='ocr_line' id='line_1_26' title="bbox 203 3300 1376 3388; baseline -0.004 -19"><span class='ocrx_word' id='word_1_219' title='bbox 203 3305 346 3388; x_wconf 88' lang='lat' dir='ltr'>apostoli</span> <span class='ocrx_word' id='word_1_220' title='bbox 368 3303 596 3388; x_wconf 63' lang='lat' dir='ltr'>praesentandi</span> <span class='ocrx_word' id='word_1_221' title='bbox 616 3308 697 3366; x_wconf 91' lang='lat' dir='ltr'>sunt</span> <span class='ocrx_word' id='word_1_222' title='bbox 711 3301 817 3385; x_wconf 89' lang='lat' dir='ltr'>judici</span> <span class='ocrx_word' id='word_1_223' title='bbox 841 3303 889 3366; x_wconf 87' lang='lat' dir='ltr'>ad</span> <span class='ocrx_word' id='word_1_224' title='bbox 909 3320 1019 3384; x_wconf 78' lang='lat' dir='ltr'>pacem,</span> <span class='ocrx_word' id='word_1_225' title='bbox 1043 3300 1246 3384; x_wconf 89' lang='lat' dir='ltr'>relinquitur</span> <span class='ocrx_word' id='word_1_226' title='bbox 1267 3301 1376 3364; x_wconf 82' lang='lat' dir='ltr'>deter-</span> 
     </span>
     <span class='ocr_line' id='line_1_27' title="bbox 168 3407 1376 3493; baseline -0.003 -17"><span class='ocrx_word' id='word_1_227' title='bbox 168 3421 170 3424; x_wconf 73' lang='grc'><strong><em>·</em></strong></span> <span class='ocrx_word' id='word_1_228' title='bbox 202 3411 404 3476; x_wconf 88' lang='lat' dir='ltr'>minandum</span> <span class='ocrx_word' id='word_1_229' title='bbox 419 3412 557 3476; x_wconf 87' lang='lat' dir='ltr'>arbitrio</span> <span class='ocrx_word' id='word_1_230' title='bbox 565 3409 809 3492; x_wconf 60' lang='lat' dir='ltr'>judicataque,</span> <span class='ocrx_word' id='word_1_231' title='bbox 819 3413 917 3493; x_wconf 88' lang='lat' dir='ltr'>cujus</span> <span class='ocrx_word' id='word_1_232' title='bbox 928 3414 990 3484; x_wconf 90' lang='lat' dir='ltr'>est,</span> <span class='ocrx_word' id='word_1_233' title='bbox 1002 3407 1224 3472; x_wconf 88' lang='lat' dir='ltr'>consideratis</span> <span class='ocrx_word' id='word_1_234' title='bbox 1234 3409 1376 3472; x_wconf 89' lang='lat' dir='ltr'>circum-</span> 
     </span>
     <span class='ocr_line' id='line_1_28' title="bbox 204 3514 1377 3603; baseline -0.003 -19"><span class='ocrx_word' id='word_1_235' title='bbox 204 3520 346 3596; x_wconf 78' lang='lat' dir='ltr'>alaudis,</span> <span class='ocrx_word' id='word_1_236' title='bbox 358 3521 535 3603; x_wconf 78' lang='lat' dir='ltr'>praeligare</span> <span class='ocrx_word' id='word_1_237' title='bbox 548 3518 732 3582; x_wconf 90' lang='lat' dir='ltr'>terminum</span> <span class='ocrx_word' id='word_1_238' title='bbox 749 3517 839 3582; x_wconf 87' lang='lat' dir='ltr'>intra</span> <span class='ocrx_word' id='word_1_239' title='bbox 850 3535 952 3601; x_wconf 90' lang='lat' dir='ltr'>quem</span> <span class='ocrx_word' id='word_1_240' title='bbox 966 3514 1110 3599; x_wconf 87' lang='lat' dir='ltr'>apostoli</span> <span class='ocrx_word' id='word_1_241' title='bbox 1126 3521 1377 3598; x_wconf 70' lang='lat' dir='ltr'>praesentantur</span> 
     </span>
     <span class='ocr_line' id='line_1_29' title="bbox 203 3623 1376 3710; baseline -0.001 -19"><span class='ocrx_word' id='word_1_242' title='bbox 203 3629 242 3710; x_wconf 75' lang='lat' dir='ltr'>(a.</span> <span class='ocrx_word' id='word_1_243' title='bbox 258 3627 279 3690; x_wconf 75' lang='lat'>4</span> <span class='ocrx_word' id='word_1_244' title='bbox 293 3628 326 3692; x_wconf 90' lang='lat' dir='ltr'>b.</span> <span class='ocrx_word' id='word_1_245' title='bbox 351 3633 373 3692; x_wconf 90' lang='lat' dir='ltr'>t.</span> <span class='ocrx_word' id='word_1_246' title='bbox 396 3632 431 3692; x_wconf 90' lang='lat' dir='ltr'>et</span> <span class='ocrx_word' id='word_1_247' title='bbox 445 3645 474 3690; x_wconf 90' lang='lat' dir='ltr'>c.</span> <span class='ocrx_word' id='word_1_248' title='bbox 493 3627 542 3704; x_wconf 81' lang='lat'>33,</span> <span class='ocrx_word' id='word_1_249' title='bbox 567 3625 666 3706; x_wconf 77' lang='lat' dir='ltr'>eod).</span> <span class='ocrx_word' id='word_1_250' title='bbox 687 3625 770 3688; x_wconf 89' lang='lat' dir='ltr'>Hinc</span> <span class='ocrx_word' id='word_1_251' title='bbox 787 3623 901 3689; x_wconf 88' lang='lat' dir='ltr'>fatalia</span> <span class='ocrx_word' id='word_1_252' title='bbox 919 3625 984 3688; x_wconf 90' lang='lat' dir='ltr'>ista</span> <span class='ocrx_word' id='word_1_253' title='bbox 1001 3624 1111 3703; x_wconf 87' lang='lat' dir='ltr'>magis</span> <span class='ocrx_word' id='word_1_254' title='bbox 1129 3630 1210 3687; x_wconf 89' lang='lat' dir='ltr'>sunt</span> <span class='ocrx_word' id='word_1_255' title='bbox 1231 3625 1376 3690; x_wconf 80' lang='lat' dir='ltr'>bominis</span> 
     </span>
     <span class='ocr_line' id='line_1_30' title="bbox 205 3737 521 3819; baseline 0 -21"><span class='ocrx_word' id='word_1_256' title='bbox 205 3753 307 3817; x_wconf 91' lang='lat' dir='ltr'>quam</span> <span class='ocrx_word' id='word_1_257' title='bbox 321 3737 401 3819; x_wconf 69' lang='lat' dir='ltr'>epra·</span> <span class='ocrx_word' id='word_1_258' title='bbox 520 3763 521 3768; x_wconf 43' lang='lat'>¹</span> 
     </span>
    </p>

    <p class='ocr_par' dir='ltr' id='par_1_10' title="bbox 201 3837 1376 4680">
     <span class='ocr_line' id='line_1_31' title="bbox 243 3837 1376 3925; baseline 0 -19"><span class='ocrx_word' id='word_1_259' title='bbox 243 3843 277 3924; x_wconf 78' lang='lat' dir='ltr'>d)</span> <span class='ocrx_word' id='word_1_260' title='bbox 291 3843 429 3907; x_wconf 83' lang='lat' dir='ltr'>Fatalia</span> <span class='ocrx_word' id='word_1_261' title='bbox 453 3842 611 3924; x_wconf 70' lang='lat' dir='ltr'>finiendae</span> <span class='ocrx_word' id='word_1_262' title='bbox 631 3840 876 3925; x_wconf 78' lang='lat' dir='ltr'>appellationis.</span> <span class='ocrx_word' id='word_1_263' title='bbox 899 3837 991 3902; x_wconf 90' lang='lat' dir='ltr'>Unus</span> <span class='ocrx_word' id='word_1_264' title='bbox 1013 3858 1136 3916; x_wconf 83' lang='lat' dir='ltr'>annus,</span> <span class='ocrx_word' id='word_1_265' title='bbox 1154 3840 1209 3904; x_wconf 92' lang='lat' dir='ltr'>val</span> <span class='ocrx_word' id='word_1_266' title='bbox 1224 3859 1266 3904; x_wconf 87' lang='lat' dir='ltr'>ex</span> <span class='ocrx_word' id='word_1_267' title='bbox 1282 3844 1376 3922; x_wconf 88' lang='lat' dir='ltr'>justa</span> 
     </span>
     <span class='ocr_line' id='line_1_32' title="bbox 202 3946 1375 4032; baseline -0.005 -16"><span class='ocrx_word' id='word_1_268' title='bbox 202 3969 305 4016; x_wconf 84' lang='lat' dir='ltr'>causa</span> <span class='ocrx_word' id='word_1_269' title='bbox 318 3951 511 4026; x_wconf 76' lang='lat' dir='ltr'>biennium·</span> <span class='ocrx_word' id='word_1_270' title='bbox 530 3951 619 4013; x_wconf 88' lang='lat' dir='ltr'>intra</span> <span class='ocrx_word' id='word_1_271' title='bbox 634 3949 724 4032; x_wconf 94' lang='lat' dir='ltr'>quod</span> <span class='ocrx_word' id='word_1_272' title='bbox 739 3953 874 4030; x_wconf 90' lang='lat' dir='ltr'>tempus</span> <span class='ocrx_word' id='word_1_273' title='bbox 894 3949 922 4010; x_wconf 89' lang='lat' dir='ltr'>si</span> <span class='ocrx_word' id='word_1_274' title='bbox 937 3965 1040 4010; x_wconf 90' lang='lat' dir='ltr'>causa</span> <span class='ocrx_word' id='word_1_275' title='bbox 1055 3946 1293 4030; x_wconf 88' lang='lat' dir='ltr'>appellationis</span> <span class='ocrx_word' id='word_1_276' title='bbox 1305 3967 1375 4012; x_wconf 91' lang='lat' dir='ltr'>non</span> 
     </span>
     <span class='ocr_line' id='line_1_33' title="bbox 203 4053 1376 4137; baseline -0.004 -14"><span class='ocrx_word' id='word_1_277' title='bbox 203 4060 305 4123; x_wconf 89' lang='lat' dir='ltr'>luerit</span> <span class='ocrx_word' id='word_1_278' title='bbox 318 4060 424 4134; x_wconf 83' lang='lat' dir='ltr'>linita,</span> <span class='ocrx_word' id='word_1_279' title='bbox 446 4063 604 4122; x_wconf 87' lang='lat' dir='ltr'>censetur</span> <span class='ocrx_word' id='word_1_280' title='bbox 621 4056 757 4120; x_wconf 87' lang='lat' dir='ltr'>deserta</span> <span class='ocrx_word' id='word_1_281' title='bbox 773 4057 813 4137; x_wconf 79' lang='lat' dir='ltr'>(a.</span> <span class='ocrx_word' id='word_1_282' title='bbox 829 4057 859 4118; x_wconf 83' lang='lat'>5.</span> <span class='ocrx_word' id='word_1_283' title='bbox 876 4053 895 4116; x_wconf 91' lang='lat'>8</span> <span class='ocrx_word' id='word_1_284' title='bbox 916 4059 951 4116; x_wconf 89' lang='lat' dir='ltr'>et</span> <span class='ocrx_word' id='word_1_285' title='bbox 965 4053 1067 4118; x_wconf 81' lang='lat' dir='ltr'>(llam.</span> <span class='ocrx_word' id='word_1_286' title='bbox 1092 4056 1126 4118; x_wconf 72' lang='lat'>3·</span> <span class='ocrx_word' id='word_1_287' title='bbox 1145 4055 1217 4136; x_wconf 84' lang='lat' dir='ltr'>huj.</span> <span class='ocrx_word' id='word_1_288' title='bbox 1241 4055 1315 4134; x_wconf 68' lang='lat' dir='ltr'>titt.</span> <span class='ocrx_word' id='word_1_289' title='bbox 1337 4056 1376 4118; x_wconf 88' lang='lat' dir='ltr'>Et</span> 
     </span>
     <span class='ocr_line' id='line_1_34' title="bbox 202 4159 1372 4250; baseline -0.003 -20"><span class='ocrx_word' id='word_1_290' title='bbox 202 4167 266 4232; x_wconf 89' lang='lat' dir='ltr'>hoc</span> <span class='ocrx_word' id='word_1_291' title='bbox 289 4173 425 4250; x_wconf 87' lang='lat' dir='ltr'>tempus</span> <span class='ocrx_word' id='word_1_292' title='bbox 445 4165 550 4230; x_wconf 87' lang='lat' dir='ltr'>currit</span> <span class='ocrx_word' id='word_1_293' title='bbox 571 4183 592 4228; x_wconf 85' lang='lat' dir='ltr'>a</span> <span class='ocrx_word' id='word_1_294' title='bbox 618 4164 671 4227; x_wconf 89' lang='lat' dir='ltr'>die</span> <span class='ocrx_word' id='word_1_295' title='bbox 692 4161 900 4245; x_wconf 74' lang='lat' dir='ltr'>interpositas</span> <span class='ocrx_word' id='word_1_296' title='bbox 923 4159 1158 4243; x_wconf 89' lang='lat' dir='ltr'>appellationis</span> <span class='ocrx_word' id='word_1_297' title='bbox 1178 4161 1372 4243; x_wconf 81' lang='lat' dir='ltr'>injudicio:</span> 
     </span>
     <span class='ocr_line' id='line_1_35' title="bbox 203 4249 1374 4350; baseline -0.005 -12"><span class='ocrx_word' id='word_1_298' title='bbox 203 4280 299 4338; x_wconf 85' lang='lat' dir='ltr'>extra</span> <span class='ocrx_word' id='word_1_299' title='bbox 319 4291 400 4338; x_wconf 90' lang='lat' dir='ltr'>vero</span> <span class='ocrx_word' id='word_1_300' title='bbox 419 4292 440 4337; x_wconf 90' lang='lat' dir='ltr'>a</span> <span class='ocrx_word' id='word_1_301' title='bbox 460 4273 514 4336; x_wconf 90' lang='lat' dir='ltr'>die</span> <span class='ocrx_word' id='word_1_302' title='bbox 537 4270 621 4335; x_wconf 85' lang='lat' dir='ltr'>illati</span> <span class='ocrx_word' id='word_1_303' title='bbox 641 4268 849 4350; x_wconf 88' lang='lat' dir='ltr'>gravaminis</span> <span class='ocrx_word' id='word_1_304' title='bbox 866 4267 980 4349; x_wconf 82' lang='lat' dir='ltr'>(Clam.</span> <span class='ocrx_word' id='word_1_305' title='bbox 1002 4268 1081 4330; x_wconf 75' lang='lat'><strong>3⁸11.</strong></span> <span class='ocrx_word' id='word_1_306' title='bbox 1100 4269 1148 4350; x_wconf 87' lang='lat' dir='ltr'>t.).</span> <span class='ocrx_word' id='word_1_307' title='bbox 1166 4268 1281 4332; x_wconf 75' lang='lat' dir='ltr'>Causae</span> <span class='ocrx_word' id='word_1_308' title='bbox 1295 4249 1374 4332; x_wconf 81' lang='lat' dir='ltr'>coir-</span> 
     </span>
     <span class='ocr_line' id='line_1_36' title="bbox 201 4375 1374 4462; baseline -0.005 -16"><span class='ocrx_word' id='word_1_309' title='bbox 201 4382 344 4448; x_wconf 89' lang='lat' dir='ltr'>cedendi</span> <span class='ocrx_word' id='word_1_310' title='bbox 358 4381 534 4446; x_wconf 88' lang='lat' dir='ltr'>biennium</span> <span class='ocrx_word' id='word_1_311' title='bbox 554 4377 771 4462; x_wconf 89' lang='lat' dir='ltr'>appellationi</span> <span class='ocrx_word' id='word_1_312' title='bbox 792 4375 1048 4459; x_wconf 82' lang='lat' dir='ltr'>prosequendae,</span> <span class='ocrx_word' id='word_1_313' title='bbox 1068 4381 1149 4438; x_wconf 91' lang='lat' dir='ltr'>sunt</span> <span class='ocrx_word' id='word_1_314' title='bbox 1162 4377 1306 4440; x_wconf 87' lang='lat' dir='ltr'>adversa</span> <span class='ocrx_word' id='word_1_315' title='bbox 1319 4395 1374 4440; x_wconf 91' lang='lat' dir='ltr'>va-</span> 
     </span>
     <span class='ocr_line' id='line_1_37' title="bbox 202 4483 1374 4568; baseline -0.005 -16"><span class='ocrx_word' id='word_1_316' title='bbox 202 4487 328 4567; x_wconf 88' lang='lat' dir='ltr'>letudo,</span> <span class='ocrx_word' id='word_1_317' title='bbox 359 4506 459 4554; x_wconf 88' lang='lat' dir='ltr'>casus</span> <span class='ocrx_word' id='word_1_318' title='bbox 478 4493 513 4552; x_wconf 91' lang='lat' dir='ltr'>et</span> <span class='ocrx_word' id='word_1_319' title='bbox 536 4485 781 4568; x_wconf 88' lang='lat' dir='ltr'>impedimenta</span> <span class='ocrx_word' id='word_1_320' title='bbox 802 4483 952 4558; x_wconf 83' lang='lat' dir='ltr'>fortuita,</span> <span class='ocrx_word' id='word_1_321' title='bbox 982 4483 1095 4548; x_wconf 90' lang='lat' dir='ltr'>obices</span> <span class='ocrx_word' id='word_1_322' title='bbox 1116 4483 1158 4546; x_wconf 90' lang='lat' dir='ltr'>ab</span> <span class='ocrx_word' id='word_1_323' title='bbox 1180 4484 1374 4548; x_wconf 88' lang='lat' dir='ltr'>adversario</span> 
     </span>
     <span class='ocr_line' id='line_1_38' title="bbox 202 4598 392 4680; baseline -0.016 -18"><span class='ocrx_word' id='word_1_324' title='bbox 202 4598 313 4680; x_wconf 85' lang='lat' dir='ltr'>positi,</span> <span class='ocrx_word' id='word_1_325' title='bbox 329 4603 392 4661; x_wconf 88' lang='lat' dir='ltr'>etc.</span> 
     </span>
    </p>

    <p class='ocr_par' dir='ltr' id='par_1_11' title="bbox 242 4696 1373 4786">
     <span class='ocr_line' id='line_1_39' title="bbox 242 4696 1373 4786; baseline -0.004 -18"><span class='ocrx_word' id='word_1_326' title='bbox 242 4705 345 4770; x_wconf 86' lang='lat' dir='ltr'>Hodie</span> <span class='ocrx_word' id='word_1_327' title='bbox 361 4705 396 4768; x_wconf 90' lang='lat' dir='ltr'>in</span> <span class='ocrx_word' id='word_1_328' title='bbox 410 4701 597 4786; x_wconf 84' lang='lat' dir='ltr'>majoribus</span> <span class='ocrx_word' id='word_1_329' title='bbox 612 4701 834 4767; x_wconf 86' lang='lat' dir='ltr'>tribunalibus</span> <span class='ocrx_word' id='word_1_330' title='bbox 851 4709 985 4782; x_wconf 88' lang='lat' dir='ltr'>tempus</span> <span class='ocrx_word' id='word_1_331' title='bbox 1002 4696 1159 4762; x_wconf 68' lang='lat' dir='ltr'>liniendas</span> <span class='ocrx_word' id='word_1_332' title='bbox 1177 4697 1373 4781; x_wconf 89' lang='lat' dir='ltr'>appellatio-</span> 
     </span>
    </p>
   </div>
   <div class='ocr_carea' id='block_1_5' title="bbox 0 0 1756 5566">
    <p class='ocr_par' dir='ltr' id='par_1_12' title="bbox 0 0 1756 5566">
     <span class='ocr_line' id='line_1_40' title="bbox 0 0 1756 5566; baseline 0 0"><span class='ocrx_word' id='word_1_333' title='bbox 0 0 1756 5566; x_wconf 95' lang='lat' dir='ltr'> </span> 
     </span>
    </p>
   </div>
  </div>
 </body>
</html>
