3488 5568
547 595 634 648 LIBER
654 595 781 649 tenvius
802 597 1021 652 bacharium.

471 787 501 838 ll.
520 785 572 848 Qut
588 787 742 842 teneantur
758 788 901 844 celebrare
914 801 966 855 pro
980 789 1100 856 populor

237 931 269 994 l·
283 930 380 996 blodo
395 931 548 1013 generali
569 933 750 1018 cajetanus
765 937 922 1014 literatus,
941 938 978 1000 in
992 935 1163 1002 Thesauro
1185 937 1274 1003 Saor.
1291 937 1369 1015 1111,

197 1039 442 1121 obligationem
466 1039 659 1107 celebrandi
682 1061 744 1126 pro
768 1043 894 1128 populo
925 1045 1079 1110 extendit
1101 1044 1144 1110 ad
1169 1063 1290 1110 omnes
1314 1046 1371 1130 qui

196 1163 313 1212 curam
339 1149 531 1214 animarum
555 1167 771 1236 quocumque
794 1153 898 1218 modo
920 1153 1058 1230 babent,
1084 1171 1123 1218 ac
1145 1152 1286 1236 proinde
1301 1171 1371 1218 101

197 1255 308 1320 solum
322 1256 366 1320 ad
379 1256 556 1340 parochos,
573 1259 633 1324 sed
648 1259 691 1325 ad
705 1259 864 1342 praelatos
875 1261 1061 1343 regulares,
1074 1261 1117 1327 ad
1126 1261 1323 1344 episcopum
1337 1266 1381 1326 et*

196 1364 357 1429 etiamad
372 1363 465 1430 Sum.
485 1366 694 1433 Pontitlcem.
713 1393 728 1426 u
744 1368 819 1434 Non
833 1370 954 1451 magis,
977 1369 1098 1454 inquit,
1115 1369 1217 1435 debet
1239 1368 1371 1454 dejure

196 1470 311 1537 divino
326 1473 467 1556 obligari
481 1476 649 1560 parochus
661 1476 696 1540 in
710 1477 775 1543 hoo
789 1495 851 1561 pro
870 1478 940 1542 suis
951 1478 1083 1554 ovibus,
1097 1495 1199 1562 quam
1212 1476 1371 1562 praelatus

192 1580 358 1662 regularis
373 1601 435 1666 pro
458 1584 529 1648 suis
554 1583 708 1661 subditis,
732 1585 912 1670 episeopus
932 1603 994 1669 pro
1013 1585 1245 1662 suedioecesi,
1269 1589 1371 1668 atque

195 1687 298 1757 etiam
312 1689 405 1755 Sum.
423 1680 1019 1776 10111111010111111111181111111.
1033 1721 1048 1754 o
1063 1693 1156 1762 llauc
1166 1695 1372 1761 sententiam

194 1799 313 1861 tenent
326 1795 459 1877 Suarez,
477 1799 637 1877 llurtado,
653 1800 799 1866 etmulti
814 1802 880 1868 alii.

232 1905 265 1967 9⁰
278 1905 329 1971 Ad
345 1907 522 1992 episcopos
537 1909 629 1994 quod
647 1910 780 1988 attinet,
797 1911 954 1978 doctores
969 1929 1072 1998 supra
1085 1912 1178 1978 citati
1192 1915 1372 1979 autumant

193 2031 313 2079 eorum
337 2015 582 2099 obligationem
603 2019 792 2104 applicandi
816 2021 958 2086 missam
974 2040 1037 2105 pro
1052 2023 1173 2088 ovibus
1198 2023 1281 2100 suis,
1301 2041 1371 2088 101

193 2121 305 2186 solum
316 2124 494 2207 complecti
507 2125 580 2190 dies
593 2127 711 2205 111101,
732 2128 909 2194 sedetiam
924 2129 1078 2211 singulos
1099 2131 1182 2206 dies,
1201 2149 1262 2194 seu
1277 2134 1372 2194 tene-

191 2235 312 2295 rentur
325 2233 493 2316 applicare
510 2237 644 2318 quoties
658 2237 843 2302 celebrent.
861 2238 927 2302 Sed
942 2238 998 2304 alii
1018 2240 1134 2304 verius
1147 2243 1276 2321 negent
1290 2237 1371 2304 obli-

191 2339 366 2419 gationem
379 2339 472 2406 illam
484 2345 634 2427 quotidie
656 2345 849 2411 celebrandi
867 2365 929 2431 pro
945 2347 1067 2412 ovibus
1083 2367 1091 2410 ε
1106 2345 1207 2412 hodie
1222 2347 1288 2413 hoe
1299 2365 1369 2411 oer-

192 2452 266 2511 tum
280 2453 343 2525 est,
368 2467 449 2516 narn
462 2451 499 2514 in
513 2452 632 2534 primis
648 2452 680 2518 S.
699 2453 821 2536 Congr.
838 2453 1064 2532 1111.,19101.
1080 2455 1169 2532 1831,
1187 2455 1370 2520 declaravit

192 2555 369 2640 episcopos
383 2558 502 2636 teneri,
520 2559 635 2624 statim
657 2567 736 2644 post
762 2561 921 2646 adeptam
939 2563 1205 2646 possessiouem,
1224 2563 1266 2628 ad
1281 2561 1368 2627 cele-

191 2662 359 2728 brandum
386 2683 449 2747 pro
476 2666 620 2750 populo,
650 2685 721 2734 uon
745 2687 844 2733 secus
868 2687 907 2735 ao
934 2669 998 2753 ipsi
1029 2669 1178 2753 parochi
1194 2675 1364 2735 tenentur.

191 2771 318 2856 ltaque,
336 2774 475 2839 nomine
491 2781 671 2860 pastorum
694 2778 839 2844 veniunt
861 2779 965 2844 etiam
988 2779 1149 2863 episcopi,
1169 2796 1208 2845 ac
1222 2779 1365 2863 proinde

191 2881 312 2946 eadem
327 2881 533 2966 obligatione
548 2889 710 2952 tenentur
725 2905 801 2970 quoe
816 2887 984 2952 incumbit
997 2889 1165 2972 parochis.
1179 2887 1246 2954 Nee
1259 2887 1365 2972 appli-

189 2989 258 3053 cari
272 2995 386 3073 potest
402 2994 572 3059 sententia
585 2992 723 3060 illorum
738 2995 796 3079 qui
810 2997 976 3079 putabant
996 2995 1071 3086 illos
1093 2996 1202 3061 teneri
1222 2996 1266 3062 ad
1284 3015 1368 3081 quo-

190 3097 270 3164 tidie
283 3099 525 3167 celebrandum
539 3101 596 3186 qui
609 3103 808 3186 pinguiores
830 3103 958 3170 habent
975 3104 1144 3181 redditus;
1166 3103 1367 3170 11118111-
1388 3193 1389 3196 Ἴ

189 3205 388 3285 dictuslllV,
405 3209 441 3273 in
453 3211 696 3277 constitutione
716 3212 801 3278 Gom
810 3231 952 3299 semper,
967 3232 986 3278 1
1002 3211 1116 3279 medio
1131 3213 1269 3277 sustulit
1278 3213 1366 3278 hano

189 3317 406 3396 sententiam,
424 3323 459 3384 11
471 3317 654 3386 declaravit
666 3321 747 3388 satis
765 3341 840 3387 esse
855 3327 893 3386 ut
908 3340 1028 3388 omnes
1044 3322 1101 3405 qui
1111 3322 1364 3387 curamanima-

109 3483 112 3490 .
188 3443 265 3490 rum
277 3426 415 3504 habent,
433 3427 602 3510 applicent
616 3428 651 3492 11
667 3428 845 3494 dominicis
858 3429 1001 3512 aliisque
1023 3447 1085 3512 per
1104 3447 1233 3494 anuum
1254 3429 1360 3494 111111.

187 3533 316 3600 Deinde
333 3536 365 3598 S.
383 3534 416 3598 C.
433 3533 545 3612 0011,
562 3537 600 3600 17
616 3541 701 3620 1101.
728 3535 817 3612 1811,
844 3535 1028 3600 declaravit
1052 3536 1229 3619 episcopos
1254 3536 1364 3600 teneri

188 3660 285 3726 reque
299 3659 339 3707 ac
352 3643 437 3712 alios
461 3645 518 3727 qui
543 3661 660 3710 curam
675 3645 867 3709 animarum
888 3649 966 3709 actu
982 3648 1159 3720 exercent;
1175 3649 1209 3708 et
1224 3643 1364 3708 tandem

187 3749 224 3812 in
239 3750 409 3816 decisione
423 3751 490 3817 diei
501 3753 521 3816 9
532 3751 594 3835 jul.
604 3752 680 3816 1881
698 3769 800 3817 omne
811 3752 954 3816 dubium
967 3749 1114 3828 sustulit,
1131 3751 1363 3816 auditisvariis

188 3857 439 3924 consultoribus
452 3860 542 3925 11111
556 3879 592 3925 11
608 3859 886 3924 dissentientibus
901 3859 990 3925 circa
1003 3857 1360 3941 illamobligationem.

188 3967 372 4051 Episcopus
388 3967 445 4052 qui
460 3967 611 4033 oilleium
623 3966 760 4051 parochi
775 3971 922 4044 exercet,
936 3967 1159 4051 applicatione
1175 3966 1361 4054 missaepro

188 4076 258 4140 suis
272 4075 473 4141 dioeoesauis
492 4093 562 4139 non
578 4071 741 4140 satisfacit
759 4073 959 4158 obligationi
977 4092 1044 4159 que
1059 4077 1195 4139 tenetur
1208 4073 1251 4139 ad
1264 4091 1363 4158 paro·
1392 4103 1399 4116 ·

187 4182 294 4248 chiale
307 4184 468 4250 cilicium.
484 4183 632 4249 Tenetur
642 4201 705 4268 per
718 4201 753 4247 se
767 4183 823 4247 vel
835 4201 896 4266 per
910 4184 1017 4247 olium
1034 4182 1085 4247 bis
1101 4181 1268 4266 applicare
1283 4181 1363 4246 mis-

188 4309 262 4357 sam
281 4309 344 4374 010
359 4291 485 4376 populo
503 4291 545 4376 (S.
563 4291 684 4374 Gongr.
703 4291 799 4374 Prop.
814 4291 883 4355 lid.
901 4291 941 4355 13
954 4291 1151 4370 1111118131.
1170 4289 1362 4356 Generatim

187 4405 239 4466 tot
257 4405 338 4464 sunt
351 4400 464 4466 misse
487 4399 705 4484 applicanda,
723 4405 807 4485 quot
820 4403 901 4463 suut
922 4399 1146 4481 obligationes
1160 4397 1360 4481 applicandi,

187 4527 260 4586 seu,
285 4527 319 4572 v.
341 4525 388 4590 g.,
405 4513 490 4592 quot
504 4513 585 4573 sunt
598 4507 748 4574 ecelesiae
773 4506 982 4590 parochiales
998 4506 1120 4590 quibus
1134 4505 1364 4590 praellceretur

186 4616 308 4681 unicus
321 4614 501 4698 parochus,
517 4621 557 4680 ut
569 4613 739 4698 colligitur
754 4633 797 4680 ex
811 4613 894 4680 decl.
911 4613 943 4678 S.
961 4613 994 4678 C.
1012 4613 1110 4679 Cone.
1124 4613 1164 4676 97
1174 4631 1252 4695 aug.
1270 4611 1360 4676 1168.

225 4725 258 4789 3⁰
273 4722 412 4788 Parechi
433 4741 565 4800 omnes,
583 4723 762 4790 saeculares
777 4721 832 4789 vel
851 4721 1037 4804 regulares,
1055 4720 1291 4787 inamovibiles
1306 4717 1361 4783 vel
