3504 5572
551 534 639 584 iisse
661 535 788 586 rennos
809 537 1033 586 nucherinus.
1322 523 1380 588 :itt

202 649 235 714 3⁰
246 653 280 715 in
290 649 554 732 hereditoriam,
565 673 640 738 quae
652 656 773 721 transit
784 656 827 722 ad
839 657 993 722 haeredes
1008 657 1248 742 emphyteutae,
1262 663 1296 722 et
1304 677 1382 744 qen-

203 759 340 824 tilitiom
358 778 420 824 seu
446 759 660 838 familiarem,
685 763 758 828 sive
781 783 824 828 ex
848 772 958 850 pacto,
974 771 1009 830 et
1027 765 1382 850 providentiamque
1446 820 1448 829 ,

203 868 324 965 transit
345 866 388 932 ad
412 868 659 935 descendentes
688 873 845 955 ejusdem
868 873 1022 952 ramilis,
1048 875 1112 955 etsi
1134 873 1288 940 haeredes
1312 892 1382 939 non

202 976 279 1040 sint.

283 1161 313 1211 ii.
332 1161 408 1212 Dans
421 1162 451 1214 et
465 1161 605 1228 recipiens
620 1163 831 1228 emphyteusim
846 1165 933 1232 etque
946 1163 1080 1220 resolutio
1097 1165 1299 1233 emphyteusis.

242 1307 275 1388 o)
292 1305 360 1386 Qui
374 1308 552 1374 concedere
571 1311 628 1374 oet
645 1313 791 1396 recipere
805 1315 940 1398 possint
961 1313 1234 1398 emphyteusim?
1248 1314 1280 1376 1⁰
1295 1312 1380 1378 Dare

201 1419 315 1496 potest
339 1416 511 1499 predium
528 1417 572 1482 'in
603 1420 855 1503 emphyteusim
881 1421 1021 1506 quilibet
1050 1422 1209 1488 dominus
1239 1420 1382 1486 liberem

201 1519 331 1590 hahens
342 1528 549 1606 potestatem
562 1525 834 1608 administrandi,
858 1547 938 1596 cum
953 1531 998 1596 sit
1016 1529 1175 1596 deminus
1194 1529 1262 1608 rei;
1278 1533 1312 1594 et
1325 1528 1381 1594 ilie

202 1626 361 1694 dominns
371 1631 519 1697 directus
535 1635 862 1702 teneturtrunsierre
872 1635 1063 1702 dominium
1075 1637 1157 1703 utile
1166 1636 1381 1718 liberumque

201 1757 303 1803 usum
316 1741 366 1806 rei
387 1743 585 1826 permittere
608 1749 643 1810 et
664 1763 888 1830 compensare
913 1747 1175 1814 melioramente
1198 1743 1383 1810 extraordi-

201 1848 297 1914 naris
312 1868 387 1934 quae
403 1849 482 1916 iecit
501 1854 739 1938 emphyteuta,
756 1874 801 1919 ne
821 1873 900 1920 cum
918 1859 1052 1940 jactura
1073 1855 1213 1922 alterius
1234 1852 1383 1937 iocuple-

201 1962 303 2024 tetur.
317 1958 479 2044 Recipere
504 1961 756 2046 emphyteusim
776 1970 922 2048 possunt
935 1982 1057 2030 omnes
1071 1963 1129 2048 qui
1151 1981 1195 2028 ex
1206 1967 1379 2028 contractu

202 2067 345 2149 obligari
358 2075 500 2154 queunt.

241 2177 274 2240 2⁰
288 2177 514 2262 Emphyteuta
537 2185 675 2246 tenetur
699 2200 836 2249 servare
864 2187 979 2266 pactu,
1003 2180 1146 2264 siugulis
1173 2182 1273 2246 annis
1300 2197 1383 2266 peu·

203 2284 283 2350 dere
295 2285 435 2352 domino
448 2305 628 2367 canonem,
644 2291 710 2354 nisi
726 2309 781 2354 res
794 2290 943 2356 totaliter
956 2295 1091 2375 pereat3
1102 2290 1223 2375 nequit
1232 2288 1382 2354 vendere

205 2393 467 2477 emphyteusim,
484 2396 550 2460 nisi
572 2397 607 2462 id
632 2397 812 2463 denuntiet
831 2397 972 2462 domino
993 2397 1121 2463 directo
1143 2415 1223 2462 cum
1246 2415 1384 2480 expres·

204 2502 301 2568 sione
330 2503 440 2587 pretii.
469 2504 550 2581 Quae
580 2505 750 2570 successio
783 2505 883 2570 detur
904 2506 941 2572 in
964 2507 1180 2590 emphyteusi
1198 2505 1383 2589 perpetua?

203 2611 406 2698 plerumque
428 2613 619 2680 desumitur
640 2635 683 2680 ex
706 2617 813 2699 pectis
833 2621 867 2681 et
886 2614 952 2682 loci
965 2615 1225 2684 consuetudine.
1249 2613 1287 2678 ln
1305 2617 1382 2698 jure

204 2719 370 2799 Romano,
388 2728 469 2788 suut
493 2725 596 2790 varie
623 2724 864 2808 dispositiones
891 2725 980 2792 circe
1003 2725 1091 2791 hano
1114 2723 1381 2800 successionem,

206 2843 280 2907 quae
296 2825 402 2890 videri
418 2832 562 2910 possunt
576 2828 667 2912 apud
679 2827 953 2912 jurisconsultos.

246 2931 1384 3020 didesototiohujuscontractosEmphyteusisresolvitur:i⁰lepsu

206 3043 369 3125 temporis
391 3043 533 3128 praessxi,
555 3047 594 3106 ut
617 3043 646 3107 si
670 3043 713 3108 ed
736 3042 942 3109 decennium
964 3043 1020 3109 vel
1043 3039 1256 3121 vicennium}
1275 3045 1307 3108 2⁰
1329 3062 1385 3108 ex·
1466 3103 1469 3110 .

207 3149 330 3215 stincta
342 3153 564 3233 generatione
582 3151 625 3217 ad
641 3170 744 3236 quam
758 3152 914 3218 restricte
934 3156 1001 3229 est;
1015 3153 1048 3216 3·
1063 3151 1159 3218 totali
1177 3151 1318 3218 interitu
1335 3152 1385 3216 rei

207 3259 575 3345 emphytsuucatae;,t·
600 3260 864 3326 deterioratione
885 3261 935 3326 rei
958 3259 1036 3326 dole
1056 3261 1111 3326 vel
1132 3260 1231 3344 culpa
1247 3259 1317 3326 lata
1330 3259 1385 3340 vei

206 3365 374 3432 leviiuctu
390 3388 397 3432 :
412 3368 461 3433 ita
477 3369 535 3452 jus
554 3367 651 3434 Rem.
664 3367 761 3434 Ratio
784 3372 847 3446 est,
874 3368 954 3452 quis
966 3369 1199 3452 emphyteusis
1221 3367 1321 3432 datur
1342 3367 1385 3432 ud

208 3473 480 3542 meliorationem
491 3497 498 3554 ;
509 3478 542 3540 5⁰
554 3476 741 3542 omissione
758 3474 941 3541 solutionis
949 3476 1102 3552 canonis,
1120 3476 1303 3541 hiennicin
1318 3492 1387 3538 em·

207 3583 364 3667 phyteusi
380 3584 607 3650 ecclesiastica
624 3585 663 3666 (c.
680 3585 738 3648 iin.
755 3583 790 3649 h.
807 3585 844 3666 i.)
860 3589 895 3648 et
909 3584 1056 3649 triennio
1071 3585 1105 3648 in
1122 3583 1219 3660 laice,
1236 3583 1301 3646 nisi
1316 3600 1386 3647 em-

208 3693 382 3776 phyteuta,
399 3693 501 3758 celeri
523 3693 752 3758 satisfactione
775 3709 909 3758 morem
933 3693 1142 3777 purgaverit,
1156 3691 1213 3758 vei
1226 3691 1386 3757 dominus

209 3808 301 3866 certo
316 3802 391 3868 loco
408 3809 443 3868 et
455 3809 609 3886 tempore
621 3821 774 3884 congruo
788 3821 957 3870 canonem
970 3801 1122 3886 recipere
1136 3800 1295 3866 noluerit.
