3498 5572
551 639 553 642 .
586 605 674 650 arana
695 603 822 650 renuas
842 604 1063 651 onerariarum
1354 587 1415 652 485

235 722 291 788 vel
304 721 460 788 beneficii
475 721 692 786 ecclesiastici
714 721 858 786 solvitur
881 722 1113 806 superioribus
1139 721 1299 807 praelatis,
1329 741 1416 808 prae-

237 832 355 898 sertim
369 833 405 896 in
419 831 690 914 recognitionem
701 832 934 913 subjectionis.
1421 901 1422 908 ἵ

276 939 314 1007 ln
327 943 391 1007 hac
405 942 602 1006 delinitione
623 942 818 1008 indicantur
840 947 914 1008 tum
934 959 1090 1026 personae
1116 943 1239 1028 quibus
1260 941 1413 1020 solvitur,

237 1071 312 1137 quae
329 1058 410 1116 sunt
423 1035 786 1136 supe1·iores,¹praelati,
803 1055 950 1138 patroni,
972 1057 1049 1131 etc,
1071 1059 1144 1117 tum
1162 1072 1318 1137 personae
1340 1071 1416 1139 quaa
1519 1121 1522 1129 ,

238 1162 524 1236 debentcensum,
542 1166 577 1224 et
591 1179 666 1244 quat
676 1162 842 1227 suntlcca
853 1163 909 1245 pio
923 1162 959 1225 in
974 1181 1111 1242 genere.
1129 1161 1300 1226 indicatur
1313 1163 1418 1228 etiam

237 1287 341 1336 cansa
355 1287 397 1332 ex
411 1285 479 1352 qua
493 1267 569 1332 talis
585 1269 747 1334 exhibitio
762 1270 810 1345 tit,
827 1288 903 1352 quae
919 1275 971 1334 est
984 1269 1172 1350 recognitio
1184 1269 1415 1352 subjectionis.

238 1377 304 1442 Sed
320 1376 442 1441 dicitur
455 1401 470 1434 a
486 1377 677 1459 praesertim
693 1401 720 1453 a,
738 1379 820 1442 nam
837 1378 910 1441 haec
929 1377 1118 1458 recognitio
1140 1396 1210 1442 non
1236 1382 1289 1443 est
1319 1378 1421 1446 unica

238 1503 359 1561 causa3
391 1484 520 1547 etenim
541 1484 725 1568 aliquando
744 1483 868 1550 census
892 1485 991 1549 datur
1010 1487 1052 1550 ab
1076 1485 1117 1548 iis
1142 1485 1199 1570 qui
1223 1503 1315 1550 nunc
1340 1491 1421 1551 sunt

239 1593 388 1676 exempti
404 1609 424 1656 a
432 1591 681 1676 jurisdictione,
698 1595 735 1656 in
752 1594 890 1675 signum
904 1593 1052 1677 antiquae
1064 1593 1332 1676 jurisdictionis;
1348 1594 1420 1662 imo

238 1701 445 1788 persolvitur
459 1701 532 1766 sine
547 1700 617 1766 ulla
628 1701 793 1768 relatione
808 1703 969 1788 praesenti
988 1701 1044 1766 vel
1057 1702 1229 1786 praeterita
1253 1701 1297 1768 ad
1316 1703 1420 1786 juris-

241 1811 435 1878 dictionem.

280 1921 372 1987 later
385 1942 509 1990 census
525 1924 695 2008 antiquos,
711 1920 944 1986 celebritatem
964 1921 1147 2005 specialem
1170 1923 1289 1988 habuit
1317 1923 1423 1988 dena-

239 2032 309 2095 rius
324 2031 447 2096 Sancti
457 2031 562 2110 Petri,
577 2032 633 2116 qui
649 2029 792 2096 inolevit
803 2030 952 2112 primum
968 2029 1003 2093 in
1017 2029 1184 2111 Angliaet
1196 2031 1423 2116 praestabatur

238 2157 259 2204 a
283 2139 435 2225 quolibet
454 2139 564 2222 Anglo
594 2139 764 2204 cathedrae
786 2137 992 2222 apostolicas,
1018 2138 1053 2202 in
1080 2139 1248 2222 honorem
1263 2141 1295 2205 S.
1313 2140 1420 2218 Petri3

237 2253 358 2334 postea
373 2250 499 2315 nostris
515 2249 727 2333 temporibus
741 2249 805 2312 sub
819 2249 931 2313 forma
946 2249 1087 2312 subsidii
1102 2249 1293 2314 charitativi
1321 2266 1423 2334 spon-

240 2358 330 2422 tanei
346 2357 574 2422 exsuscitatus
587 2363 650 2434 est,
668 2363 702 2422 et
715 2357 819 2422 habet
832 2357 1001 2421 rationem
1014 2356 1210 2441 temporalis
1225 2357 1422 2442 auxiliique

239 2463 299 2528 filii
313 2465 402 2548 patri
417 2469 451 2529 et
466 2465 592 2530 subditi
605 2465 729 2530 rectori
740 2463 971 2546 opitulantur;
989 2468 1041 2528 est
1054 2464 1157 2528 etiam
1170 2463 1277 2529 veluti
1298 2463 1423 2530 solem·

240 2573 293 2637 nis
321 2591 360 2638 ac
386 2573 588 2638 universalis
610 2573 811 2656 protestatio
845 2575 1023 2655 pastorum
1052 2577 1086 2636 et
1113 2571 1266 2638 fidelium
1302 2577 1423 2642 contra

240 2680 499 2764 usurpationem
516 2680 657 2746 dominii
671 2679 868 2763 temporalis
884 2679 1035 2744 ecclesiae
1051 2679 1223 2744 Romanae.

282 2789 312 2872 d)
329 2788 396 2870 Qui
418 2791 588 2875 imponere
603 2792 734 2874 possint
757 2809 873 2856 census
898 2789 1065 2854 ecclesiis?
1092 2790 1123 2853 1ο
1148 2789 1311 2855 Summus
1336 2791 1423 2858 Pon-

241 2897 335 2974 tifex,
352 2898 396 2962 ob
408 2897 605 2978 generalem
617 2897 961 2974 administrationem,
975 2899 1089 2980 potest
1102 2896 1309 2982 quibuslibet
1318 2897 1422 2966 eccle-
1471 2893 1473 2898 ’
1597 2924 1603 2938 ·

241 3005 301 3070 siis
315 3005 491 3088 imponere
506 3023 630 3070 census
646 3005 685 3089 (c.
702 3005 775 3070 ude
786 3005 903 3087 Pria).

279 3114 311 3176 1“
325 3113 521 3196 Episcopus,
538 3111 659 3178 saltem
672 3113 708 3175 in
721 3112 839 3177 limine
862 3113 1104 3177 fundationum
1126 3115 1165 3196 (c.
1183 3115 1222 3178 16
1239 3115 1274 3179 h.
1294 3113 1343 3198 t),
1365 3113 1422 3181 vel

239 3221 274 3287 in
289 3221 545 3286 consecratione
574 3219 724 3286 ecclesiae
744 3221 828 3304 (can.
854 3220 904 3297 30,
928 3239 1030 3286 causa
1045 3221 1095 3298 l8,
1113 3242 1144 3305 q.
1159 3222 1200 3305 1),
1217 3221 1270 3288 vol
1283 3221 1421 3306 quando

239 3329 388 3412 aliquam
403 3327 691 3394 ecclesiamasua
702 3328 938 3412 Jurisdictione
962 3330 1090 3407 eximit,
1119 3328 1211 3406 dum,
1232 3351 1264 3396 v.
1288 3349 1322 3413 g.
1343 3349 1421 3396 cam

239 3437 395 3502 concedit
407 3437 642 3518 regularibus:
660 3455 713 3502 ex.
729 3456 758 3502 c.
772 3437 809 3500 11
826 3437 860 3500 h.
892 3442 915 3500 t.
933 3441 968 3500 et
981 3436 1055 3501 aliis
1072 3437 1218 3520 juribus.
1235 3437 1362 3503 Tamen
1378 3456 1422 3503 ex

239 3563 331 3610 nova
344 3547 563 3627 causajusta,
577 3564 607 3608 v.
627 3563 661 3626 g.
684 3563 746 3628 pro
770 3543 891 3608 debitis
912 3543 1144 3620 exsolvendis,
1167 3561 1229 3627 pro
1257 3543 1421 3626 erigendo

240 3654 433 3718 necessario
449 3653 643 3728 seminario
659 3651 838 3737 episcopus
858 3656 976 3734 posset
999 3668 1129 3714 novum
1153 3669 1295 3716 censum
1315 3651 1422 3736 impo-

240 3780 322 3826 nere
338 3766 398 3826 aut
415 3765 570 3826 veterem
584 3778 731 3842 augere;
754 3759 802 3822 ito
813 3777 841 3822 c.
859 3758 947 3823 Trid.
965 3757 1003 3840 (s.
1019 3758 1069 3833 11,
1086 3775 1115 3821 c.
1131 3759 1160 3834 8,
1178 3758 1220 3824 de
1235 3759 1336 3842 defi).
1354 3757 1429 3844 Sed¹

240 3871 425 3954 requiritur
444 3889 633 3935 consensus
653 3867 789 3952 capituli
806 3869 844 3950 (o.
862 3869 924 3932 ih.
938 3867 1012 3949 tit).
1029 3866 1155 3930 Verum
1176 3885 1220 3931 ex
1235 3867 1310 3933 eod.
1332 3885 1419 3952 cap,

240 3977 305 4042 hoc
319 3965 462 4060 intelligi
481 3977 582 4042 debet
608 3977 649 4042 de
664 3996 768 4042 censu
786 3981 1018 4060 temporanea,
1037 3993 1118 4039 nam
1133 3973 1227 4040 solus
1245 3975 1420 4042 Romanus

241 4083 397 4151 Pontifex
410 4091 525 4171 potest
538 4088 715 4171 imponere
726 4105 869 4151 censum
881 4089 1096 4170 perpetuum.

245 4272 248 4280 Ι
281 4195 313 4258 3ο
328 4195 490 4261 Praelatus
505 4197 656 4281 quilibet,
673 4197 730 4282 qui
742 4196 920 4261 ecclesiam
933 4193 1035 4278 pleno
1045 4197 1123 4278 jure
1140 4193 1203 4257 sibi
1231 4193 1421 4277 subjectam

242 4309 277 4368 et
288 4305 561 4388 jurisdictionem
576 4304 804 4390 episcopalem
817 4306 854 4412 ip
867 4305 943 4370 loco
957 4303 1071 4381 habet,
1088 4301 1209 4368 saltem
1232 4320 1311 4368 cum
1333 4301 1422 4366 limi-

243 4413 428 4477 tationibus
441 4431 544 4497 supra
557 4413 734 4478 recensitis
749 4413 863 4497 quoad
875 4413 1063 4496 episcopos.

281 4521 315 4584 t·
329 4519 496 4586 Patronus
508 4521 544 4584 in
557 4521 674 4584 limine
689 4521 909 4612 fundationis,
928 4519 970 4583 de
989 4537 1160 4584 consensu
1175 4518 1334 4604 episcopi,
1352 4535 1424 4584 non

244 4635 360 4695 autern
374 4631 410 4694 in
426 4635 506 4713 post
519 4632 608 4695 lacta
621 4631 659 4714 (c.
677 4632 706 4706 7,
724 4631 763 4694 lb
777 4631 810 4694 h.
829 4635 851 4693 t.
870 4633 906 4692 et
917 4647 945 4694 c.
961 4629 1000 4692 13
1015 4629 1056 4693 de
1070 4629 1151 4692 ture
1160 4629 1279 4714 potu).

285 4741 311 4822 c)
328 4739 419 4822 Quid
425 4740 545 4826 probet
559 4748 591 4804 et
600 4741 768 4828 qctomoclo
777 4739 941 4827 probetur
954 4739 1097 4805 constes?
1120 4739 1151 4804 1⁰
1176 4737 1223 4804 ux
1244 4737 1317 4805 sola
1337 4755 1423 4823 prae·

952 4841 960 4874 t
