3504 5568
376 499 436 572 tat
838 517 891 572 tos
911 517 1091 572 caaoutcott.

375 649 541 728 perpetuo
561 642 727 709 excedere
751 647 890 708 centum
913 648 1011 708 scuta
1032 646 1092 707 aut
1109 641 1199 706 inira
1213 637 1463 724 quinquaginta
1479 637 1556 706 des·

376 752 533 818 candere.
544 751 578 816 Si
588 753 718 816 tructus
728 752 833 816 annui
846 751 998 816 ecclesia
1009 769 1079 816 non
1093 748 1299 815 excederent
1307 749 1557 832 quinquaginta

377 865 483 936 scuta,
496 877 617 924 omnes
631 858 847 942 relinquendi
862 864 980 924 essent
993 858 1131 933 vicario,
1148 875 1227 921 cum
1241 855 1285 922 ad
1299 873 1417 920 curam
1428 857 1558 922 anima-

376 985 464 1042 rum,
487 985 590 1050 quam
608 967 697 1048 gerit
715 967 873 1043 vicarius,
889 967 1021 1032 fructus
1034 966 1193 1049 primitus
1205 965 1370 1046 assignati
1381 963 1459 1028 sint.
1477 962 1556 1040 Sed,

376 1077 415 1138 ut
427 1091 488 1157 per
502 1093 538 1138 sa
552 1079 657 1157 patet,
673 1075 746 1140 haec
760 1075 899 1152 taxatio,
915 1076 1006 1140 facta
1019 1093 1081 1157 pro
1096 1073 1221 1140 saeculo
1237 1093 1299 1147 xvi,
1316 1072 1418 1138 hodie
1438 1076 1494 1136 est
1507 1071 1557 1135 in-

377 1181 550 1246 sufficiens
566 1186 602 1245 et
614 1181 775 1248 irrisorie.

416 1289 448 1352 2⁰
463 1289 605 1354 Nomine
627 1289 744 1354 vicarii
765 1291 820 1354 hic
842 1289 1060 1357 directanee
1081 1289 1178 1355 venit
1198 1289 1344 1373 simplex
1364 1288 1554 1371 coadjutor,

376 1397 437 1462 sed
451 1396 507 1461 ille
525 1397 583 1482 qui
597 1403 675 1464 actu
690 1398 780 1479 gerit
800 1417 918 1464 curam
934 1399 1137 1464 animarum.
1154 1397 1314 1462 Attamen
1336 1397 1477 1461 minime
1498 1397 1558 1461 du-

375 1503 471 1569 bium
487 1509 550 1582 eat,
567 1505 650 1589 quin
672 1505 843 1590 simplices
861 1512 1101 1590 cooperatores
1121 1507 1179 1589 jus
1196 1505 1346 1570 habeant
1365 1503 1408 1569 ad
1427 1505 1554 1569 hones·

376 1617 447 1678 tam
461 1614 763 1690 sustentationem
782 1631 864 1678 nam
878 1615 936 1678 ubi
952 1613 1073 1680 eadem
1087 1619 1141 1678 est
1152 1613 1250 1690 ratio,
1267 1612 1388 1677 eadem
1403 1617 1456 1676 est
1467 1612 1556 1695 juris

377 1719 555 1804 Montio
569 1739 580 1784 2
594 1720 672 1786 ideo
694 1722 862 1785 hacteuus
883 1721 973 1786 dicta
992 1721 1033 1785 de
1054 1720 1180 1785 vicario
1201 1719 1397 1804 parochiali,
1412 1723 1559 1802 possunt

375 1827 519 1910 intelligi
542 1829 647 1894 etiam
671 1829 713 1894 de
729 1829 1018 1913 maioribus.
1041 1829 1269 1894 Confirmatur
1294 1829 1374 1912 quia
1392 1827 1558 1892 Innocen-

375 1933 571 2000 tiuslllllin
589 1941 698 2001 const.
715 1937 901 2020 Apostotiu'
912 1938 1094 2004 mam
1103 1937 1150 2002 ait
1176 1956 1183 1998 :
1206 1960 1222 1994 «
1245 1934 1332 2000 Gara
1345 1935 1410 1999 erit
1428 1935 1556 2018 episco-

375 2043 439 2126 pis,
454 2061 516 2126 pro
537 2043 616 2109 data
631 2043 937 2111 sibia'l'ridentiua
960 2045 1091 2129 synodo
1112 2048 1293 2127 potestate,
1317 2047 1451 2126 partem
1469 2042 1557 2106 lruc·

376 2155 475 2214 tuum
488 2151 659 2234 praedictis
675 2153 927 2236 coadjutoribus
942 2161 1004 2218 aut
1025 2153 1160 2218 vicarias
1179 2150 1426 2234 assignandam
1446 2149 1557 2214 deter-

375 2255 521 2334 minare,
543 2259 580 2324 in
604 2279 646 2326 ea
668 2261 857 2346 quantitate
886 2278 962 2346 quae
982 2277 1045 2344 pro
1073 2277 1136 2324 suo
1163 2257 1325 2342 prudenti
1352 2256 1498 2322 arbitrio
1521 2259 1557 2320 et

375 2365 586 2432 conscientia
609 2368 819 2434 conveniens
857 2368 1085 2444 videbitur...,
1107 2365 1270 2450 inspectis
1304 2363 1556 2430 conditionibus

376 2469 452 2546 loci,
463 2491 607 2541 numero
622 2475 826 2552 animarum,
843 2475 1032 2560 quantitate
1046 2491 1285 2558 expensarum.
1299 2498 1314 2530 η
1326 2472 1434 2554 lgitur
1446 2471 1557 2536 deter-

377 2577 520 2646 minatio
546 2581 745 2665 quantitatis
762 2581 805 2646 ad
827 2581 1027 2666 episcopum
1050 2585 1199 2665 spectat;
1216 2585 1251 2644 et
1273 2578 1393 2661 regula
1415 2579 1457 2644 ab
1480 2577 1555 2661 ipso

378 2687 554 2772 sequenda
588 2688 769 2754 exhibetur
793 2689 831 2753 in
860 2689 989 2754 ultimis
1017 2689 1131 2754 verbis
1162 2693 1270 2752 const.
1294 2685 1555 2751 innocentiana

288 2827 293 2842 ·
378 2811 482 2876 supra
494 2793 621 2872 relatis,
638 2801 732 2861 etex
746 2796 843 2861 dictis
859 2796 998 2880 deipsis
1014 2797 1182 2880 parochis.

377 3005 420 3060 m.
432 3004 473 3060 Ad
483 3017 570 3073 quem
583 3005 746 3072 pertineant
757 3006 877 3070 tructus,
888 3007 1017 3061 raddltus
1027 3006 1157 3062 nondum
1166 3005 1293 3072 percepti
1304 3005 1334 3058 et
1344 3003 1556 3058 melloratlcnas

775 3079 856 3132 tactae
869 3079 901 3131 ln
915 3081 1001 3132 rebus
1014 3079 1159 3132 ecclesie?

419 3227 452 3310 a)
476 3227 650 3309 Quomch
679 3227 799 3294 divisio
826 3229 1004 3310 fructuum
1027 3227 1190 3312 socianda
1213 3227 1284 3292 sit?
1309 3227 1410 3292 Juxta
1428 3223 1554 3310 plures,

379 3334 500 3402 divisio
521 3335 677 3402 iacienda
696 3341 749 3402 est
768 3337 858 3402 inter
877 3337 1084 3402 beneficiarii
1103 3337 1257 3402 haeredes
1273 3339 1308 3400 et
1323 3351 1557 3401 successorem

378 3445 414 3510 in
437 3445 619 3523 beneflcio,
634 3463 696 3530 pro
719 3451 793 3510 rata
814 3445 978 3529 temporis
995 3465 1002 3508 :
1018 3445 1105 3510 ratio
1131 3449 1199 3521 est,
1217 3443 1297 3528 quia
1319 3443 1557 3509 beneficiarius

379 3552 422 3618 ad
435 3554 566 3618 fructus
577 3572 639 3638 pro
656 3559 808 3638 tempore
821 3553 949 3619 servitii
965 3555 1018 3618 aui
1027 3555 1101 3638 jam
1112 3554 1216 3619 habet
1226 3555 1296 3636 jus,
1308 3552 1401 3637 quod
1415 3551 1556 3636 proinde

379 3662 579 3726 transmittit
591 3661 635 3726 ad
648 3661 814 3727 heredes.

420 3767 485 3832 Sed
495 3771 596 3852 Juxta
610 3767 874 3852 probabiliorem
889 3771 1107 3846 senteutiam,
1124 3789 1245 3835 omnes
1260 3773 1390 3836 fructus
1406 3768 1558 3853 penden-

380 3881 443 3952 tes,
458 3893 498 3940 ac
512 3873 666 3942 nondum
681 3893 702 3940 a
716 3875 789 3941 solo
812 3877 971 3959 separati,
987 3881 1022 3940 et
1041 3877 1194 3942 redditus
1214 3877 1373 3952 inexacti,
1390 3875 1434 3942 ad
1454 3875 1558 3940 bene-

380 3982 496 4048 llciarii
520 4001 753 4048 successorem
773 3984 956 4066 pertinent.
974 3983 1150 4065 Colligitur
1168 4003 1212 4048 ex
1232 3989 1341 4050 const.
1366 3985 1385 4048 7
1408 3981 1485 4046 Julii
1500 3981 1554 4058 lll,

379 4093 581 4157 confirmata
599 4093 642 4157 ah
664 4091 799 4158 Urbano
822 4091 893 4156 vlll
912 4091 1020 4176 (april.
1045 4093 1146 4173 lata),
1167 4093 1203 4156 in
1217 4112 1285 4177 qua
1307 4109 1469 4176 expresse
1492 4089 1559 4155 hoc

380 4195 585 4276 declaratur;
608 4203 644 4264 et
664 4199 738 4266 baec
760 4204 870 4266 const.
887 4199 1023 4264 videtur
1044 4199 1081 4264 in
1103 4203 1177 4266 toto
1200 4199 1283 4266 orbe
1308 4203 1477 4264 terrarum
1499 4200 1557 4282 jus

379 4304 502 4371 lacere.
525 4305 623 4372 Ratio
642 4306 828 4374 intrinseca
844 4311 908 4384 est,
923 4307 1003 4392 quia
1019 4309 1078 4391 jus
1102 4306 1311 4392 percipiendi
1332 4307 1463 4372 fructus
1485 4305 1557 4370 aive

379 4409 553 4479 naturales
568 4414 641 4480 sive
655 4415 772 4481 civiles
786 4415 822 4480 iu
838 4414 998 4481 detuncto
1013 4415 1141 4493 linitur,
1159 4419 1194 4480 et
1212 4413 1449 4480 beuellciarius
1467 4431 1558 4478 oom-

378 4527 518 4604 paratur
531 4525 1032 4609 usufructuariaquinonraoit
1044 4526 1176 4590 fructus
1190 4542 1283 4601 suos,
1297 4541 1362 4590 nec
1376 4541 1436 4588 eos
1449 4527 1557 4586 trans-

379 4629 494 4710 mittit,
507 4631 574 4696 nisi
588 4651 675 4718 quoa
689 4633 725 4700 in
745 4635 817 4699 vita
835 4635 1034 4720 perceperit.
1049 4633 1176 4700 'lamen
1200 4630 1447 4700 consuetudine
1473 4630 1557 4714 legi-
