3488 5564
527 621 615 668 trare
636 623 787 670 secaneos
809 621 1030 668 necessarior.
1328 600 1368 666 ld

187 755 265 802 cum
294 736 460 821 spoliatus
488 743 567 804 aute
596 741 712 804 omnia
742 741 786 806 sit
817 737 1065 812 restituendus,
1093 740 1193 822 juxta
1226 737 1368 802 allatum

186 845 273 928 juris
291 866 299 920 ;

227 954 260 1016 2⁰
268 953 378 1020 Causa
393 955 547 1039 depositi,
559 977 634 1040 quea
650 962 702 1020 est
716 956 928 1039 privilegiata
940 957 983 1020 oh
997 955 1253 1020 exuberantiam
1270 955 1367 1019 bonta

188 1061 269 1126 fidei
288 1082 392 1146 quarn
407 1065 586 1147 supponit;

228 1171 260 1232 3·
276 1169 387 1236 Causa
401 1170 652 1254 appellationis3
666 1191 744 1236 nam
761 1172 870 1256 judex
883 1169 1119 1255 appellationis
1134 1169 1231 1233 unice
1248 1168 1290 1232 ad
1305 1168 1369 1232 hoc

189 1277 326 1358 eligitur
341 1283 379 1342 ut
393 1280 557 1362 approbet
582 1278 637 1343 vel
657 1279 821 1344 reformet
839 1278 1045 1343 sententiam
1063 1277 1188 1360 judicis
1207 1275 1370 1360 inprime

189 1385 360 1450 sententia
382 1406 389 1458 ;

227 1491 261 1554 4⁰
281 1491 390 1558 Causa
409 1492 607 1568 criminalis;
625 1493 685 1557 sed
705 1511 791 1576 opus
807 1497 860 1556 est
878 1493 1094 1557 distinctione
1110 1512 1116 1554 :
1135 1492 1165 1554 l⁰
1180 1491 1366 1556 Accusatus

189 1599 410 1664 criminaliter
429 1601 548 1685 nequit
561 1599 707 1666 alterum
722 1601 942 1666 reconvenire
959 1598 1189 1674 criminaliter,
1208 1600 1371 1682 quianon

189 1707 438 1784 criminatione,
456 1708 516 1773 sed
537 1709 741 1774 innocentiae
765 1709 965 1792 probatione
990 1726 1069 1771 reus
1092 1709 1266 1789 purgatur.
1286 1705 1369 1782 lmo‚

188 1817 225 1879 ἑο
249 1834 312 1880 nec
339 1815 492 1892 civiliter,
523 1815 602 1899 quia
627 1794 735 1880 causa
755 1815 948 1891 criminalis,
965 1819 1004 1878 ut
1030 1815 1140 1895 magis
1167 1813 1370 1898 principalia,

190 1923 291 1990 silere
316 1924 396 1989 facit
415 1923 561 1989 civilem.
586 1925 652 1990 Sed
675 1927 708 1990 3⁰
733 1930 923 1990 conventus
944 1943 1047 2008 super
1070 1922 1192 1988 delicto
1216 1921 1370 1996 civiliter,
1395 1913 1398 1922 ’

189 2031 414 2096 reconvenire
428 2037 543 2115 potest
557 2037 709 2098 actorem
727 2033 956 2108 criminaliter,
981 2031 1061 2115 quia
1074 2050 1177 2096 causa
1190 2029 1373 2094 criminalis

191 2143 246 2204 est
258 2139 473 2222 privilegiata
492 2145 526 2204 et
539 2141 634 2224 prius
646 2141 832 2216 tractanda,
848 2141 896 2204 ita
911 2145 949 2204 ut
963 2159 1067 2222 super
1079 2157 1182 2204 causa
1195 2137 1285 2204 civili
1298 2156 1374 2202 seu·

192 2248 301 2312 tentia
314 2248 395 2312 ferri
407 2267 478 2312 nou
492 2249 600 2331 possit
614 2248 807 2334 usquedum
820 2250 1079 2332 pronuntiatum
1090 2266 1194 2330 super
1207 2244 1374 2312 criminali

192 2354 351 2438 opposita
371 2374 392 2420 a
414 2374 473 2420 reo
497 2357 610 2420 tuerit.
628 2356 678 2420 lta
696 2357 925 2422 communiter
938 2357 1003 2420 DD.
1023 2359 1057 2420 et
1071 2356 1274 2440 interpretes
1287 2354 1375 2437 juris

194 2461 293 2528 Rom.

491 2591 534 2642 tv.
551 2591 604 2654 Qui
620 2589 678 2644 sint
695 2591 811 2644 allectus
830 2589 1075 2644 recorrectionis?

235 2733 323 2796 Sunt
346 2733 412 2797 duo
430 2753 437 2795 :
457 2733 589 2798 Primus
611 2735 753 2800 allectus
774 2741 827 2800 est
840 2733 1037 2818 prorogatio
1060 2733 1316 2816 jurisdictionis,
1334 2753 1377 2796 ex

193 2841 270 2924 ipsa
293 2839 370 2922 lege
399 2841 628 2920 descendens;
650 2843 697 2908 ita
724 2863 884 2927 expresse
909 2846 966 2926 jus
989 2841 1086 2907 Rom.
1104 2843 1303 2906 etcanonic.
1325 2841 1378 2922 (de

192 2949 370 3034 reserat,
394 2951 429 3014 in
444 2951 499 3033 6⁰),
515 2955 550 3016 et
568 2954 654 3016 ratio
674 2957 726 3016 est
741 2951 820 3036 quia
841 2955 935 3015 actor
948 2953 1176 3014 reconventus
1194 2950 1378 3032 peripsam

193 3057 500 3122 reconventionem
515 3057 562 3122 ita
572 3060 679 3142 judici
695 3061 872 3143 subjicitur
885 3077 1000 3124 eoram
1015 3077 1082 3142 quo
1095 3074 1234 3121 causam
1248 3057 1329 3138 agit,
1341 3051 1379 3118 'ut

193 3165 231 3229 in
246 3184 351 3230 causa
365 3167 641 3232 reconventionis
658 3187 737 3232 eum
754 3187 911 3233 recusare
926 3169 1084 3250 nequeat.

237 3272 414 3336 Secundus
438 3273 579 3339 allectus
605 3280 656 3339 est
678 3295 859 3360 processus
886 3273 1140 3340 simultaneus:
1168 3273 1248 3358 quia
1277 3289 1380 3336 eausa

194 3381 475 3445 reconventionis
491 3381 593 3446 simul
607 3401 686 3448 oum
701 3402 803 3448 causa
816 3383 1054 3448 conventionis
1068 3379 1243 3444 tractanda
1262 3383 1324 3454 est,
1343 3383 1378 3442 et

196 3506 267 3551 una
277 3489 449 3552 sententia
463 3490 576 3570 quoad
589 3490 815 3572 prolationem
834 3489 1058 3564 terminanda,
1072 3508 1114 3552 ne
1125 3487 1255 3552 eaedem
1266 3491 1380 3570 partes

197 3593 301 3658 simul
324 3614 439 3658 coram
458 3595 602 3660 diversis
622 3597 793 3680 Judicibus
818 3597 1034 3682 dispendiose
1054 3593 1186 3676 litigare
1202 3598 1378 3676 cogantur.

197 3701 358 3766 Attamen
377 3701 456 3767 licet
479 3705 579 3768 unica
600 3707 769 3770 sententia
791 3710 934 3788 utraque
958 3721 1062 3770 causa
1076 3702 1288 3776 terminetur,
1306 3719 1382 3764 sen-

198 3809 308 3872 tentia
329 3807 519 3874 virtualiter
542 3809 668 3894 duplex
689 3817 750 3888 est,
780 3832 848 3877 una
872 3813 960 3877 eirca
983 3811 1258 3883 conventionem,
1276 3807 1382 3871 altera

198 3917 288 3981 circa
302 3918 615 3982 reconventionem.
633 3919 886 3998 Verumtamen,
904 3925 942 3983 ut
964 3917 1185 3983 reconventio
1199 3915 1262 3980 hos
1283 3915 1383 3979 ellec-

144 4059 149 4066 ·
199 4028 256 4086 tus
271 4029 442 4106 operetur,
457 4025 558 4090 debet
571 4028 715 4111 proponi
730 4029 804 4111 ipso
817 4028 886 4092 litis
900 4027 1049 4102 exordio,
1063 4031 1122 4090 eut
1134 4023 1255 4087 saltem
1268 4022 1383 4086 statim

199 4135 279 4214 post
291 4127 360 4193 litis
375 4135 675 4210 contestationem;
692 4136 720 4198 si
735 4155 817 4200 vero
840 4139 960 4219 postea
980 4135 1178 4198 moveretur
1196 4147 1383 4194 reconven-

201 4239 260 4314 tio,
277 4255 349 4302 non
361 4237 504 4303 haberet
517 4241 583 4304 nisi
598 4241 758 4307 effectum
775 4242 1036 4326 prorogationis,
1053 4260 1096 4304 ne
1111 4256 1223 4304 caussa
1235 4255 1382 4302 conven-

201 4345 306 4409 tionis
321 4345 446 4412 decisio
466 4365 544 4412 cum
565 4349 689 4416 damno
709 4351 831 4417 actoris
848 4349 1075 4440 praepedietur
1096 4349 1134 4430 (c.
1152 4348 1182 4420 3,
1197 4345 1238 4409 de
1253 4345 1376 4423 liesca,

202 4451 237 4518 in
252 4451 307 4534 θ’).
