3504 5572
563 529 651 609 ursan
671 563 797 612 rennos
818 563 1037 612 occurremur.
1332 546 1387 614 381

215 681 319 747 ditate
334 685 476 764 paterna
489 679 545 745 vel
560 686 731 760 materna;
742 687 888 766 possunt
900 687 1033 747 tantum
1047 681 1198 764 accipere
1211 681 1389 748 alimenta:

215 790 263 855 ita
276 793 338 854 art.
357 789 427 854 762.

254 898 287 962 4⁰
299 898 316 962 J
320 915 359 962 us
378 897 571 964 Romanum
586 903 620 962 et
633 898 835 963 canonicum
850 898 1016 964 nonnulla
1031 898 1161 964 addunt
1169 899 1240 982 juri
1256 898 1390 976 Gallico,

216 1023 291 1089 que
307 1005 463 1071 ordinem
475 1004 642 1071 moralem
653 1011 868 1090 promovent.

255 1113 443 1198 Utrumque
461 1116 520 1198 jus
541 1113 720 1196 distinguit
743 1116 847 1179 etiam
875 1115 965 1178 iuter
990 1115 1123 1198 spurios
1148 1119 1183 1178 et
1206 1117 1389 1180 naturales.

215 1221 343 1306 Spurii,
355 1222 544 1286 secundum
554 1225 611 1306 jus
623 1221 733 1297 civile,
747 1221 906 1286 dicuntur
917 1223 973 1307 qui
984 1225 1055 1288 nati
1069 1227 1149 1286 sunt
1159 1241 1202 1285 ex
1213 1223 1391 1287 meretrice

215 1329 364 1412 puhlice;
381 1329 569 1394 secundum
583 1332 640 1412 jus
665 1328 941 1406 ecclesiasticum,
959 1330 1018 1414 qui
1038 1329 1145 1411 geniti
1165 1334 1245 1392 sunt
1259 1349 1302 1394 err
1318 1349 1393 1393 mu-

215 1437 298 1503 liere
314 1457 460 1523 quacum
473 1457 537 1504 uec
553 1439 796 1521 conceptionis,
810 1457 873 1504 uec
883 1440 1070 1504 nativitatis
1086 1437 1201 1522 prolis,
1217 1455 1280 1502 nec
1290 1440 1393 1503 etiam

216 1551 370 1631 tempore
393 1548 609 1625 intermedio,
642 1549 900 1613 matrimonium
924 1548 1111 1614 consistere
1136 1547 1258 1630 potuit.
1284 1546 1388 1631 (conr.

216 1654 267 1718 tit.
284 1675 346 1718 xvu
361 1655 418 1720 lib.
434 1655 469 1738 Ι).

257 1762 397 1846 Spuriis,
417 1765 458 1829 de
470 1768 548 1848 jure
562 1765 664 1844 civili,
679 1767 761 1832 nihil
777 1771 869 1832 esset
883 1765 1033 1830 dandum
1048 1785 1068 1830 a
1081 1769 1188 1848 patre,
1198 1765 1233 1828 in
1249 1765 1394 1831 detesta-

217 1873 345 1937 tionem
359 1875 443 1940 tauti
459 1875 612 1952 sceleris;
625 1882 671 1956 ct,
683 1877 810 1961 dejure
826 1875 1001 1951 canonico,
1019 1875 1068 1938 eis
1083 1874 1393 1958 relinquendosunt

215 1979 387 2047 alimenta.
400 1981 466 2046 Sed
478 1967 655 2067 aequaliter
668 2002 748 2049 cum
760 1984 973 2050 naturalibus
985 1989 1020 2048 et
1034 1983 1195 2064 legitimis
1209 1983 1393 2048 succedunt

216 2091 327 2154 matri.
345 2090 421 2156 llaec
431 2093 600 2158 successio
611 2092 867 2174 illegitimorum
878 2091 1001 2156 dicitur
1013 2089 1208 2173 irregularis
1221 2109 1281 2156 seu
1298 2095 1394 2156 extra

216 2197 311 2280 leges
322 2199 483 2282 legitimae
499 2201 736 2266 successionis.

257 2316 284 2390 c)
298 2307 551 2374 Descendentes
570 2309 757 2374 liberorum
778 2309 966 2374 succedunt
988 2309 1075 2373 sicut
1092 2309 1157 2392 ipsi
1175 2307 1273 2372 liberi
1293 2309 1393 2392 primi

217 2417 344 2498 gradus
361 2439 368 2480 :
384 2418 432 2484 ita
452 2436 554 2484 omne
575 2421 644 2502 jus,
662 2419 838 2502 speciatim
853 2423 915 2482 art.
932 2418 992 2481 rto
1013 2417 1092 2482 God.
1109 2418 1173 2482 civ.
1189 2416 1258 2482 Hoc
1279 2421 1394 2481 tamen

217 2525 396 2590 intercedit
417 2526 599 2592 discrimen
620 2528 710 2591 inter
730 2527 855 2592 liberos
876 2527 977 2609 primi
999 2526 1126 2608 gradus
1143 2529 1178 2590 et
1192 2525 1394 2590 remotiores

219 2633 476 2711 descendentes,
494 2635 586 2720 quod
604 2635 735 2718 priores
759 2634 947 2699 succedunt
966 2634 1003 2698 in
1022 2635 1132 2716 capita
1144 2639 1179 2698 et
1195 2633 1251 2696 isti
1267 2633 1302 2695 in
1322 2633 1395 2696 stir-

217 2760 279 2825 pes
295 2742 396 2826 (idem
415 2749 477 2810 ert.
495 2745 575 2826 itt).
595 2744 750 2810 Gaudent
765 2763 847 2826 ergo
863 2747 942 2828 jure
961 2743 1287 2828 repraesentationis,
1304 2742 1396 2827 quod

218 2850 371 2932 procedit
382 2851 419 2916 in
432 2853 606 2920 inlinitum
620 2872 679 2919 seu
697 2853 739 2918 ad
755 2859 887 2919 certum
905 2853 1050 2935 gradum
1065 2869 1135 2916 non
1154 2849 1393 2931 restringitur:

218 2958 267 3024 ita
280 2965 342 3024 art.
359 2960 428 3024 tto.

259 3067 526 3151 Repraesentatio
540 3069 675 3154 proprie
692 3070 780 3135 dicta
799 3087 869 3134 non
884 3069 976 3135 idern
991 3075 1044 3133 est
1057 3085 1096 3132 ac
1110 3067 1342 3142 transmissio;
1358 3065 1397 3129 sst

220 3175 365 3258 simplex
392 3177 616 3253 transmissio,
641 3176 778 3261 quando
802 3177 983 3242 defunctus
1012 3175 1083 3240 suis
1105 3174 1297 3239 haeredihus
1318 3177 1398 3256 jura

220 3285 390 3359 transfert,
409 3303 484 3368 quae
496 3285 569 3368 ipse
582 3287 655 3368 jam
669 3285 802 3360 habuit;
818 3285 964 3349 hahetur
976 3282 1245 3365 repraesentatio,
1259 3281 1396 3365 quando

221 3391 466 3458 descendentes
489 3394 639 3458 defuncti
656 3395 736 3476 jura
750 3399 917 3476 occupant
938 3393 974 3456 in
995 3391 1221 3468 successione,
1236 3409 1310 3474 quae
1325 3391 1396 3474 ipse

222 3499 401 3566 defunctus
427 3521 497 3568 non
524 3503 653 3580 habuit,
672 3503 808 3588 quando
835 3503 909 3586 ipsa
936 3501 1105 3566 successio
1136 3499 1289 3566 nondum
1325 3505 1398 3564 erut

221 3613 348 3690 aperta.

382 3793 414 3842 ll.
430 3791 621 3844 ascendentes
636 3791 665 3844 et
679 3790 854 3844 collaterales
869 3801 926 3856 qua
940 3789 1050 3843 ratione
1064 3789 1236 3842 succedant?

262 3933 286 3998 l.
314 3935 435 4016 Quoad
452 3937 678 4001 ascendentes.
701 3939 732 4000 l⁰
748 3937 782 4000 Si
803 3937 983 4001 defunctus
1008 3941 1087 4019 post
1105 3953 1142 3999 se
1163 3933 1275 3999 nullos
1297 3935 1398 3999 relin-

223 4044 296 4126 quit
312 4044 569 4123 descendentes,
586 4047 628 4110 ab
642 4045 804 4110 intestato
820 4044 1007 4110 succedunt
1018 4049 1116 4127 pater
1130 4049 1164 4108 et
1177 4048 1297 4120 mater,
1313 4062 1397 4108 avus

223 4157 258 4215 et
271 4152 357 4229 avia,
376 4159 452 4231 etc,
468 4159 603 4220 servata
615 4158 731 4219 tamur
745 4153 915 4236 graduum
928 4152 1165 4236 praerogativa,
1178 4152 1225 4216 ita
1238 4155 1275 4215 ut
1287 4152 1398 4234 proxi-

222 4264 348 4328 miores
380 4263 488 4345 gradu
522 4263 705 4330 excludant
731 4282 791 4328 eos
818 4264 875 4347 qui
902 4263 1105 4328 remotiores
1143 4266 1233 4324 sunt.
1262 4259 1398 4326 Nullum

222 4372 411 4437 admittitur
441 4375 499 4455 jus
534 4371 845 4455 repraesentationis
877 4371 913 4436 in
947 4371 1100 4435 levorem
1141 4368 1398 4433 ascendentium

143 4562 147 4573 ‚
223 4481 296 4564 (art.
315 4480 395 4562 tlt).
416 4481 535 4556 Quoad
548 4480 717 4544 rationem
733 4477 969 4554 successionis,
984 4483 1082 4561 pater
1096 4483 1131 4543 et
1153 4483 1263 4543 mater
1286 4495 1398 4542 succe-

224 4587 309 4653 dunt
320 4589 356 4652 in
368 4588 489 4672 capita,
505 4589 560 4654 avi
574 4605 657 4653 vero
673 4592 707 4652 et
721 4588 805 4652 aries
820 4587 855 4651 in
871 4585 994 4669 stirpes
1010 4607 1017 4649 :
1034 4587 1081 4652 ita
1094 4591 1172 4670 post
1181 4589 1238 4669 jus
1252 4585 1394 4651 Romen.

224 4703 285 4762 art.
304 4698 363 4761 rto
379 4695 457 4762 Cod.
472 4698 535 4762 civ.
