3510 5574
826 597 879 644 tus
899 597 1080 644 canonicus.

487 822 504 893 5
523 824 544 878 i.
566 821 605 880 iic
625 820 714 879 sutus
737 820 877 878 senate
895 833 962 894 quc
979 819 1110 880 aioenari
1126 829 1268 893 possenti,
1289 823 1335 881 uei
1352 837 1423 883 non.

679 1007 698 1058 i.
718 1003 791 1067 Quid
807 1004 924 1058 nomine
939 1015 1035 1058 rerum
1052 1005 1098 1058 bio
1111 1005 1224 1060 veniat?

405 1149 436 1212 1ο
449 1148 515 1213 Res
531 1146 687 1212 Ecclesiae
702 1145 777 1211 alise
797 1151 877 1210 suut
895 1147 1100 1230 corporales,
1118 1146 1193 1213 aliae
1209 1149 1453 1235 incorporalem
1474 1170 1547 1217 cor-

364 1256 499 1339 porales
512 1255 671 1320 dicuntur
684 1274 739 1319 res
754 1273 829 1339 quae
850 1256 1007 1320 sensibus
1029 1256 1172 1322 internis
1192 1259 1428 1341 subjiciuntur,
1454 1280 1486 1324 v.
1511 1279 1544 1342 g.

365 1365 448 1447 agri,
460 1363 634 1450 pecuniae;
651 1364 892 1447 incorporales,
905 1383 980 1450 quse
992 1364 1066 1431 solo
1076 1353 1549 1452 intellectuperoipiuntur,ut

367 1479 447 1556 supt
458 1477 547 1556 Jura.

405 1583 437 1646 9⁰
466 1582 533 1646 Res
558 1581 754 1666 corporales
781 1581 925 1646 ulterius
948 1581 1215 1646 subdividuntur
1234 1583 1270 1648 in
1299 1583 1492 1650 immobiles
1515 1591 1550 1650 et

366 1689 521 1756 mobiles.
541 1689 736 1756 immobiles
749 1695 830 1756 sunt
842 1707 919 1774 quae
936 1689 1012 1754 loco
1035 1691 1167 1755 moveri
1183 1697 1381 1775 nequeunt;
1404 1693 1550 1758 mobiles

367 1818 460 1876 vero,
484 1818 561 1886 quae
583 1800 624 1864 de
645 1799 721 1864 loco
741 1799 874 1864 moveri
896 1803 1051 1881 possunt.
1076 1797 1142 1863 lies
1160 1799 1353 1865 immobiles
1374 1800 1448 1866 aliae
1471 1809 1552 1866 sunt

368 1909 561 1974 immobiles
579 1907 790 1982 naturaliter,
819 1908 943 1992 quibus
958 1913 1082 1972 natura
1095 1897 1341 1992 impedimento
1356 1915 1410 1976 est
1421 1913 1552 1994 quomi-

369 2037 434 2082 nus
452 2017 584 2082 moveri
606 2016 750 2100 possint,
768 2015 957 2092 uitandus,
978 2015 1119 2092 domus3
1142 2016 1216 2080 aliae
1231 2035 1314 2084 vero
1335 2023 1416 2082 sunt
1430 2021 1552 2084 immo-

368 2127 452 2194 biles
469 2127 623 2203 civiliter‚
644 2145 721 2212 quae
741 2124 821 2190 licet
843 2145 886 2190 ex
908 2129 1031 2190 natura
1050 2143 1113 2193 sua
1126 2127 1258 2190 moveri
1273 2129 1417 2212 possint,
1436 2135 1554 2194 tamen

369 2236 449 2318 quia
463 2235 642 2300 destinatae
657 2240 738 2300 sunt
751 2235 795 2302 ad
809 2240 1011 2319 perpetuam
1030 2217 1216 2300 utilitatem
1238 2235 1295 2300 vel
1311 2241 1554 2302 ornamentum

369 2345 418 2408 rei
433 2343 629 2420 immobilis,
646 2363 690 2410 ex
704 2361 850 2409 censura
860 2343 949 2426 juris
962 2361 1024 2427 pro
1038 2343 1271 2408 immobilibus
1286 2349 1498 2429 reputantur,
1516 2351 1556 2409 ut

369 2471 400 2514 v.
418 2471 451 2534 g.
468 2457 586 2535 portae,
602 2455 773 2530 fenestrae,
784 2459 847 2519 eto.

409 2561 443 2624 3ο
457 2561 523 2626 Res
537 2561 731 2628 immobiles
744 2567 826 2627 sunt
839 2562 896 2627 vel
910 2563 1027 2644 magni
1042 2564 1210 2628 momenti
1231 2581 1292 2627 seu
1314 2581 1449 2646 magnae
1467 2564 1557 2628 utili-

373 2675 462 2752 tstis‚
475 2673 531 2739 vel
541 2671 658 2754 exigui
666 2672 842 2736 momenti.
855 2671 1045 2738 Discrimen
1053 2672 1143 2736 inter
1152 2671 1227 2736 illas
1238 2674 1315 2755 jure
1329 2689 1399 2736 non
1414 2673 1557 2738 omnino

374 2784 545 2858 delinitur,
564 2781 711 2865 ideoque
729 2781 919 2864 prudentiae
936 2781 1060 2866 judicis
1075 2780 1279 2866 relinquitur
1298 2779 1480 2845 distinctio.
1509 2783 1558 2846 Si-

375 2891 500 2956 militer
516 2909 572 2954 res
593 2887 738 2954 mobiles
760 2887 814 2953 vel
838 2893 920 2953 sunt
935 2889 1130 2971 iungibiles,
1155 2907 1230 2974 quae
1256 2909 1324 2955 uno
1346 2909 1411 2954 usu
1434 2908 1559 2954 consu-

374 3005 535 3077 muntur,
564 3003 599 3064 et
628 2997 796 3064 servando
826 2999 954 3064 servari
976 3003 1171 3084 nequeunt,
1203 3003 1241 3062 ut
1267 2999 1398 3076 vinum,
1429 2999 1557 3077 oleum,

376 3110 610 3186 trumentum3
630 3109 685 3174 vel
700 3107 897 3184 servabimus,
913 3127 974 3174 seu
991 3126 1062 3174 non
1082 3108 1276 3190 iungibiles,
1298 3127 1374 3192 quae
1389 3107 1559 3174 servando

376 3217 504 3283 servari
527 3207 690 3301 possunt;
715 3222 749 3282 et
768 3217 842 3282 brec
863 3221 945 3281 sunt
969 3215 1025 3280 vel
1042 3215 1212 3300 pretiosae,
1237 3215 1369 3281 ratione
1393 3215 1557 3294 materiae,

375 3325 468 3403 artis,
486 3325 542 3391 vel
562 3325 784 3410 antiquitatis,
800 3329 840 3390 ut
853 3343 937 3390 vasa
950 3341 1065 3401 aurea,
1080 3327 1218 3401 statuae3
1233 3324 1289 3388 vel
1303 3343 1373 3389 non
1387 3325 1557 3407 pretiosae,

378 3439 415 3498 ut
428 3435 621 3500 communis
637 3433 801 3518 supellex.
821 3435 975 3511 Quantus
988 3432 1084 3498 valor
1099 3433 1293 3516 requiratur
1310 3437 1346 3496 ut
1359 3451 1414 3497 res
1430 3431 1561 3498 dicatur

375 3545 534 3626 pretiosa,
551 3561 622 3610 non
636 3545 848 3609 conveniunt
862 3543 1030 3608 doctores.
1054 3542 1147 3608 Unde
1170 3543 1205 3606 in
1227 3543 1292 3606 hoc
1309 3541 1440 3606 attendi
1459 3541 1561 3606 debet
1657 3533 1661 3542 '

375 3653 589 3718 consuetudo
604 3657 639 3717 et
649 3654 764 3737 praxis
777 3652 942 3718 locorum.

416 3765 449 3828 4⁰
467 3764 534 3829 Res
550 3763 718 3839 Ecclesiae,
739 3763 814 3826 aliae
834 3765 916 3826 sunt
933 3763 1096 3846 profanae,
1114 3781 1189 3847 quae
1211 3767 1292 3827 sunt
1310 3763 1399 3847 juris
1417 3763 1560 3828 humani

379 3879 413 3938 et
439 3873 529 3938 intra
551 3871 811 3946 commercium,
839 3876 878 3934 ut
897 3871 1010 3949 tundi,
1031 3871 1177 3955 praedia;
1199 3871 1274 3937 alte
1299 3889 1403 3936 sacrae
1429 3875 1463 3934 et
1485 3871 1562 3935 reli·

378 3983 500 4064 glosas,
518 4001 593 4065 quae
616 3985 697 4044 sunt
714 3980 802 4063 juris
824 3979 944 4058 divini,
967 3981 1011 4045 ob
1033 3980 1215 4065 specialem
1238 3979 1495 4064 deputationem
1518 3979 1561 4044 ad

379 4091 510 4155 cultum
532 4090 700 4167 divinum,
723 4094 825 4172 atque
844 4089 891 4154 ita
912 4094 1009 4154 extra
1031 4089 1276 4154 commercium
1293 4089 1499 4165 humanum,
1524 4091 1562 4152 ut

380 4198 521 4282 templa,
541 4198 674 4264 calices.

713 4385 744 4436 ii.
762 4387 899 4446 Quanam
915 4397 961 4438 ras
974 4383 1093 4438 alienari
1107 4382 1233 4448 possint?

423 4527 454 4588 1ο
469 4525 663 4590 Generatim
684 4523 717 4588 id
739 4523 867 4608 pendet
886 4543 929 4588 ex
951 4523 1047 4607 praxi
1068 4529 1103 4586 et
1123 4522 1371 4588 consuetudine
1395 4521 1560 4596 locorum,

383 4653 462 4697 cum
489 4631 610 4715 regule
636 4635 753 4716 ajuro
775 4631 916 4696 delinita
939 4649 1009 4696 non
1032 4630 1085 4694 sit.
1104 4629 1143 4694 ln
1158 4630 1270 4713 specie
1287 4635 1402 4696 tamen
1422 4629 1563 4696 alienari

384 4747 529 4826 possunt
551 4761 559 4804 ε
