3504 5568
378 531 438 598 11118
836 552 887 598 sus
907 553 1087 600 1110111111.

379 666 662 744 celebrationem3
679 667 813 748 deinde,
831 670 859 734 si
874 670 1005 736 valeret
1016 673 1071 736 bic
1082 671 1217 746 modus,
1234 669 1377 754 simplex
1392 671 1549 737 sacerdos

381 791 516 860 semper
527 779 643 858 posset
656 777 873 845 reconciliare
886 779 1064 846 ecelesiam
1077 779 1252 864 pollutam.

841 1019 998 1082 SECTlO
1028 1021 1087 1082 111.

463 1169 511 1225 De
526 1172 774 1226 assumtione
790 1174 921 1238 ollula,
938 1175 1065 1238 edula,
1082 1189 1252 1242 campen
1269 1177 1464 1232 stallorum

630 1264 706 1318 quo
723 1253 759 1306 ln
776 1253 940 1308 saerlttelo
957 1255 1069 1306 muso
1086 1251 1301 1309 adhibentur.

844 1448 860 1512 ς
879 1445 900 1500 1.
922 1444 961 1502 lle
979 1443 1083 1504 altori.

664 1617 683 1666 l.
707 1613 847 1676 varietus,
865 1614 987 1667 materia
1004 1615 1033 1668 et
1051 1613 1142 1668 lorma
1161 1615 1266 1668 1111111.

421 1745 453 1824 α)
468 1743 592 1810 Altaria
607 1747 687 1808 sunt
708 1743 849 1826 duplicis
869 1746 1016 1826 generis,
1042 1744 1200 1810 videlicet
1222 1747 1291 1810 lixa
1306 1751 1340 1811 et
1358 1747 1550 1829 portatilia:

380 1854 452 1934 fixo
476 1851 633 1916 dicuntur
656 1869 730 1935 quae
747 1851 880 1917 stabilia
900 1859 990 1929 sunt,
1019 1871 1080 1918 seu
1110 1853 1209 1918 alicui
1234 1853 1309 1918 loco
1333 1853 1554 1920 immobiliter

381 1960 484 2026 alilxn
500 1963 589 2036 sunt,
606 1963 641 2022 et
654 1963 692 2022 ut
708 1959 780 2024 basi
794 1962 975 2042 conjuncta
989 1965 1250 2036 consecrantum
1266 1962 1457 2044 cujusmodi
1472 1963 1553 2027 altn-

381 2067 430 2132 ria
454 2067 621 2133 ordinarie
645 2071 726 2132 nunt
745 2067 781 2132 in
798 2067 957 2132 ecclesiis.
984 2067 1031 2132 Ex
1045 2067 1270 2134 declaratione
1293 2068 1324 2132 S.
1345 2069 1467 2151 Congu.
1484 2069 1550 2136 Rit.

383 2175 421 2239 19
445 2179 529 2260 sept.
557 2175 645 2251 1665,
672 2175 777 2240 altere
801 2178 913 2258 majus
936 2193 997 2259 pro
1029 2176 1170 2240 ecclesia
1192 2178 1423 2243 consecranda
1452 2178 1556 2268 debet

383 2283 523 2348 omnino
542 2301 617 2348 esse
636 2284 754 2360 lixum,
777 2288 812 2348 et
831 2283 933 2348 simul
951 2285 1142 2350 consecrari
1161 2303 1240 2349 oum
1255 2303 1296 2350 ea
1312 2306 1319 2349 :
1336 2292 1554 2351 consecratur

384 2395 493 2454 totum
507 2389 611 2455 altare
625 2391 707 2454 etin
723 2391 873 2474 qnalibet
884 2396 978 2474 parte
995 2409 1122 2455 mensae
1135 2391 1225 2455 illius
1234 2397 1347 2476 potest
1361 2393 1551 2458 sacrificari.

383 2495 563 2562 Portntilia
577 2515 638 2562 seu
653 2497 792 2564 mobilia
806 2503 887 2564 sunt
901 2517 987 2582 qum,
1002 2515 1063 2582 pro
1082 2500 1323 2566 commoditate
1339 2500 1393 2564 rel
1408 2502 1554 2566 necessi-

385 2609 452 2668 tnte
466 2605 649 2670 sacerdotis
669 2604 902 2682 antolianum,
928 2606 1006 2670 binc
1027 2605 1105 2670 inde
1127 2607 1258 2671 moveri
1279 2612 1314 2671 et
1332 2609 1459 2691 portari
1476 2626 1555 2692 pos-

385 2717 465 2776 sunt
478 2731 517 2778 ac
532 2713 653 2790 solent,
669 2717 770 2796 atque
784 2717 823 2778 ut
834 2712 973 2777 mobilia
988 2731 1049 2778 seu
1061 2731 1081 2778 a
1094 2713 1166 2777 basi
1185 2715 1340 2796 sejuncta
1350 2733 1551 2780 consecran-

386 2825 449 2884 tur.
465 2819 789 2886 Tamcnconsecrau'
800 2825 945 2903 possunt
959 2824 997 2884 ut
1010 2820 1115 2885 altare
1130 2821 1238 2885 lixum
1254 2820 1372 2886 alteria
1384 2823 1554 2905 portatilis

385 2927 477 2990 omni
493 2933 643 3010 exparte
658 2927 800 3012 lapidea,
828 2929 856 2992 si
879 2929 926 2993 ite
941 2927 1095 2993 ordinate
1116 2933 1207 3004 sunt,
1224 2933 1262 2992 ut
1285 2927 1400 2994 tabula
1421 2929 1554 3012 lapidea

385 3052 488 3116 super
506 3035 655 3118 stipitem
675 3035 793 3100 itidem
811 3035 983 3118 lapideum
1007 3053 1050 3098 ex
1071 3039 1214 3118 utreque
1237 3041 1331 3119 parte
1357 3044 1551 3120 reponatur,

386 3159 446 3205 seu
469 3143 562 3208 omni
579 3161 621 3206 ex
635 3149 730 3228 parte
745 3145 914 3227 stipitibus
934 3143 1105 3208 adhaereat
1123 3143 1167 3226 (S.
1185 3143 1306 3225 Gongr.
1329 3143 1394 3207 Rit.
1416 3146 1456 3209 90
1480 3145 1551 3210 dee.

385 3250 484 3334 1861).
502 3251 552 3316 lid
567 3253 768 3318 sacrificium
778 3251 1030 3327 celebrandum,
1048 3249 1154 3316 altare
1165 3251 1402 3336 quodcumque
1415 3254 1550 3330 suflicit,

385 3359 464 3442 quia
485 3363 555 3426 tom
577 3362 733 3445 portatile
756 3381 859 3447 quam
881 3363 989 3425 fixum
1009 3377 1131 3425 verum
1152 3359 1257 3426 altare
1280 3365 1342 3426 est.
1371 3360 1435 3424 Sed
1463 3367 1555 3425 esset

385 3467 625 3546 gravissimum
648 3475 825 3553 peccatum
847 3467 1019 3534 celebrare
1044 3469 1118 3532 sine
1140 3466 1237 3533 altori
1256 3474 1454 3534 consecrato
1469 3489 1477 3532 ε
1492 3488 1554 3533 seu

383 3575 482 3656 juxta
496 3593 569 3642 can.
588 3579 636 3654 19,
652 3579 703 3653 td,
720 3579 769 3654 30,
790 3578 840 3655 31,
858 3577 900 3640 de
920 3575 1085 3650 Consecr„
1107 3576 1183 3639 dist.
1212 3577 1240 3652 1,
1264 3577 1373 3660 eapb
1395 3577 1466 3658 hui.
1488 3577 1552 3654 111.,

387 3687 477 3746 esset
491 3686 684 3764 3111111111
699 3687 923 3770 sacrilegium.

426 3789 455 3872 d)
479 3791 625 3858 Materia
645 3803 678 3860 et
694 3796 809 3878 forma
830 3796 1009 3860 1111111111ο
1030 3794 1143 3859 Altare
1161 3793 1261 3856 debet
1280 3809 1355 3856 esse
1371 3791 1553 3876 lapideum,

387 3895 508 3962 saltem
523 3901 633 3984 quoad
658 3903 870 3985 superiorem
894 3908 1037 3986 partem,
1059 3917 1283 3984 superquam
1309 3899 1484 3982 reponitur
1497 3899 1553 3962 SS.

387 4001 604 4082 Eucherium,
627 4013 664 4072 nt
682 4015 816 4075 constat
830 4029 873 4076 ex
888 4028 959 4094 cap.
983 4009 1033 4086 31,
1058 4007 1099 4072 de
1121 4007 1286 4082 Censeo„
1305 4005 1380 4070 dist.
1399 4008 1433 4083 t;
1451 4007 1556 4072 altare

389 4111 545 4195 designat
565 4117 758 4202 sepulerum
773 4119 918 4196 Domini,
935 4118 1026 4202 quod
1042 4115 1215 4200 lapideum
1234 4119 1316 4179 erat.
1338 4113 1375 4178 ln
1388 4115 1557 4197 prioribus

387 4219 542 4288 Ecclesia
569 4225 712 4302 saeculis,
729 4245 790 4292 sen
812 4231 890 4292 ante
917 4231 1070 4310 tempora
1093 4225 1124 4289 S.
1143 4222 1313 4288 Silvestris
1333 4221 1443 4304 Papae,
1460 4228 1559 4286 erant

388 4330 511 4413 lignea,
529 4333 692 4400 adinstar
706 4353 834 4400 mensae
848 4337 884 4401 in
898 4353 966 4420 qne
977 4335 1172 4399 institutum
1191 4333 1254 4396 init
1269 4329 1324 4394 SS.
1342 4329 1555 4396 Eucharistiae

389 4445 649 4506 sacramentum.
681 4441 729 4506 Ex
757 4443 1003 4508 consuetudine
1027 4444 1173 4524 recepta,
1201 4443 1304 4503 etex
1330 4436 1557 4502 declaratione

390 4545 421 4609 S.
448 4545 568 4630 Gongr.
592 4551 670 4628 Rit,
685 4553 722 4616 11
733 4554 867 4635 januar.
888 4553 978 4630 1813,
994 4549 1192 4634 praedictum
1207 4547 1311 4612 altere
1328 4544 1499 4628 lapideum
1514 4563 1557 4607 ex

391 4673 460 4720 uno
475 4655 608 4738 integro
622 4657 732 4743 lapide
753 4665 909 4725 constare
929 4659 1040 4734 debet,
1063 4675 1134 4724 non
1154 4653 1368 4738 expluribus
1389 4651 1556 4737 lapidibus
