3488 5564
380 585 420 649 tt
841 599 891 644 tus
912 593 1092 644 aaronem.

420 721 452 782 1ο
466 718 501 782 Si
523 733 626 782 causa
649 717 693 779 sit
719 715 912 790 criminalis,
938 732 1018 780 nam
1044 719 1125 776 tunc
1152 711 1334 794 requiritur
1360 707 1560 794 plenissima

379 825 533 910 pmbatio
549 829 587 888 ut
605 841 687 889 reus
710 821 973 898 condemnatum
989 819 1080 885 unda
1096 835 1218 902 scopus
1234 818 1421 900 iuramenti
1445 817 1562 883 evadit

380 933 520 998 inutilis.

420 1042 452 1104 Ψ
466 1040 500 1104 st
522 1056 626 1105 causa
648 1040 692 1104 sit
714 1037 907 1122 spiritualis,
925 1043 964 1102 ut
985 1038 1150 1114 benasscii,
1167 1035 1384 1111 matrimonii,
1402 1051 1481 1098 reus
1501 1033 1563 1098 de-

382 1153 529 1221 trectans
548 1151 783 1232 juramentum
797 1145 987 1220 calumnias,
1002 1145 1147 1210 habetur
1162 1145 1299 1230 quidem
1313 1161 1375 1226 pro
1390 1143 1557 1216 confesso,

383 1257 491 1322 sedin
505 1255 741 1340 praejudicinm
756 1256 808 1318 sui
830 1258 974 1330 tantum,
992 1271 1062 1318 non
1084 1272 1166 1317 vero
1186 1255 1222 1316 in
1236 1245 1456 1317 commodum
1470 1253 1560 1314 acto-

383 1367 444 1440 ris,
468 1383 512 1429 ne
535 1383 596 1448 per
615 1363 680 1428 hoc
709 1363 808 1428 datur
833 1363 976 1426 vitiosus
1004 1363 1039 1426 in
1070 1361 1273 1426 beneficium
1299 1359 1485 1442 ingressus,
1502 1363 1562 1422 aut

382 1471 570 1556 periculum
596 1474 719 1537 animae
742 1472 943 1548 incurratur,
970 1471 1160 1552 praesertim
1183 1471 1218 1534 in
1243 1465 1557 1534 matrimonialibus.

383 1580 484 1644 Actor
502 1599 651 1646 renuens
672 1582 787 1662 jurare
811 1579 1010 1662 plerumque
1025 1598 1128 1644 causa
1141 1577 1246 1652 cadit;
1263 1581 1379 1641 tamen
1397 1594 1476 1640 reus
1491 1593 1559 1638 non

383 1686 448 1752 boc
469 1688 543 1770 ipso
564 1687 678 1764 vincit,
695 1686 756 1751 sed
776 1705 914 1751 causam
938 1705 1000 1751 suo
1019 1675 1121 1752 modo
1136 1687 1278 1768 probare
1294 1685 1405 1760 debet,
1423 1687 1562 1767 propter

384 1796 523 1862 easdem
539 1797 699 1860 rationes.

424 1904 455 1986 d)
469 1903 616 1968 Dicitur:
634 1923 736 1968 cuasa
749 1903 877 1968 cadit...
895 1909 929 1967 et
932 1923 996 1989 pro
1006 1905 1155 1986 confesso
1170 1903 1331 1982 babetur;
1345 1903 1404 1966 sed
1419 1903 1461 1966 ad
1474 1901 1562 1967 banc

383 2029 521 2095 pennam
536 2012 786 2088 incurrendam,-
805 2031 890 2095 opus
906 2017 958 2074 est
973 2013 1141 2076 sententia
1152 2011 1287 2094 judicis,
1303 2030 1364 2093 per
1378 2029 1493 2092 quam,
1509 2028 1563 2074 ac-

386 2125 458 2182 tore
473 2123 663 2192 recusante,
681 2137 759 2183 reus
775 2117 963 2183 absolvitur
977 2120 1018 2182 ab
1043 2120 1210 2182 intentata
1224 2119 1287 2181 sibi
1301 2119 1449 2194 actione;
1464 2117 1518 2180 vel
1533 2117 1562 2180 si

384 2244 464 2289 reus
476 2228 591 2308 jurare
606 2225 702 2302 nolit,
719 2231 882 2309 tanquam
897 2227 1075 2290 confessus
1089 2226 1337 2289 condemnatur
1347 2227 1446 2308 juxta
1458 2223 1560 2288 libelli

385 2333 601 2414 petitionem;
617 2349 728 2414 poenae
743 2333 835 2396 enim
851 2351 920 2397 non
935 2333 1159 2415 imponuntur
1170 2333 1244 2416 ipso
1256 2335 1343 2414 jure,
1360 2333 1563 2396 sedtantum

386 2440 593 2522 imponenda
607 2440 847 2504 decernuntur.

427 2547 493 2611 Sed
507 2550 538 2609 t⁰
552 2549 624 2612 haec
638 2566 741 2631 poena
755 2568 825 2612 non
846 2555 898 2612 est
919 2549 1136 2636 extendenda
1156 2549 1198 2614 ad
1219 2556 1435 2614 recusantem
1447 2553 1563 2632 jurare

387 2655 428 2718 de
442 2655 593 2734 meldim
609 2665 690 2719 nam
705 2674 747 2718 ex
770 2673 838 2719 una
852 2661 960 2738 parte,
974 2659 1210 2740 Juramentum
1223 2657 1402 2722 calumnie
1418 2658 1530 2721 diliert
1545 2678 1568 2722 a

384 2765 580 2845 juramento
595 2760 747 2838 malitiae;
764 2781 805 2825 ex
828 2763 933 2827 altera
951 2769 1057 2846 parte,
1074 2783 1184 2846 poanae
1207 2771 1288 2828 sunt
1305 2765 1564 2846 restringenda.

426 2872 457 2934 2⁰
466 2870 684 2934 Contumacia
697 2871 924 2953 procuratoris
938 2871 993 2934 vel
1003 2871 1142 2935 alterius
1152 2871 1437 2938 administratoris
1449 2877 1567 2956 jurare
1610 2869 1616 2878 '

387 2978 614 3054 detractantis,
630 2977 836 3062 probabilius
855 2999 925 3044 non
947 2985 1047 3045 nocet
1062 2979 1211 3045 dominc.
1229 2980 1326 3046 Ratio
1341 2987 1393 3045 ast
1409 2983 1487 3065 quia
1500 2983 1568 3046 iac-

388 3092 461 3148 tam
487 3087 715 3168 procuratoris
739 3092 790 3150 est
813 3105 906 3150 mere
929 3087 1118 3170 personale,
1137 3093 1171 3152 et
1193 3095 1448 3172 procuratorem
1472 3090 1568 3153 dum-

388 3197 492 3269 taxat,
509 3211 578 3258 non
600 3193 821 3277 principalem
843 3195 991 3278 respicit.
1008 3195 1090 3259 Nam
1116 3195 1310 3279 principalis
1326 3197 1418 3261 dedit
1429 3197 1567 3280 jurandi

388 3301 598 3376 mandatum,
614 3301 670 3365 vel
693 3320 773 3366 non.
799 3303 833 3366 Si
855 3304 961 3385 prius,
986 3309 1068 3366 tunc
1093 3309 1293 3384 procurator
1312 3311 1430 3386 ageret
1449 3311 1570 3371 contra

388 3407 597 3484 mandatum;
614 3409 642 3472 si
655 3411 834 3492 posterius,
852 3415 933 3474 tunc
946 3415 1145 3494 procurator
1156 3411 1233 3494 lege
1246 3414 1388 3494 jubetur
1399 3417 1515 3496 jurare
1530 3415 1567 3478 in

283 3581 288 3589 ,
390 3533 487 3578 suam
499 3517 657 3590 animam,
675 3536 745 3582 non
759 3519 794 3581 in
808 3519 957 3583 animam
973 3519 1111 3583 domini.
1129 3519 1179 3585 lta
1188 3523 1247 3602 jus
1261 3501 1358 3584 Rom.
1372 3525 1450 3605 jure
1467 3542 1569 3588 canc-

393 3624 469 3687 nico
482 3630 666 3706 receptum.

796 3799 839 3850 lv.
857 3797 978 3852 ansatus
991 3799 1155 3864 juramenti.

435 3948 580 4012 Effectus
603 3950 789 4030 juramenti
815 3949 991 4016 calumnia
1015 3957 1067 4016 est
1089 3961 1296 4038 praesumpta
1316 3957 1468 4040 aequitas,
1493 3976 1568 4041 quta

394 4055 584 4138 litigantem
599 4056 634 4118 in
647 4057 721 4120 foro
737 4063 878 4121 externo
890 4058 1010 4124 liberat
1024 4079 1044 4124 a
1057 4059 1227 4127 calumnia
1242 4083 1302 4128 seu
1322 4065 1364 4129 ab
1386 4067 1477 4130 omni
1496 4085 1569 4130 sus-

326 4183 328 4189 ’
397 4155 528 4246 picione
540 4161 685 4245 juridica
698 4163 886 4228 calumniae.

438 4273 563 4336 lamen
580 4274 816 4354 juramentum
836 4272 1013 4340 calumniae
1035 4295 1103 4341 non
1127 4276 1257 4367 liberat,
1278 4282 1377 4362 Juxta
1401 4283 1568 4348 veriorem

400 4380 613 4455 sententiam,
638 4399 659 4443 a
681 4378 853 4444 solvendis
879 4385 1047 4466 expensis,
1072 4386 1152 4469 quia
1178 4389 1346 4468 generalis
1374 4398 1425 4454 est
1451 4391 1570 4473 regula

400 4487 440 4550 cb
464 4487 688 4551 temeritatem
714 4487 876 4572 titiqoudi
897 4509 1058 4575 expensas
1082 4494 1176 4569 solvi,
1196 4514 1263 4558 non
1287 4497 1327 4560 ab
1349 4499 1566 4564 calumm'am.

399 4591 526 4676 Aliquis
541 4599 653 4675 potest
667 4613 743 4658 esse
758 4599 958 4661 temerarius
972 4597 1130 4680 litigator,
1152 4603 1233 4685 quin
1257 4605 1300 4668 sit
1313 4605 1536 4672 calumniator
1561 4631 1567 4673 :

402 4701 576 4765 calumnia
606 4701 697 4764 enim
724 4703 825 4766 babet
840 4723 976 4788 semper
1003 4709 1199 4789 adjunctum
1233 4713 1365 4785 dolum:
1398 4717 1569 4781 temeritas
