3498 5572
557 542 646 586 tisun
668 540 794 586 rannus
816 539 1034 586 uncasranuu.
1325 523 1385 588 tlt

245 659 278 741 d)
288 657 431 739 (ὶιιαιιιιο
439 659 573 743 impleri
578 658 762 723 ιιιιὸιιαιΗο
773 659 937 740 Tempore
945 656 1124 737 designato
1139 655 1273 739 impleri
1281 657 1385 722 debet

205 771 335 844 votum,
351 768 417 831 nisi
428 770 524 850 justa
538 773 573 832 et
591 767 801 832 rationabilis
814 785 918 831 causa
933 764 1131 830 dilationem
1147 764 1290 830 suadeat
1311 765 1349 847 (c.
1366 769 1386 830 5

203 873 237 936 h.
249 876 295 956 t).
308 875 501 956 assignatio
512 877 674 958 temporis
684 880 737 941 est
749 895 827 958 pars
840 874 930 938 illius
940 873 1026 956 legis
1033 873 1174 956 privatae
1186 892 1253 956 qua
1261 854 1387 954 ligatur

204 999 346 1048 vovens.

243 1091 324 1154 t⁰Si
340 1096 475 1174 tempus
504 1093 691 1157 noniuerit
718 1092 946 1172 designatum,
972 1096 1093 1156 votam
1121 1091 1254 1174 impleri
1285 1090 1386 1154 debet

203 1217 280 1264 cum
297 1199 458 1282 primum,
471 1199 598 1279 jndicio
614 1199 793 1282 prudentis
808 1204 842 1263 et
857 1199 1016 1281 spectatis
1038 1199 1311 1274 circumstantiis,
1328 1217 1386 1282 po-

203 1311 271 1370 test
285 1307 358 1370 sine
374 1307 515 1374 notabili
529 1307 769 1371 incommodo:
791 1308 839 1372 ita
860 1307 1054 1372 communis
1080 1307 1260 1372 sententia.
1288 1306 1385 1370 Ratio

203 1420 255 1479 est
272 1415 362 1500 quia,
378 1433 421 1478 ex
435 1433 504 1480 una
520 1420 626 1498 parte,
645 1421 698 1478 est
712 1415 753 1478 de
769 1415 900 1479 ratione
906 1415 1185 1497 promissionisin
1196 1433 1334 1496 genere,
1349 1420 1387 1478 ut

204 1523 318 1586 statim
333 1521 471 1602 obliget,
486 1524 586 1604 juxta
599 1521 755 1604 regulam
766 1523 853 1604 juris
862 1522 986 1586 civilis:
1005 1549 1020 1579 «
1037 1521 1076 1584 ln
1086 1523 1245 1587 omnibus
1261 1521 1386 1602 obliga-

203 1630 353 1694 tionibus
367 1629 402 1692 in
416 1629 539 1711 quibus
554 1628 627 1692 dies
643 1647 713 1693 uon
728 1629 1053 1711 ponitur,praeseuti
1066 1629 1121 1692 die
1135 1629 1289 1692 debetur.
1307 1653 1322 1685 a
1338 1628 1385 1690 Ex

202 1736 309 1800 altera
322 1741 429 1820 parte,
446 1735 567 1820 aliquis
583 1754 653 1805 nou
665 1742 826 1829 censetur
841 1735 991 1801 voluisse
1019 1755 1055 1800 se
1077 1734 1227 1817 obligare
1251 1753 1311 1818 pro
1327 1735 1385 1799 illo

201 1846 341 1926 praecise
368 1844 508 1908 instanti
531 1845 567 1906 in
589 1862 656 1927 quo
679 1845 853 1908 exsecutio
880 1849 971 1908 esset
992 1844 1141 1908 maxime
1163 1861 1309 1908 onerosa
1324 1861 1385 1907 seu

200 1953 404 2034 produceret
417 1950 567 2016 notabile
581 1951 850 2029 incommodum;
863 1952 958 2029 alias,
972 1958 1093 2018 votum
1104 1957 1157 2016 est
1169 1950 1226 2015 lex
1239 1951 1383 2036 privata,

200 2078 276 2142 quae
291 2061 544 2143 interpretatur,
562 2059 650 2123 sicut
664 2059 738 2124 aliae
752 2060 859 2142 leges.

239 2169 272 2230 3ο
290 2167 469 2232 Exsecutio
488 2169 561 2233 voti
579 2169 670 2234 licite
694 2169 823 2234 differri
848 2174 962 2253 potest
984 2169 1027 2234 ad
1045 2169 1182 2253 aliquod
1198 2174 1333 2250 tempus
1349 2167 1384 2230 in

201 2276 324 2359 duplici
343 2295 451 2341 casu:
477 2279 505 2342 si
527 2295 605 2361 spes
629 2279 673 2341 sit
692 2284 731 2342 ut
749 2297 883 2343 vovens
901 2283 1021 2362 postea
1045 2285 1164 2343 votum
1190 2295 1292 2342 suum
1313 2295 1384 2339 me-

199 2383 265 2448 iius
281 2391 503 2450 exsecuturus
527 2387 581 2464 sit,
608 2405 671 2452 nec
686 2387 876 2470 periculum
890 2388 942 2451 ¹sit
961 2393 1001 2451 ut
1020 2387 1227 2453 interveniat
1243 2384 1385 2469 impedi-

200 2497 356 2556 mentum
382 2499 614 2576 perpetuum:
638 2496 686 2558 sic
714 2515 746 2559 v.
774 2515 807 2576 g.
837 2496 1015 2576 ingressus
1048 2495 1226 2576 religionis
1255 2493 1383 2558 differri

199 2605 313 2682 potest
329 2605 367 2663 ut
388 2607 547 2683 parentes
570 2603 852 2685 persuadeantur,
871 2607 909 2667 ut
925 2622 1056 2668 vovens
1077 2603 1255 2669 scientiam
1270 2601 1384 2684 acqui-

200 2715 252 2773 rat
266 2729 341 2794 quae
355 2710 390 2774 in
405 2710 570 2792 religione
585 2715 713 2796 acquiri
728 2732 798 2778 non
813 2719 941 2796 posset.
958 2713 1136 2779 Secundus
1150 2730 1251 2777 casus
1275 2715 1337 2786 est,
1355 2711 1383 2772 si

200 2823 354 2882 occurrat
376 2819 662 2901 impedimentum
677 2821 866 2904 temporale
882 2822 938 2886 vel
960 2823 1064 2886 etiam
1086 2826 1303 2905 perpetuum,
1322 2819 1383 2882 sed

198 2927 439 3008 insuperabile,
465 2946 532 3010 quo
561 2947 641 2993 casu
667 2947 799 2993 vovens
822 2928 987 2994 liberatur
1014 2931 1056 2994 ab
1085 2929 1293 3010 obligatione
1317 2927 1383 2990 sol-

199 3035 302 3100 vendi
312 3041 432 3099 votum
442 3055 449 3112 ;
460 3036 488 3098 si
496 3041 588 3100 esset
599 3043 804 3120 perpetuum
821 3043 856 3100 et
869 3037 968 3102 valde
979 3037 1125 3102 difficilis
1140 3037 1380 3111 exsecutionis,

198 3143 294 3208 locus
309 3151 400 3210 esset
413 3146 673 3210 commutationi
689 3144 745 3210 vel
761 3145 1017 3228 dispensationi.
1036 3147 1186 3212 Tandem
1202 3148 1230 3210 si
1247 3153 1381 3227 tempus

199 3270 269 3317 non
286 3254 407 3318 fnisset
421 3253 645 3336 assignatum,
664 3252 744 3317 licet
758 3255 874 3318 statim
887 3253 1101 3337 implendum
1118 3257 1170 3330 sit,
1189 3253 1381 3318 utdiximus

198 3367 289 3436 ante,
315 3366 431 3426 tamen
451 3367 568 3444 posset
585 3361 713 3425 differri
733 3361 776 3426 ad
791 3362 894 3426 breve
911 3368 1059 3444 tempus
1078 3363 1181 3426 etiam
1194 3362 1268 3424 sine
1285 3361 1381 3441 gravi

197 3487 322 3532 causa:
339 3488 420 3534 nam
437 3495 451 3528 ι
469 3471 613 3534 statim»
638 3469 840 3550 intelligitur
862 3469 1071 3552 cumulique
1095 3474 1379 3554 temperamento

199 3575 281 3652 lmo,
296 3579 396 3658 juxta
410 3577 578 3660 quosdam
601 3577 660 3640 ΤΤ.
687 3583 805 3661 posset
831 3578 904 3642 sine
920 3579 1016 3658 gravi
1042 3583 1181 3660 peccato
1205 3575 1381 3639 indefinite

199 3685 337 3760 differri,
355 3686 636 3769 quotiescumque
654 3705 724 3750 non
740 3687 838 3751 adest
850 3686 1039 3770 periculum
1054 3705 1124 3750 non
1139 3683 1379 3760 exsecutionis,

198 3799 258 3856 aut
281 3794 531 3859 imminutionis
551 3797 715 3874 materiae,
742 3803 779 3860 ut
801 3815 834 3860 v.
854 3816 887 3877 g.
914 3800 1034 3860 votum
1053 3795 1231 3876 ingressus
1251 3793 1288 3856 in
1306 3790 1381 3855 reli

198 3900 349 3980 gionem.
1089 3955 1091 3959 ,

240 4010 266 4092 e)
282 4009 438 4092 impletio
454 4013 526 4075 coti
529 4029 594 4094 per
605 4012 723 4075 alium.
739 4013 770 4074 ιο
782 4011 906 4075 Votum
921 4009 1100 4092 personale
1116 4008 1249 4091 impleri
1262 4008 1382 4092 nequit

198 4136 260 4200 per
274 4118 389 4196 alium,
407 4124 446 4182 ut
459 4125 570 4204 patet;
587 4139 668 4184 nam
682 4139 738 4183 res
751 4119 921 4202 promissa
936 4123 989 4181 est
1002 4119 1089 4182 actio
1104 4117 1241 4200 propria
1254 4098 1381 4181 voven-

199 4229 253 4304 tis,
268 4228 325 4311 qui
339 4227 458 4291 habuit
472 4228 699 4293 intentionem
715 4246 751 4290 se
764 4225 948 4307 obligandi.
974 4225 1102 4290 Tamen
1117 4243 1248 4290 vovens
1263 4231 1381 4308 posset

198 4336 374 4418 imponere
385 4334 512 4399 haeredi
528 4335 806 4418 adimpletionem
821 4337 892 4398 voti
907 4332 1107 4417 personalis,
1126 4339 1289 4417 tanquam
1302 4351 1381 4398 con-

199 4443 365 4508 ditionem
379 4443 423 4507 ad
434 4443 671 4508 haereditatem
690 4443 894 4508 adeundam.

237 4553 269 4616 ιο
283 4551 408 4616 Votum
422 4552 513 4616 reale
528 4553 663 4636 impleri
685 4557 800 4635 potest
813 4571 876 4634 per
889 4557 1157 4634 procuratorem,
1181 4552 1261 4634 quia
1274 4555 1380 4616 mate-

197 4662 248 4726 ria
262 4665 377 4725 estres
392 4664 573 4726 avovente
589 4661 797 4736 extrinseca;
812 4659 937 4724 sufficit
947 4665 985 4723 ut
998 4679 1054 4724 res
1068 4660 1143 4742 ipsa
1151 4659 1376 4742 persolvatur.
