3504 5566
668 596 760 676 vaura
780 629 968 676 nocuusuvr.
1348 614 1406 678 loti

232 747 411 808 necessarie
429 747 640 818 existimantur
659 747 821 821 antequam
843 746 879 805 ed
913 761 1030 820 paenam
1055 749 1246 824 irrogandam
1267 749 1405 808 devenia-

233 843 292 898 tur.

267 929 369 1003 ltaque
384 930 434 988 SS.
449 928 578 988 Domino
598 933 706 988 blostro
726 930 827 990 divina
846 929 1035 992 Providentia
1049 931 1105 988 ΡΡ.
1121 931 1217 988 Leone
1228 930 1290 988 lllll
1303 943 1407 1003 appro

232 1021 331 1092 beuta,
347 1022 378 1080 iu
394 1023 586 1097 generalibus
598 1024 729 1082 comitiis
746 1023 857 1083 habitis
872 1024 920 1084 die
934 1029 968 1082 25
981 1023 1060 1099 junii
1077 1027 1156 1094 l878,
1172 1026 1200 1082 S.
1217 1025 1248 1082 G.
1264 1022 1405 1096 decrevit,

231 1125 266 1171 ac
293 1111 429 1171 districte
455 1112 618 1184 mandavit,
638 1117 673 1172 ut
693 1113 808 1188 singuli
836 1118 1007 1172 memoraie
1026 1113 1160 1188 regionis
1180 1127 1335 1172 sacrorum
1352 1127 1405 1172 an·

231 1201 353 1272 tistites,
371 1202 543 1262 dioecesaua
571 1205 686 1278 syuodo
715 1205 939 1278 quamprimum
967 1203 1169 1274 convocanda,
1190 1203 1334 1278 quinque,
1355 1209 1408 1263 aut

232 1291 284 1350 ubi
297 1291 347 1350 'ob
367 1292 531 1366 peculiaria
550 1308 651 1352 rerum
674 1294 816 1368 adjuncta
839 1299 883 1352 tot
900 1293 1003 1353 baberi
1028 1298 1193 1367 nequeant,
1221 1298 1280 1352 tres
1302 1294 1406 1353 saltem

232 1382 424 1456 presbyteros
438 1397 474 1442 ax
493 1383 728 1456 probatissimis,
741 1389 770 1443 et
784 1389 931 1459 quantum
945 1383 1009 1443 lieri
1020 1383 1129 1457 poterit
1143 1383 1174 1441 in
1184 1383 1251 1457 jure
1261 1383 1406 1442 canonico

233 1471 348 1544 peritis,
359 1472 499 1546 seligant,
511 1471 623 1546 quibus
633 1473 795 1533 consilium
808 1473 959 1548 quoddam
967 1471 1121 1548 judiciale,
1133 1472 1406 1545 seuutappollant,

232 1560 412 1620 commissio
434 1561 676 1636 investigationis
702 1565 914 1634 constituatur,
941 1563 1097 1639 eidemque
1121 1575 1217 1622 unum
1242 1577 1279 1620 ex
1304 1561 1407 1620 electis

232 1649 406 1722 praellciant.
426 1651 511 1720 Quod
533 1651 560 1711 si
579 1652 617 1711 ob
640 1653 771 1729 aliquam
793 1669 913 1729 gravem
935 1666 1057 1712 causam
1078 1652 1214 1727 synodus
1237 1652 1409 1712 dioecesana

232 1739 334 1799 statim
348 1739 450 1800 baberi
465 1747 605 1818 nequeat,
619 1744 754 1820 quinque
768 1744 815 1802 vel
837 1749 899 1802 tres
923 1743 1022 1818 prouti
1041 1755 1134 1816 supra
1156 1755 1209 1814 per
1232 1742 1408 1816 episcopum

231 1829 350 1890 interim
365 1833 560 1894 ecclesiastici
572 1833 628 1893 viri
642 1835 679 1894 ad
694 1849 807 1894 munus
823 1834 859 1893 de
875 1849 936 1907 quo
948 1834 1048 1910 agitur
1059 1833 1251 1906 deputentur.

267 1923 497 1984 commissionis
512 1925 554 1984 ita
567 1927 739 1986 constitutae
754 1925 894 2000 princeps
910 1925 966 1983 erit
984 1923 1119 1984 officium
1133 1922 1304 1984 criminales
1318 1927 1408 1998 atque

231 2009 440 2086 disciplinares
452 2015 694 2090 presbyterorum
710 2015 899 2090 aliorumque
914 2014 1091 2074 clericorum
1105 2028 1224 2084 causas,
1238 2013 1326 2086 juxta
1339 2029 1407 2074 nor·

232 2114 309 2159 maru
336 2115 406 2162 urox
430 2104 666 2176 proponendam,
686 2103 725 2164 ad
749 2117 873 2162 examen
898 2117 1048 2174 revocare,
1071 2101 1127 2162 rite
1148 2117 1343 2177 cognoscere,
1367 2104 1409 2162 ita

231 2191 373 2265 episcopo
391 2193 423 2251 in
449 2192 526 2265 ipsis
550 2193 730 2252 deliniendis
750 2193 896 2252 auxilium
920 2192 1063 2266 prebere.
1089 2193 1232 2268 satagant
1252 2197 1409 2267 propterea

231 2284 349 2354 oportet
361 2281 399 2340 ed
412 2281 470 2341 hoc
480 2297 594 2342 munus
608 2283 705 2354 electi,
722 2288 755 2341 ut
770 2287 909 2342 accurate
922 2281 996 2340 liant
1014 2281 1275 2356 investigationes,
1290 2295 1326 2339 ea
1339 2296 1407 2354 pro·

231 2370 366 2430 terantur
380 2371 554 2431 testimonia
568 2377 657 2446 atque
672 2388 690 2431 a
704 2377 889 2446 praesumpto
900 2387 951 2430 reo
963 2372 1065 2430 omnia
1074 2372 1281 2445 exquirantur,
1293 2383 1360 2444 quae
1370 2370 1407 2429 ad

230 2460 384 2520 vamtatem
395 2462 556 2521 eruendam
567 2463 740 2522 necessaria
749 2467 913 2522 censentur
926 2477 961 2522 ac
975 2461 1012 2521 ad
1025 2461 1139 2536 justam
1150 2461 1331 2520 sententiam
1343 2465 1407 2519 tuto

232 2549 452 2624 prudenterque
473 2552 626 2610 ferendam
645 2557 725 2611 certa
745 2553 791 2611 vel
810 2551 885 2611 satis
906 2550 992 2610 iirma
1007 2555 1186 2625 argumenta
1204 2550 1406 2624 suppeditent.

267 2638 394 2708 Quodsi
417 2639 454 2700 de
477 2639 606 2714 alicujus
629 2643 754 2700 rectoris
775 2641 934 2700 missionis
959 2639 1125 2700 remotione
1145 2645 1263 2716 agatur,
1279 2646 1409 2714 nequeat

232 2727 296 2802 ipse
310 2745 327 2788 a
342 2729 454 2790 credito
468 2730 527 2790 sibi
543 2743 665 2791 munere
681 2731 769 2806 dejici
788 2731 847 2790 nisi
866 2730 963 2789 tribus
977 2730 1082 2789 saltem
1105 2729 1254 2802 predictae
1268 2729 1407 2788 commis·

230 2819 326 2880 sionis
345 2821 488 2881 membris
511 2837 563 2894 per
585 2822 760 2896 episcopum
785 2821 822 2881 ad
844 2835 967 2881 causam
992 2821 1232 2896 cognoscendum
1253 2819 1405 2892 adhibitis,

231 2925 395 2984 eorumque
410 2910 538 2970 consilio
553 2910 666 2970 audito.

266 2999 356 3058 Electi
380 2999 545 3059 consiliarii
566 3000 597 3058 in
621 3006 762 3075 suscepto
788 3015 912 3061 munere
939 3001 1158 3075 permanebunt
1180 3000 1216 3059 ad
1240 3000 1406 3074 proximam

231 3105 327 3164 usque
342 3090 521 3150 dioecesanae
542 3090 649 3164 synodi
668 3091 910 3162 celebrationem,
928 3093 959 3150 iu
975 3107 1036 3165 qua
1048 3091 1096 3150 vel
1111 3092 1170 3165 ipsi
1191 3091 1407 3150 confirmantur

230 3179 262 3238 in
277 3179 377 3238 cilicio
400 3179 447 3238 vel
468 3180 519 3238 alii
537 3181 742 3256 designentur.
758 3181 884 3251 Quodsi
908 3181 1027 3240 inierim
1049 3186 1154 3252 morte,
1180 3188 1233 3240 aut
1255 3182 1407 3240 renuntia·

230 3267 322 3340 tione,
345 3267 392 3327 vel
407 3269 466 3328 alia
489 3283 592 3340 causa,
608 3269 801 3344 praescriptus
817 3270 1060 3330 consiliariorum
1079 3285 1224 3330 uumerus
1240 3271 1406 3340 minuatur,

230 3357 402 3430 episcopus,
414 3363 498 3418 extra
507 3359 669 3433 synodum,
687 3359 763 3419 alios
779 3360 811 3418 in
822 3360 1024 3419 deficientium
1041 3359 1151 3430 locum,
1167 3363 1256 3432 prout
1266 3358 1407 3432 superius

231 3451 376 3506 statutum
391 3453 447 3516 est,
464 3447 605 3507 sufficiat.
1458 3515 1459 3522 χ

265 3537 297 3593 ln
312 3535 414 3596 causis
431 3537 663 3612 cognoscendis
679 3539 718 3598 iis
732 3539 899 3612 praesertim
918 3537 1075 3612 inquibus
1092 3539 1129 3597 de
1151 3543 1265 3597 rectore
1288 3539 1407 3611 missio

230 3625 316 3684 nario
334 3625 483 3685 delinitive
502 3641 521 3686 a
542 3641 598 3686 suo
613 3627 712 3688 cilicio
730 3629 896 3689 amovendo
915 3634 1032 3704 agatur,
1052 3629 1205 3702 judicialis
1230 3627 1406 3688 commissio
1503 3639 1506 3646 ·

229 3715 307 3775 hanc
321 3721 464 3791 sequetur
477 3719 587 3792 agendi
601 3721 764 3778 rationem:

265 3809 287 3864 l.
302 3805 346 3864 nd
360 3807 604 3867 commissionem
619 3808 863 3884 investigationis
878 3825 938 3870 non
958 3816 1138 3882 recurratur,
1153 3811 1213 3869 nisi
1228 3811 1313 3882 prius
1327 3809 1406 3868 clare

230 3900 260 3952 et
286 3895 411 3968 praeolsa
428 3896 563 3970 exposita
584 3897 621 3955 ab
643 3899 786 3973 episcopo
816 3913 909 3959 causa
928 3900 965 3958 ad
988 3899 1183 3973 dejectionem
1207 3897 1326 3958 finalem
1346 3913 1407 3956 mo·

229 3991 327 4055 vente,
343 3985 408 4057 ipse
429 3990 527 4044 rector
544 3987 756 4048 missionarius
771 3988 854 4047 malit
868 4003 931 4047 rem
945 3989 982 4048 ad
1001 3988 1162 4048 consilium
1180 3987 1299 4058 deferri,
1315 4001 1405 4060 quam

225 4085 263 4159 'se
278 4087 297 4130 a
310 4087 434 4156 munere
445 4079 474 4132 et
488 4073 589 4134 oliicio
604 4081 712 4149 sponte
730 4077 888 4135 dimittere.

265 4163 298 4218 ll.
314 4163 355 4220 lle
373 4163 409 4220 ad
431 4165 594 4224 consilium
612 4165 720 4236 delata,
743 4165 905 4240 episcopus
925 4165 1036 4225 vicario
1052 4181 1109 4226 suo
1132 4165 1264 4241 generali
1287 4166 1333 4224 vel
1355 4165 1405 4226 alii

229 4250 376 4312 sacerdoti
392 4253 428 4310 ad
442 4253 500 4313 boc
514 4254 552 4312 ab
566 4255 632 4328 ipso
648 4255 790 4329 deputato
806 4257 982 4328 committat,
1000 4261 1033 4314 ut
1058 4255 1232 4314 relationem
1250 4269 1351 4314 causae
1374 4255 1405 4312 iu

230 4339 350 4412 scriptis
374 4341 526 4414 conficiat,
551 4345 810 4418 cumexpositione
834 4345 1077 4422 investigationis
1101 4360 1136 4404 eo
1160 4360 1258 4419 usque
1280 4349 1406 4418 peracte

229 4433 258 4486 et
270 4429 575 4504 circumstantiarum,
589 4449 657 4508 quae
676 4449 799 4495 causam
813 4436 859 4494 vel
875 4436 1011 4511 ejusdem
1032 4437 1320 4496 demonstrationem
1338 4450 1406 4508 spe·

229 4518 345 4578 cialiter
359 4521 501 4581 alliciant.

265 4610 310 4666 lll.
335 4611 455 4683 Locum,
479 4613 570 4686 diem,
591 4620 621 4674 et
639 4616 741 4676 boram
761 4622 960 4692 opportunam
978 4618 1015 4678 ad
1030 4618 1269 4678 conveniendum
1283 4617 1405 4690 indicet,

231 4699 320 4773 idque
336 4714 388 4771 per
397 4700 513 4764 litteras
528 4705 564 4764 ad
580 4707 720 4781 singulos
735 4709 934 4770 consiliarios.

265 4791 311 4848 lv.
339 4793 395 4850 Per
416 4792 530 4855 litteras
558 4797 647 4856 etiam
675 4803 819 4860 rectorem
847 4800 1074 4860 missionarium
1099 4801 1136 4858 de
1160 4815 1221 4874 quo
1242 4799 1342 4874 agitur
1368 4799 1406 4857 ad
