<?xml version="1.0" encoding="UTF-8"?>
<!DOCTYPE html PUBLIC "-//W3C//DTD XHTML 1.0 Transitional//EN"
    "http://www.w3.org/TR/xhtml1/DTD/xhtml1-transitional.dtd">
<html xmlns="http://www.w3.org/1999/xhtml" xml:lang="en" lang="en">
 <head>
  <title>
</title>
<meta http-equiv="Content-Type" content="text/html;charset=utf-8" />
  <meta name='ocr-system' content='tesseract 3.04.00' />
  <meta name='ocr-capabilities' content='ocr_page ocr_carea ocr_par ocr_line ocrx_word'/>
</head>
<body>
  <div class='ocr_page' id='page_1' title='image "./juscanonicumjux00grangoog_0460.png"; bbox 0 0 3498 5572; ppageno 0'>
   <div class='ocr_carea' id='block_1_1' title="bbox 364 525 1079 591">
    <p class='ocr_par' dir='ltr' id='par_1_1' title="bbox 364 525 1079 591">
     <span class='ocr_line' id='line_1_1' title="bbox 364 525 1079 591; baseline 0 -3"><span class='ocrx_word' id='word_1_1' title='bbox 364 525 424 588; x_wconf 75' lang='lat'>448</span> <span class='ocrx_word' id='word_1_2' title='bbox 825 543 878 590; x_wconf 78' lang='lat' dir='ltr'>tus</span> <span class='ocrx_word' id='word_1_3' title='bbox 899 544 1079 591; x_wconf 79' lang='lat' dir='ltr'>canonicus.</span> 
     </span>
    </p>
   </div>
   <div class='ocr_carea' id='block_1_2' title="bbox 327 661 1547 1178">
    <p class='ocr_par' dir='ltr' id='par_1_2' title="bbox 327 661 1546 964">
     <span class='ocr_line' id='line_1_2' title="bbox 327 661 1544 747; baseline 0 -21"><span class='ocrx_word' id='word_1_4' title='bbox 327 674 329 682; x_wconf 88' lang='grc'><strong>’</strong></span> <span class='ocrx_word' id='word_1_5' title='bbox 405 662 437 726; x_wconf 82' lang='lat'>3·</span> <span class='ocrx_word' id='word_1_6' title='bbox 451 661 574 725; x_wconf 88' lang='lat' dir='ltr'>Votum</span> <span class='ocrx_word' id='word_1_7' title='bbox 589 662 736 726; x_wconf 82' lang='lat' dir='ltr'>nrixtum</span> <span class='ocrx_word' id='word_1_8' title='bbox 750 679 821 730; x_wconf 90' lang='lat' dir='ltr'>nou</span> <span class='ocrx_word' id='word_1_9' title='bbox 835 668 950 746; x_wconf 83' lang='lat' dir='ltr'>potest</span> <span class='ocrx_word' id='word_1_10' title='bbox 964 663 1098 747; x_wconf 89' lang='lat' dir='ltr'>impleri</span> <span class='ocrx_word' id='word_1_11' title='bbox 1117 680 1179 746; x_wconf 92' lang='lat' dir='ltr'>per</span> <span class='ocrx_word' id='word_1_12' title='bbox 1203 661 1318 737; x_wconf 82' lang='lat' dir='ltr'>alium,</span> <span class='ocrx_word' id='word_1_13' title='bbox 1340 661 1405 723; x_wconf 88' lang='lat' dir='ltr'>nisi</span> <span class='ocrx_word' id='word_1_14' title='bbox 1433 662 1544 743; x_wconf 88' lang='lat' dir='ltr'>quoad</span> 
     </span>
     <span class='ocr_line' id='line_1_3' title="bbox 365 767 1546 856; baseline 0.003 -25"><span class='ocrx_word' id='word_1_15' title='bbox 365 767 398 832; x_wconf 91' lang='lat' dir='ltr'>id</span> <span class='ocrx_word' id='word_1_16' title='bbox 413 768 504 852; x_wconf 87' lang='lat' dir='ltr'>quod</span> <span class='ocrx_word' id='word_1_17' title='bbox 517 773 570 832; x_wconf 88' lang='lat' dir='ltr'>est</span> <span class='ocrx_word' id='word_1_18' title='bbox 582 769 684 846; x_wconf 90' lang='lat' dir='ltr'>reale,</span> <span class='ocrx_word' id='word_1_19' title='bbox 697 775 733 833; x_wconf 89' lang='lat' dir='ltr'>et</span> <span class='ocrx_word' id='word_1_20' title='bbox 745 769 782 836; x_wconf 90' lang='lat' dir='ltr'>in</span> <span class='ocrx_word' id='word_1_21' title='bbox 795 789 878 836; x_wconf 81' lang='lat' dir='ltr'>casu</span> <span class='ocrx_word' id='word_1_22' title='bbox 893 789 961 856; x_wconf 87' lang='lat' dir='ltr'>quo</span> <span class='ocrx_word' id='word_1_23' title='bbox 976 771 1009 836; x_wconf 93' lang='lat' dir='ltr'>id</span> <span class='ocrx_word' id='word_1_24' title='bbox 1025 771 1116 854; x_wconf 82' lang='lat' dir='ltr'>quod</span> <span class='ocrx_word' id='word_1_25' title='bbox 1130 775 1182 836; x_wconf 88' lang='lat' dir='ltr'>est</span> <span class='ocrx_word' id='word_1_26' title='bbox 1196 767 1375 853; x_wconf 87' lang='lat' dir='ltr'>personale</span> <span class='ocrx_word' id='word_1_27' title='bbox 1391 769 1435 831; x_wconf 89' lang='lat' dir='ltr'>sit</span> <span class='ocrx_word' id='word_1_28' title='bbox 1450 787 1546 852; x_wconf 92' lang='lat' dir='ltr'>sepa-</span> 
     </span>
     <span class='ocr_line' id='line_1_4' title="bbox 366 875 1052 964; baseline 0.006 -24"><span class='ocrx_word' id='word_1_29' title='bbox 366 875 471 942; x_wconf 89' lang='lat' dir='ltr'>rabile</span> <span class='ocrx_word' id='word_1_30' title='bbox 484 877 526 940; x_wconf 92' lang='lat' dir='ltr'>ab</span> <span class='ocrx_word' id='word_1_31' title='bbox 542 895 583 941; x_wconf 89' lang='lat' dir='ltr'>eo</span> <span class='ocrx_word' id='word_1_32' title='bbox 599 876 692 960; x_wconf 89' lang='lat' dir='ltr'>quod</span> <span class='ocrx_word' id='word_1_33' title='bbox 706 882 758 941; x_wconf 88' lang='lat' dir='ltr'>est</span> <span class='ocrx_word' id='word_1_34' title='bbox 771 878 873 944; x_wconf 89' lang='lat' dir='ltr'>reale.</span> <span class='ocrx_word' id='word_1_35' title='bbox 891 880 1052 964; x_wconf 83' lang='lat' dir='ltr'>Sequitur</span> 
     </span>
    </p>

    <p class='ocr_par' dir='ltr' id='par_1_3' title="bbox 368 983 1547 1178">
     <span class='ocr_line' id='line_1_5' title="bbox 406 983 1543 1065; baseline -0.002 -17"><span class='ocrx_word' id='word_1_36' title='bbox 406 983 439 1048; x_wconf 70' lang='lat'>4⁰</span> <span class='ocrx_word' id='word_1_37' title='bbox 453 983 537 1048; x_wconf 88' lang='lat' dir='ltr'>Voto</span> <span class='ocrx_word' id='word_1_38' title='bbox 557 984 708 1050; x_wconf 77' lang='lat' dir='ltr'><strong>defuncti</strong></span> <span class='ocrx_word' id='word_1_39' title='bbox 729 1004 798 1050; x_wconf 90' lang='lat' dir='ltr'>uon</span> <span class='ocrx_word' id='word_1_40' title='bbox 822 987 931 1051; x_wconf 89' lang='lat' dir='ltr'>teneri</span> <span class='ocrx_word' id='word_1_41' title='bbox 947 988 1132 1065; x_wconf 86' lang='lat' dir='ltr'>haeredem,</span> <span class='ocrx_word' id='word_1_42' title='bbox 1149 988 1216 1053; x_wconf 90' lang='lat' dir='ltr'>nisi</span> <span class='ocrx_word' id='word_1_43' title='bbox 1230 993 1352 1052; x_wconf 90' lang='lat' dir='ltr'>votum</span> <span class='ocrx_word' id='word_1_44' title='bbox 1371 988 1415 1050; x_wconf 87' lang='lat' dir='ltr'>sii</span> <span class='ocrx_word' id='word_1_45' title='bbox 1429 984 1543 1050; x_wconf 85' lang='lat' dir='ltr'>reale:</span> 
     </span>
     <span class='ocr_line' id='line_1_6' title="bbox 368 1093 1547 1178; baseline 0 -22"><span class='ocrx_word' id='word_1_46' title='bbox 368 1110 436 1174; x_wconf 90' lang='lat' dir='ltr'>quo</span> <span class='ocrx_word' id='word_1_47' title='bbox 462 1111 544 1157; x_wconf 87' lang='lat' dir='ltr'>oasu</span> <span class='ocrx_word' id='word_1_48' title='bbox 567 1097 689 1157; x_wconf 89' lang='lat' dir='ltr'>votum</span> <span class='ocrx_word' id='word_1_49' title='bbox 711 1093 853 1176; x_wconf 89' lang='lat' dir='ltr'>implere</span> <span class='ocrx_word' id='word_1_50' title='bbox 876 1095 978 1159; x_wconf 88' lang='lat' dir='ltr'>dabat</span> <span class='ocrx_word' id='word_1_51' title='bbox 1001 1098 1101 1178; x_wconf 83' lang='lat' dir='ltr'>juxta</span> <span class='ocrx_word' id='word_1_52' title='bbox 1126 1096 1217 1160; x_wconf 91' lang='lat' dir='ltr'>vires</span> <span class='ocrx_word' id='word_1_53' title='bbox 1242 1095 1452 1160; x_wconf 75' lang='lat' dir='ltr'>haereditatis</span> <span class='ocrx_word' id='word_1_54' title='bbox 1471 1114 1477 1155; x_wconf 94' lang='lat'>:</span> <span class='ocrx_word' id='word_1_55' title='bbox 1499 1093 1547 1156; x_wconf 89' lang='lat' dir='ltr'>ita</span> 
     </span>
    </p>
   </div>
   <div class='ocr_carea' id='block_1_3' title="bbox 365 1201 1546 1474">
    <p class='ocr_par' dir='ltr' id='par_1_4' title="bbox 365 1201 1546 1474">
     <span class='ocr_line' id='line_1_7' title="bbox 366 1201 1546 1286; baseline 0.001 -24"><span class='ocrx_word' id='word_1_56' title='bbox 366 1201 559 1264; x_wconf 89' lang='lat' dir='ltr'>eommunis</span> <span class='ocrx_word' id='word_1_57' title='bbox 576 1201 747 1265; x_wconf 89' lang='lat' dir='ltr'>sententia</span> <span class='ocrx_word' id='word_1_58' title='bbox 762 1219 804 1264; x_wconf 85' lang='lat' dir='ltr'>ex</span> <span class='ocrx_word' id='word_1_59' title='bbox 818 1219 846 1265; x_wconf 89' lang='lat' dir='ltr'>o.</span> <span class='ocrx_word' id='word_1_60' title='bbox 862 1202 882 1265; x_wconf 86' lang='lat'>6</span> <span class='ocrx_word' id='word_1_61' title='bbox 904 1202 945 1266; x_wconf 83' lang='lat' dir='ltr'>de</span> <span class='ocrx_word' id='word_1_62' title='bbox 963 1202 1107 1267; x_wconf 83' lang='lat' dir='ltr'>Testem.</span> <span class='ocrx_word' id='word_1_63' title='bbox 1130 1202 1227 1268; x_wconf 86' lang='lat' dir='ltr'>Ratio</span> <span class='ocrx_word' id='word_1_64' title='bbox 1242 1208 1305 1277; x_wconf 90' lang='lat' dir='ltr'>est,</span> <span class='ocrx_word' id='word_1_65' title='bbox 1332 1202 1412 1286; x_wconf 85' lang='lat' dir='ltr'>quia</span> <span class='ocrx_word' id='word_1_66' title='bbox 1425 1205 1546 1264; x_wconf 90' lang='lat' dir='ltr'>votum</span> 
     </span>
     <span class='ocr_line' id='line_1_8' title="bbox 367 1302 1544 1390; baseline 0.002 -26"><span class='ocrx_word' id='word_1_67' title='bbox 367 1308 420 1365; x_wconf 89' lang='lat' dir='ltr'>est</span> <span class='ocrx_word' id='word_1_68' title='bbox 433 1319 521 1366; x_wconf 90' lang='lat' dir='ltr'>onus</span> <span class='ocrx_word' id='word_1_69' title='bbox 534 1302 627 1367; x_wconf 90' lang='lat' dir='ltr'>reale</span> <span class='ocrx_word' id='word_1_70' title='bbox 641 1302 830 1368; x_wconf 75' lang='lat' dir='ltr'>haereditati</span> <span class='ocrx_word' id='word_1_71' title='bbox 845 1304 1028 1380; x_wconf 83' lang='lat' dir='ltr'>adnexum,</span> <span class='ocrx_word' id='word_1_72' title='bbox 1054 1307 1146 1390; x_wconf 87' lang='lat' dir='ltr'>quod</span> <span class='ocrx_word' id='word_1_73' title='bbox 1161 1323 1240 1370; x_wconf 88' lang='lat' dir='ltr'>eum</span> <span class='ocrx_word' id='word_1_74' title='bbox 1262 1307 1336 1388; x_wconf 90' lang='lat' dir='ltr'>ipsa</span> <span class='ocrx_word' id='word_1_75' title='bbox 1359 1304 1481 1368; x_wconf 78' lang='lat' dir='ltr'><strong>transit</strong></span> <span class='ocrx_word' id='word_1_76' title='bbox 1503 1302 1544 1366; x_wconf 93' lang='lat' dir='ltr'>ad</span> 
     </span>
     <span class='ocr_line' id='line_1_9' title="bbox 365 1409 548 1474; baseline 0 -2"><span class='ocrx_word' id='word_1_77' title='bbox 365 1409 548 1474; x_wconf 81' lang='lat' dir='ltr'>haeredem.</span> 
     </span>
    </p>
   </div>
   <div class='ocr_carea' id='block_1_4' title="bbox 835 1585 1074 1649">
    <p class='ocr_par' dir='ltr' id='par_1_5' title="bbox 835 1585 1074 1649">
     <span class='ocr_line' id='line_1_10' title="bbox 835 1585 1074 1649; baseline 0.004 -1"><span class='ocrx_word' id='word_1_78' title='bbox 835 1585 994 1648; x_wconf 77' lang='lat' dir='ltr'>secvlo</span> <span class='ocrx_word' id='word_1_79' title='bbox 1030 1587 1074 1649; x_wconf 90' lang='lat' dir='ltr'>ii.</span> 
     </span>
    </p>
   </div>
   <div class='ocr_carea' id='block_1_5' title="bbox 400 1745 1515 1814">
    <p class='ocr_par' dir='ltr' id='par_1_6' title="bbox 400 1745 1515 1814">
     <span class='ocr_line' id='line_1_11' title="bbox 400 1745 1515 1814; baseline 0 -16"><span class='ocrx_word' id='word_1_80' title='bbox 400 1745 449 1800; x_wconf 81' lang='lat' dir='ltr'>lle</span> <span class='ocrx_word' id='word_1_81' title='bbox 462 1748 534 1799; x_wconf 82' lang='lat' dir='ltr'>voti</span> <span class='ocrx_word' id='word_1_82' title='bbox 550 1749 781 1814; x_wconf 68' lang='lat' dir='ltr'>redemptione</span> <span class='ocrx_word' id='word_1_83' title='bbox 798 1765 860 1804; x_wconf 84' lang='lat' dir='ltr'>eeu</span> <span class='ocrx_word' id='word_1_84' title='bbox 877 1751 918 1803; x_wconf 86' lang='lat' dir='ltr'>de</span> <span class='ocrx_word' id='word_1_85' title='bbox 935 1751 1136 1806; x_wconf 73' lang='lat' dir='ltr'>liberatione</span> <span class='ocrx_word' id='word_1_86' title='bbox 1153 1749 1195 1802; x_wconf 78' lang='lat' dir='ltr'>ab</span> <span class='ocrx_word' id='word_1_87' title='bbox 1212 1747 1418 1814; x_wconf 61' lang='lat' dir='ltr'>obligatione</span> <span class='ocrx_word' id='word_1_88' title='bbox 1435 1747 1515 1800; x_wconf 84' lang='lat' dir='ltr'>voti.</span> 
     </span>
    </p>
   </div>
   <div class='ocr_carea' id='block_1_6' title="bbox 367 1927 1555 3950">
    <p class='ocr_par' dir='ltr' id='par_1_7' title="bbox 367 1927 1550 2208">
     <span class='ocr_line' id='line_1_12' title="bbox 407 1927 1550 2014; baseline -0.002 -20"><span class='ocrx_word' id='word_1_89' title='bbox 407 1929 482 1994; x_wconf 87' lang='lat' dir='ltr'>Voti</span> <span class='ocrx_word' id='word_1_90' title='bbox 507 1929 697 2014; x_wconf 84' lang='lat' dir='ltr'>redemptio</span> <span class='ocrx_word' id='word_1_91' title='bbox 720 1931 835 1998; x_wconf 90' lang='lat' dir='ltr'>siriote</span> <span class='ocrx_word' id='word_1_92' title='bbox 853 1937 946 1997; x_wconf 86' lang='lat' dir='ltr'>esset</span> <span class='ocrx_word' id='word_1_93' title='bbox 966 1933 1110 1996; x_wconf 88' lang='lat' dir='ltr'>mutatio</span> <span class='ocrx_word' id='word_1_94' title='bbox 1126 1929 1344 2012; x_wconf 85' lang='lat' dir='ltr'>obligationis</span> <span class='ocrx_word' id='word_1_95' title='bbox 1359 1927 1550 2012; x_wconf 88' lang='lat' dir='ltr'>personalis</span> 
     </span>
     <span class='ocr_line' id='line_1_13' title="bbox 367 2035 1549 2124; baseline 0.002 -26"><span class='ocrx_word' id='word_1_96' title='bbox 367 2035 402 2099; x_wconf 94' lang='lat' dir='ltr'>in</span> <span class='ocrx_word' id='word_1_97' title='bbox 417 2035 566 2114; x_wconf 89' lang='lat' dir='ltr'>realem;</span> <span class='ocrx_word' id='word_1_98' title='bbox 589 2039 651 2104; x_wconf 89' lang='lat' dir='ltr'>sed</span> <span class='ocrx_word' id='word_1_99' title='bbox 671 2039 726 2104; x_wconf 87' lang='lat' dir='ltr'>hie</span> <span class='ocrx_word' id='word_1_100' title='bbox 751 2039 854 2106; x_wconf 89' lang='lat' dir='ltr'>latius</span> <span class='ocrx_word' id='word_1_101' title='bbox 874 2041 1022 2105; x_wconf 86' lang='lat' dir='ltr'>sumitur</span> <span class='ocrx_word' id='word_1_102' title='bbox 1043 2058 1105 2123; x_wconf 77' lang='lat' dir='ltr'>pro</span> <span class='ocrx_word' id='word_1_103' title='bbox 1119 2055 1334 2124; x_wconf 80' lang='lat' dir='ltr'>quacumque</span> <span class='ocrx_word' id='word_1_104' title='bbox 1358 2037 1549 2101; x_wconf 81' lang='lat' dir='ltr'>cessatione</span> 
     </span>
     <span class='ocr_line' id='line_1_14' title="bbox 368 2145 450 2208; baseline 0.012 -1"><span class='ocrx_word' id='word_1_105' title='bbox 368 2145 450 2208; x_wconf 91' lang='lat' dir='ltr'>voti.</span> 
     </span>
    </p>

    <p class='ocr_par' dir='ltr' id='par_1_8' title="bbox 368 2249 1552 3082">
     <span class='ocr_line' id='line_1_15' title="bbox 407 2249 1549 2339; baseline -0.001 -25"><span class='ocrx_word' id='word_1_106' title='bbox 407 2249 511 2317; x_wconf 90' lang='lat' dir='ltr'>Porro</span> <span class='ocrx_word' id='word_1_107' title='bbox 536 2252 698 2334; x_wconf 80' lang='lat' dir='ltr'>obligatio</span> <span class='ocrx_word' id='word_1_108' title='bbox 719 2255 791 2320; x_wconf 88' lang='lat' dir='ltr'>voti</span> <span class='ocrx_word' id='word_1_109' title='bbox 804 2273 939 2321; x_wconf 88' lang='lat' dir='ltr'>eessare</span> <span class='ocrx_word' id='word_1_110' title='bbox 960 2260 1075 2339; x_wconf 83' lang='lat' dir='ltr'>potest</span> <span class='ocrx_word' id='word_1_111' title='bbox 1088 2253 1212 2338; x_wconf 83' lang='lat' dir='ltr'>duplici</span> <span class='ocrx_word' id='word_1_112' title='bbox 1232 2253 1347 2328; x_wconf 89' lang='lat' dir='ltr'>modo,</span> <span class='ocrx_word' id='word_1_113' title='bbox 1365 2251 1494 2315; x_wconf 81' lang='lat' dir='ltr'>scilieet</span> <span class='ocrx_word' id='word_1_114' title='bbox 1507 2251 1549 2314; x_wconf 88' lang='lat' dir='ltr'>ab</span> 
     </span>
     <span class='ocr_line' id='line_1_16' title="bbox 369 2358 1550 2440; baseline 0.001 -20"><span class='ocrx_word' id='word_1_115' title='bbox 369 2359 553 2426; x_wconf 78' lang='lat' dir='ltr'>intrinseco</span> <span class='ocrx_word' id='word_1_116' title='bbox 574 2359 630 2426; x_wconf 90' lang='lat' dir='ltr'>vel</span> <span class='ocrx_word' id='word_1_117' title='bbox 648 2363 691 2426; x_wconf 91' lang='lat' dir='ltr'>ab</span> <span class='ocrx_word' id='word_1_118' title='bbox 719 2363 932 2440; x_wconf 79' lang='lat' dir='ltr'>extrinseeo;</span> <span class='ocrx_word' id='word_1_119' title='bbox 956 2364 998 2428; x_wconf 88' lang='lat' dir='ltr'>ab</span> <span class='ocrx_word' id='word_1_120' title='bbox 1021 2363 1224 2438; x_wconf 76' lang='lat' dir='ltr'>intrinseco,</span> <span class='ocrx_word' id='word_1_121' title='bbox 1254 2362 1282 2424; x_wconf 90' lang='lat' dir='ltr'>si</span> <span class='ocrx_word' id='word_1_122' title='bbox 1310 2360 1454 2424; x_wconf 89' lang='lat' dir='ltr'>materia</span> <span class='ocrx_word' id='word_1_123' title='bbox 1480 2358 1550 2422; x_wconf 89' lang='lat' dir='ltr'>voti</span> 
     </span>
     <span class='ocr_line' id='line_1_17' title="bbox 369 2465 1551 2552; baseline 0 -24"><span class='ocrx_word' id='word_1_124' title='bbox 369 2471 522 2530; x_wconf 89' lang='lat' dir='ltr'>mutetur</span> <span class='ocrx_word' id='word_1_125' title='bbox 552 2475 612 2533; x_wconf 91' lang='lat' dir='ltr'>aut</span> <span class='ocrx_word' id='word_1_126' title='bbox 636 2471 892 2535; x_wconf 70' lang='lat' dir='ltr'>circumstantia</span> <span class='ocrx_word' id='word_1_127' title='bbox 921 2488 1012 2535; x_wconf 90' lang='lat' dir='ltr'>nova</span> <span class='ocrx_word' id='word_1_128' title='bbox 1041 2469 1261 2552; x_wconf 82' lang='lat' dir='ltr'>superveniat</span> <span class='ocrx_word' id='word_1_129' title='bbox 1290 2469 1360 2532; x_wconf 90' lang='lat' dir='ltr'>voti</span> <span class='ocrx_word' id='word_1_130' title='bbox 1390 2465 1551 2549; x_wconf 86' lang='lat' dir='ltr'>adimple-</span> 
     </span>
     <span class='ocr_line' id='line_1_18' title="bbox 370 2572 1552 2662; baseline -0.001 -26"><span class='ocrx_word' id='word_1_131' title='bbox 370 2579 487 2639; x_wconf 88' lang='lat' dir='ltr'>mento</span> <span class='ocrx_word' id='word_1_132' title='bbox 512 2576 654 2641; x_wconf 87' lang='lat' dir='ltr'>obstans</span> <span class='ocrx_word' id='word_1_133' title='bbox 677 2599 685 2640; x_wconf 93' lang='lat'>:</span> <span class='ocrx_word' id='word_1_134' title='bbox 708 2579 823 2662; x_wconf 87' lang='lat' dir='ltr'>itaque</span> <span class='ocrx_word' id='word_1_135' title='bbox 846 2583 969 2654; x_wconf 88' lang='lat' dir='ltr'>uessat,</span> <span class='ocrx_word' id='word_1_136' title='bbox 998 2577 1080 2642; x_wconf 90' lang='lat' dir='ltr'>dum</span> <span class='ocrx_word' id='word_1_137' title='bbox 1102 2577 1246 2640; x_wconf 86' lang='lat' dir='ltr'>materia</span> <span class='ocrx_word' id='word_1_138' title='bbox 1261 2575 1407 2640; x_wconf 81' lang='lat' dir='ltr'>exlioiia</span> <span class='ocrx_word' id='word_1_139' title='bbox 1428 2575 1466 2638; x_wconf 89' lang='lat' dir='ltr'>iit</span> <span class='ocrx_word' id='word_1_140' title='bbox 1488 2572 1552 2636; x_wconf 93' lang='lat' dir='ltr'>illi-</span> 
     </span>
     <span class='ocr_line' id='line_1_19' title="bbox 368 2680 1551 2768; baseline -0.001 -24"><span class='ocrx_word' id='word_1_141' title='bbox 368 2680 445 2758; x_wconf 85' lang='lat' dir='ltr'>oita,</span> <span class='ocrx_word' id='word_1_142' title='bbox 470 2701 514 2748; x_wconf 82' lang='lat' dir='ltr'>ex</span> <span class='ocrx_word' id='word_1_143' title='bbox 532 2683 697 2766; x_wconf 88' lang='lat' dir='ltr'>possibili,</span> <span class='ocrx_word' id='word_1_144' title='bbox 711 2684 930 2768; x_wconf 89' lang='lat' dir='ltr'>impossibilis</span> <span class='ocrx_word' id='word_1_145' title='bbox 949 2685 1087 2768; x_wconf 85' lang='lat' dir='ltr'>physice</span> <span class='ocrx_word' id='word_1_146' title='bbox 1109 2690 1169 2748; x_wconf 90' lang='lat' dir='ltr'>aut</span> <span class='ocrx_word' id='word_1_147' title='bbox 1188 2682 1371 2758; x_wconf 84' lang='lat' dir='ltr'>moraliter,</span> <span class='ocrx_word' id='word_1_148' title='bbox 1395 2687 1551 2748; x_wconf 80' lang='lat' dir='ltr'>cessante</span> 
     </span>
     <span class='ocr_line' id='line_1_20' title="bbox 370 2789 1552 2872; baseline -0.001 -21"><span class='ocrx_word' id='word_1_149' title='bbox 370 2805 473 2854; x_wconf 85' lang='lat' dir='ltr'>eausa</span> <span class='ocrx_word' id='word_1_150' title='bbox 492 2794 552 2854; x_wconf 89' lang='lat' dir='ltr'>aut</span> <span class='ocrx_word' id='word_1_151' title='bbox 571 2791 778 2868; x_wconf 80' lang='lat' dir='ltr'>conditione,</span> <span class='ocrx_word' id='word_1_152' title='bbox 807 2797 847 2856; x_wconf 88' lang='lat' dir='ltr'>ut</span> <span class='ocrx_word' id='word_1_153' title='bbox 866 2793 896 2855; x_wconf 88' lang='lat' dir='ltr'>si</span> <span class='ocrx_word' id='word_1_154' title='bbox 916 2809 1045 2856; x_wconf 86' lang='lat' dir='ltr'>voveas</span> <span class='ocrx_word' id='word_1_155' title='bbox 1060 2789 1151 2854; x_wconf 88' lang='lat' dir='ltr'>alere</span> <span class='ocrx_word' id='word_1_156' title='bbox 1176 2808 1376 2872; x_wconf 88' lang='lat' dir='ltr'>pauperem,</span> <span class='ocrx_word' id='word_1_157' title='bbox 1403 2790 1431 2852; x_wconf 87' lang='lat' dir='ltr'>si</span> <span class='ocrx_word' id='word_1_158' title='bbox 1454 2795 1552 2871; x_wconf 88' lang='lat' dir='ltr'>pater</span> 
     </span>
     <span class='ocr_line' id='line_1_21' title="bbox 369 2895 1552 2982; baseline 0 -22"><span class='ocrx_word' id='word_1_159' title='bbox 369 2895 591 2974; x_wconf 78' lang='lat' dir='ltr'>convaluerit,</span> <span class='ocrx_word' id='word_1_160' title='bbox 611 2903 646 2962; x_wconf 90' lang='lat' dir='ltr'>et</span> <span class='ocrx_word' id='word_1_161' title='bbox 661 2897 798 2962; x_wconf 89' lang='lat' dir='ltr'>interim</span> <span class='ocrx_word' id='word_1_162' title='bbox 813 2917 943 2982; x_wconf 87' lang='lat' dir='ltr'>pauper</span> <span class='ocrx_word' id='word_1_163' title='bbox 956 2897 1066 2963; x_wconf 87' lang='lat' dir='ltr'>iaetus</span> <span class='ocrx_word' id='word_1_164' title='bbox 1082 2899 1127 2961; x_wconf 90' lang='lat' dir='ltr'>sit</span> <span class='ocrx_word' id='word_1_165' title='bbox 1141 2897 1236 2962; x_wconf 91' lang='lat' dir='ltr'>dives</span> <span class='ocrx_word' id='word_1_166' title='bbox 1252 2897 1307 2962; x_wconf 87' lang='lat' dir='ltr'>vel</span> <span class='ocrx_word' id='word_1_167' title='bbox 1321 2901 1419 2979; x_wconf 89' lang='lat' dir='ltr'>pater</span> <span class='ocrx_word' id='word_1_168' title='bbox 1430 2895 1552 2960; x_wconf 81' lang='lat' dir='ltr'>moria-</span> 
     </span>
     <span class='ocr_line' id='line_1_22' title="bbox 371 3005 1256 3082; baseline 0 -16"><span class='ocrx_word' id='word_1_169' title='bbox 371 3008 435 3068; x_wconf 90' lang='lat' dir='ltr'>tur.</span> <span class='ocrx_word' id='word_1_170' title='bbox 451 3005 568 3082; x_wconf 86' lang='lat' dir='ltr'>Quoad</span> <span class='ocrx_word' id='word_1_171' title='bbox 582 3005 820 3071; x_wconf 87' lang='lat' dir='ltr'>liberationem</span> <span class='ocrx_word' id='word_1_172' title='bbox 835 3009 877 3071; x_wconf 91' lang='lat' dir='ltr'>ab</span> <span class='ocrx_word' id='word_1_173' title='bbox 891 3007 1088 3082; x_wconf 88' lang='lat' dir='ltr'>intrinseoe,</span> <span class='ocrx_word' id='word_1_174' title='bbox 1107 3006 1184 3070; x_wconf 91' lang='lat' dir='ltr'>vide</span> <span class='ocrx_word' id='word_1_175' title='bbox 1198 3005 1256 3068; x_wconf 87' lang='lat' dir='ltr'>TT.</span> 
     </span>
    </p>

    <p class='ocr_par' dir='ltr' id='par_1_9' title="bbox 370 3105 1555 3950">
     <span class='ocr_line' id='line_1_23' title="bbox 409 3105 1553 3196; baseline 0 -20"><span class='ocrx_word' id='word_1_176' title='bbox 409 3112 527 3178; x_wconf 86' lang='lat' dir='ltr'>Cessat</span> <span class='ocrx_word' id='word_1_177' title='bbox 539 3114 581 3178; x_wconf 92' lang='lat' dir='ltr'>ab</span> <span class='ocrx_word' id='word_1_178' title='bbox 595 3115 787 3180; x_wconf 79' lang='lat' dir='ltr'>extrinseco</span> <span class='ocrx_word' id='word_1_179' title='bbox 800 3133 861 3180; x_wconf 90' lang='lat' dir='ltr'>seu</span> <span class='ocrx_word' id='word_1_180' title='bbox 876 3105 1073 3180; x_wconf 88' lang='lat' dir='ltr'>interv&#39;eutu</span> <span class='ocrx_word' id='word_1_181' title='bbox 1088 3115 1298 3180; x_wconf 79' lang='lat' dir='ltr'>auctoritatis</span> <span class='ocrx_word' id='word_1_182' title='bbox 1317 3115 1477 3179; x_wconf 71' lang='lat' dir='ltr'>humanae</span> <span class='ocrx_word' id='word_1_183' title='bbox 1491 3131 1553 3196; x_wconf 92' lang='lat' dir='ltr'>per</span> 
     </span>
     <span class='ocr_line' id='line_1_24' title="bbox 370 3221 1553 3306; baseline -0.001 -20"><span class='ocrx_word' id='word_1_184' title='bbox 370 3221 605 3299; x_wconf 83' lang='lat' dir='ltr'>irritationem,</span> <span class='ocrx_word' id='word_1_185' title='bbox 636 3221 928 3305; x_wconf 86' lang='lat' dir='ltr'>dispensationem</span> <span class='ocrx_word' id='word_1_186' title='bbox 955 3229 990 3287; x_wconf 87' lang='lat' dir='ltr'>et</span> <span class='ocrx_word' id='word_1_187' title='bbox 1011 3224 1327 3298; x_wconf 76' lang='lat' dir='ltr'>commutationem,</span> <span class='ocrx_word' id='word_1_188' title='bbox 1360 3222 1402 3286; x_wconf 91' lang='lat' dir='ltr'>de</span> <span class='ocrx_word' id='word_1_189' title='bbox 1429 3223 1553 3306; x_wconf 89' lang='lat' dir='ltr'>quibus</span> 
     </span>
     <span class='ocr_line' id='line_1_25' title="bbox 370 3327 1552 3414; baseline 0 -20"><span class='ocrx_word' id='word_1_190' title='bbox 370 3329 562 3394; x_wconf 79' lang='lat' dir='ltr'>suecessive</span> <span class='ocrx_word' id='word_1_191' title='bbox 576 3330 751 3410; x_wconf 81' lang='lat' dir='ltr'>agendum</span> <span class='ocrx_word' id='word_1_192' title='bbox 770 3335 832 3394; x_wconf 90' lang='lat' dir='ltr'>est.</span> <span class='ocrx_word' id='word_1_193' title='bbox 850 3331 1001 3394; x_wconf 79' lang='lat' dir='ltr'>Irritatio</span> <span class='ocrx_word' id='word_1_194' title='bbox 1022 3332 1093 3396; x_wconf 87' lang='lat' dir='ltr'>voti</span> <span class='ocrx_word' id='word_1_195' title='bbox 1109 3337 1162 3396; x_wconf 88' lang='lat' dir='ltr'>est</span> <span class='ocrx_word' id='word_1_196' title='bbox 1176 3333 1251 3414; x_wconf 89' lang='lat' dir='ltr'>ejus</span> <span class='ocrx_word' id='word_1_197' title='bbox 1264 3327 1440 3398; x_wconf 90' lang='lat' dir='ltr'>annulatio</span> <span class='ocrx_word' id='word_1_198' title='bbox 1455 3330 1497 3393; x_wconf 92' lang='lat' dir='ltr'>ab</span> <span class='ocrx_word' id='word_1_199' title='bbox 1511 3347 1552 3394; x_wconf 89' lang='lat' dir='ltr'>eo</span> 
     </span>
     <span class='ocr_line' id='line_1_26' title="bbox 370 3436 1555 3520; baseline 0 -20"><span class='ocrx_word' id='word_1_200' title='bbox 370 3437 428 3519; x_wconf 87' lang='lat' dir='ltr'>qui</span> <span class='ocrx_word' id='word_1_201' title='bbox 448 3436 552 3501; x_wconf 87' lang='lat' dir='ltr'>babet</span> <span class='ocrx_word' id='word_1_202' title='bbox 569 3441 776 3520; x_wconf 89' lang='lat' dir='ltr'>potestatem</span> <span class='ocrx_word' id='word_1_203' title='bbox 790 3437 826 3502; x_wconf 92' lang='lat' dir='ltr'>iu</span> <span class='ocrx_word' id='word_1_204' title='bbox 847 3443 1034 3502; x_wconf 91' lang='lat' dir='ltr'>voventem</span> <span class='ocrx_word' id='word_1_205' title='bbox 1048 3443 1108 3502; x_wconf 90' lang='lat' dir='ltr'>aut</span> <span class='ocrx_word' id='word_1_206' title='bbox 1125 3439 1304 3502; x_wconf 89' lang='lat' dir='ltr'>materiam</span> <span class='ocrx_word' id='word_1_207' title='bbox 1319 3437 1389 3502; x_wconf 88' lang='lat' dir='ltr'>voti</span> <span class='ocrx_word' id='word_1_208' title='bbox 1411 3457 1418 3500; x_wconf 92' lang='lat'><strong>:</strong></span> <span class='ocrx_word' id='word_1_209' title='bbox 1437 3437 1555 3501; x_wconf 87' lang='lat' dir='ltr'>omnia</span> 
     </span>
     <span class='ocr_line' id='line_1_27' title="bbox 370 3545 1555 3627; baseline 0 -19"><span class='ocrx_word' id='word_1_210' title='bbox 370 3545 463 3608; x_wconf 88' lang='lat' dir='ltr'>enim</span> <span class='ocrx_word' id='word_1_211' title='bbox 476 3549 557 3610; x_wconf 89' lang='lat' dir='ltr'>vota</span> <span class='ocrx_word' id='word_1_212' title='bbox 575 3545 664 3609; x_wconf 79' lang='lat' dir='ltr'>liunt</span> <span class='ocrx_word' id='word_1_213' title='bbox 678 3546 742 3609; x_wconf 88' lang='lat' dir='ltr'>sub</span> <span class='ocrx_word' id='word_1_214' title='bbox 764 3545 867 3610; x_wconf 87' lang='lat' dir='ltr'>taeita</span> <span class='ocrx_word' id='word_1_215' title='bbox 880 3545 1076 3610; x_wconf 77' lang='lat' dir='ltr'>conditione</span> <span class='ocrx_word' id='word_1_216' title='bbox 1103 3565 1110 3608; x_wconf 92' lang='lat'>:</span> <span class='ocrx_word' id='word_1_217' title='bbox 1134 3570 1150 3603; x_wconf 71' lang='grc' dir='ltr'>(ι</span> <span class='ocrx_word' id='word_1_218' title='bbox 1166 3545 1232 3609; x_wconf 92' lang='lat' dir='ltr'>nisi</span> <span class='ocrx_word' id='word_1_219' title='bbox 1248 3545 1404 3627; x_wconf 89' lang='lat' dir='ltr'>superior</span> <span class='ocrx_word' id='word_1_220' title='bbox 1421 3549 1555 3608; x_wconf 84' lang='lat' dir='ltr'>eontra·</span> 
     </span>
     <span class='ocr_line' id='line_1_28' title="bbox 371 3651 1555 3736; baseline -0.001 -21"><span class='ocrx_word' id='word_1_221' title='bbox 371 3651 469 3717; x_wconf 81' lang='lat' dir='ltr'>dieat.</span> <span class='ocrx_word' id='word_1_222' title='bbox 484 3677 500 3710; x_wconf 90' lang='lat'>»</span> <span class='ocrx_word' id='word_1_223' title='bbox 515 3652 728 3736; x_wconf 80' lang='lat' dir='ltr'>Dispensatio</span> <span class='ocrx_word' id='word_1_224' title='bbox 744 3652 1013 3717; x_wconf 88' lang='lat' dir='ltr'>estuondonatio</span> <span class='ocrx_word' id='word_1_225' title='bbox 1026 3651 1245 3732; x_wconf 85' lang='lat' dir='ltr'>obligationis</span> <span class='ocrx_word' id='word_1_226' title='bbox 1262 3653 1352 3715; x_wconf 86' lang='lat' dir='ltr'>faeta</span> <span class='ocrx_word' id='word_1_227' title='bbox 1367 3651 1555 3732; x_wconf 83' lang='lat' dir='ltr'>alegiiima</span> 
     </span>
     <span class='ocr_line' id='line_1_29' title="bbox 371 3758 1554 3842; baseline -0.003 -19"><span class='ocrx_word' id='word_1_228' title='bbox 371 3763 539 3842; x_wconf 87' lang='lat' dir='ltr'>potestate</span> <span class='ocrx_word' id='word_1_229' title='bbox 554 3777 616 3822; x_wconf 89' lang='lat' dir='ltr'>seu</span> <span class='ocrx_word' id='word_1_230' title='bbox 631 3759 674 3824; x_wconf 90' lang='lat' dir='ltr'>ab</span> <span class='ocrx_word' id='word_1_231' title='bbox 683 3759 831 3824; x_wconf 88' lang='lat' dir='ltr'>habente</span> <span class='ocrx_word' id='word_1_232' title='bbox 843 3759 1119 3842; x_wconf 83' lang='lat' dir='ltr'>jurisdictionem</span> <span class='ocrx_word' id='word_1_233' title='bbox 1135 3758 1341 3824; x_wconf 82' lang='lat' dir='ltr'>ordinariam</span> <span class='ocrx_word' id='word_1_234' title='bbox 1356 3759 1391 3822; x_wconf 89' lang='lat' dir='ltr'>in</span> <span class='ocrx_word' id='word_1_235' title='bbox 1405 3759 1481 3822; x_wconf 89' lang='lat' dir='ltr'>iore</span> <span class='ocrx_word' id='word_1_236' title='bbox 1496 3775 1554 3822; x_wconf 84' lang='lat' dir='ltr'>ex-</span> 
     </span>
     <span class='ocr_line' id='line_1_30' title="bbox 374 3865 1551 3950; baseline -0.002 -20"><span class='ocrx_word' id='word_1_237' title='bbox 374 3873 481 3930; x_wconf 89' lang='lat' dir='ltr'>terno.</span> <span class='ocrx_word' id='word_1_238' title='bbox 496 3867 726 3932; x_wconf 83' lang='lat' dir='ltr'>Commutatio</span> <span class='ocrx_word' id='word_1_239' title='bbox 737 3867 997 3948; x_wconf 75' lang='lat' dir='ltr'>estsubstitutio</span> <span class='ocrx_word' id='word_1_240' title='bbox 1011 3865 1155 3950; x_wconf 88' lang='lat' dir='ltr'>alieujus</span> <span class='ocrx_word' id='word_1_241' title='bbox 1170 3867 1282 3950; x_wconf 87' lang='lat' dir='ltr'>operis</span> <span class='ocrx_word' id='word_1_242' title='bbox 1289 3865 1365 3930; x_wconf 87' lang='lat' dir='ltr'>loeo</span> <span class='ocrx_word' id='word_1_243' title='bbox 1380 3865 1551 3948; x_wconf 86' lang='lat' dir='ltr'>promissi.</span> 
     </span>
    </p>
   </div>
   <div class='ocr_carea' id='block_1_7' title="bbox 728 4073 1196 4138">
    <p class='ocr_par' dir='ltr' id='par_1_10' title="bbox 728 4073 1196 4138">
     <span class='ocr_line' id='line_1_31' title="bbox 728 4073 1196 4138; baseline -0.004 -12"><span class='ocrx_word' id='word_1_244' title='bbox 728 4075 749 4126; x_wconf 93' lang='lat'>1.</span> <span class='ocrx_word' id='word_1_245' title='bbox 766 4076 806 4127; x_wconf 83' lang='lat' dir='ltr'>be</span> <span class='ocrx_word' id='word_1_246' title='bbox 820 4073 960 4138; x_wconf 67' lang='lat' dir='ltr'>ponente</span> <span class='ocrx_word' id='word_1_247' title='bbox 976 4073 1108 4126; x_wconf 85' lang='lat' dir='ltr'>irritandi</span> <span class='ocrx_word' id='word_1_248' title='bbox 1122 4075 1196 4128; x_wconf 88' lang='lat' dir='ltr'>vota.</span> 
     </span>
    </p>
   </div>
   <div class='ocr_carea' id='block_1_8' title="bbox 371 4221 1555 4737">
    <p class='ocr_par' dir='ltr' id='par_1_11' title="bbox 371 4221 1555 4737">
     <span class='ocr_line' id='line_1_32' title="bbox 413 4221 1554 4306; baseline -0.001 -17"><span class='ocrx_word' id='word_1_249' title='bbox 413 4225 446 4306; x_wconf 85' lang='lat' dir='ltr'>u)</span> <span class='ocrx_word' id='word_1_250' title='bbox 469 4223 621 4288; x_wconf 83' lang='lat' dir='ltr'>Paterna</span> <span class='ocrx_word' id='word_1_251' title='bbox 639 4228 795 4306; x_wconf 84' lang='lat' dir='ltr'>potestas</span> <span class='ocrx_word' id='word_1_252' title='bbox 816 4222 928 4304; x_wconf 88' lang='lat' dir='ltr'>primo</span> <span class='ocrx_word' id='word_1_253' title='bbox 953 4221 1028 4287; x_wconf 88' lang='lat' dir='ltr'>loeo</span> <span class='ocrx_word' id='word_1_254' title='bbox 1050 4221 1298 4287; x_wconf 88' lang='lat' dir='ltr'>oonsiderauda</span> <span class='ocrx_word' id='word_1_255' title='bbox 1321 4223 1418 4286; x_wconf 90' lang='lat' dir='ltr'>veuit</span> <span class='ocrx_word' id='word_1_256' title='bbox 1441 4222 1554 4306; x_wconf 89' lang='lat' dir='ltr'>quoad</span> 
     </span>
     <span class='ocr_line' id='line_1_33' title="bbox 371 4327 1554 4412; baseline 0.001 -19"><span class='ocrx_word' id='word_1_257' title='bbox 371 4330 596 4395; x_wconf 88' lang='lat' dir='ltr'>irritationem</span> <span class='ocrx_word' id='word_1_258' title='bbox 610 4334 771 4394; x_wconf 91' lang='lat' dir='ltr'>votorum</span> <span class='ocrx_word' id='word_1_259' title='bbox 786 4349 793 4392; x_wconf 93' lang='lat'><strong>:</strong></span> <span class='ocrx_word' id='word_1_260' title='bbox 811 4329 844 4392; x_wconf 85' lang='lat' dir='ltr'>i⁰</span> <span class='ocrx_word' id='word_1_261' title='bbox 858 4327 958 4394; x_wconf 87' lang='lat' dir='ltr'>Pater</span> <span class='ocrx_word' id='word_1_262' title='bbox 971 4329 1026 4394; x_wconf 89' lang='lat' dir='ltr'>vel</span> <span class='ocrx_word' id='word_1_263' title='bbox 1041 4347 1127 4394; x_wconf 88' lang='lat' dir='ltr'>avus</span> <span class='ocrx_word' id='word_1_264' title='bbox 1142 4333 1202 4394; x_wconf 88' lang='lat' dir='ltr'>aui</span> <span class='ocrx_word' id='word_1_265' title='bbox 1216 4335 1308 4394; x_wconf 90' lang='lat' dir='ltr'>tutor</span> <span class='ocrx_word' id='word_1_266' title='bbox 1324 4335 1470 4412; x_wconf 88' lang='lat' dir='ltr'>possunt</span> <span class='ocrx_word' id='word_1_267' title='bbox 1482 4329 1554 4394; x_wconf 90' lang='lat' dir='ltr'>irri-</span> 
     </span>
     <span class='ocr_line' id='line_1_34' title="bbox 373 4436 1553 4520; baseline -0.003 -17"><span class='ocrx_word' id='word_1_268' title='bbox 373 4445 443 4503; x_wconf 85' lang='lat' dir='ltr'>tare</span> <span class='ocrx_word' id='word_1_269' title='bbox 454 4437 570 4502; x_wconf 91' lang='lat' dir='ltr'>omnia</span> <span class='ocrx_word' id='word_1_270' title='bbox 581 4441 662 4501; x_wconf 90' lang='lat' dir='ltr'>vota</span> <span class='ocrx_word' id='word_1_271' title='bbox 675 4436 893 4519; x_wconf 88' lang='lat' dir='ltr'>impuberum</span> <span class='ocrx_word' id='word_1_272' title='bbox 904 4437 967 4501; x_wconf 90' lang='lat' dir='ltr'>sibi</span> <span class='ocrx_word' id='word_1_273' title='bbox 981 4437 1226 4520; x_wconf 81' lang='lat' dir='ltr'>subjectorum,</span> <span class='ocrx_word' id='word_1_274' title='bbox 1243 4453 1352 4520; x_wconf 88' lang='lat' dir='ltr'>usque</span> <span class='ocrx_word' id='word_1_275' title='bbox 1366 4437 1410 4501; x_wconf 87' lang='lat' dir='ltr'>ad</span> <span class='ocrx_word' id='word_1_276' title='bbox 1422 4455 1553 4502; x_wconf 87' lang='lat' dir='ltr'>annum</span> 
     </span>
     <span class='ocr_line' id='line_1_35' title="bbox 372 4543 1554 4627; baseline -0.001 -16"><span class='ocrx_word' id='word_1_277' title='bbox 372 4545 614 4611; x_wconf 81' lang='lat' dir='ltr'>duodecimum</span> <span class='ocrx_word' id='word_1_278' title='bbox 630 4564 638 4621; x_wconf 89' lang='lat'>;</span> <span class='ocrx_word' id='word_1_279' title='bbox 655 4562 736 4608; x_wconf 86' lang='lat' dir='ltr'>nam</span> <span class='ocrx_word' id='word_1_280' title='bbox 749 4548 830 4608; x_wconf 88' lang='lat' dir='ltr'>veta</span> <span class='ocrx_word' id='word_1_281' title='bbox 843 4544 1072 4627; x_wconf 88' lang='lat' dir='ltr'>impuberum,</span> <span class='ocrx_word' id='word_1_282' title='bbox 1090 4545 1133 4608; x_wconf 90' lang='lat' dir='ltr'>ob</span> <span class='ocrx_word' id='word_1_283' title='bbox 1145 4544 1316 4608; x_wconf 82' lang='lat' dir='ltr'>detentum</span> <span class='ocrx_word' id='word_1_284' title='bbox 1326 4543 1456 4627; x_wconf 86' lang='lat' dir='ltr'>judieii,</span> <span class='ocrx_word' id='word_1_285' title='bbox 1473 4551 1554 4610; x_wconf 83' lang='lat' dir='ltr'>suut</span> 
     </span>
     <span class='ocr_line' id='line_1_36' title="bbox 371 4651 1555 4737; baseline -0.003 -16"><span class='ocrx_word' id='word_1_286' title='bbox 371 4655 470 4721; x_wconf 87' lang='lat' dir='ltr'>valde</span> <span class='ocrx_word' id='word_1_287' title='bbox 485 4655 684 4737; x_wconf 80' lang='lat' dir='ltr'>imperfecta</span> <span class='ocrx_word' id='word_1_288' title='bbox 705 4658 738 4715; x_wconf 89' lang='lat' dir='ltr'>et</span> <span class='ocrx_word' id='word_1_289' title='bbox 758 4653 857 4717; x_wconf 87' lang='lat' dir='ltr'>taoite</span> <span class='ocrx_word' id='word_1_290' title='bbox 881 4653 1135 4718; x_wconf 77' lang='lat' dir='ltr'>conditionata:</span> <span class='ocrx_word' id='word_1_291' title='bbox 1159 4680 1174 4712; x_wconf 90' lang='lat'>«</span> <span class='ocrx_word' id='word_1_292' title='bbox 1194 4655 1258 4717; x_wconf 91' lang='lat' dir='ltr'>nisi</span> <span class='ocrx_word' id='word_1_293' title='bbox 1278 4659 1376 4736; x_wconf 89' lang='lat' dir='ltr'>pater</span> <span class='ocrx_word' id='word_1_294' title='bbox 1392 4651 1447 4717; x_wconf 91' lang='lat' dir='ltr'>vel</span> <span class='ocrx_word' id='word_1_295' title='bbox 1462 4659 1555 4718; x_wconf 89' lang='lat' dir='ltr'>tuter</span> 
     </span>
    </p>
   </div>
   <div class='ocr_carea' id='block_1_9' title="bbox 0 0 1767 5572">
    <p class='ocr_par' dir='ltr' id='par_1_12' title="bbox 0 0 1767 5572">
     <span class='ocr_line' id='line_1_37' title="bbox 0 0 1767 5572; baseline 0 0"><span class='ocrx_word' id='word_1_296' title='bbox 0 0 1767 5572; x_wconf 95' lang='lat' dir='ltr'> </span> 
     </span>
    </p>
   </div>
  </div>
 </body>
</html>
