3504 5572
372 549 433 618 aci
832 565 884 620 tos
904 565 1087 620 cottoniana.

371 689 507 770 ignorat
529 689 763 772 prestantiam
788 691 923 767 mercis,
949 696 1083 775 emptor
1105 689 1307 756 alternative
1337 694 1473 754 tenetur
1495 685 1551 754 vel

369 797 463 861 illam
484 798 715 876 manifestare,
741 798 794 864 vel
814 817 942 882 augere
969 799 1118 883 pretium
1149 798 1282 882 aequule
1309 798 1434 874 merci3
1463 799 1549 862 ratio

371 911 434 981 est,
452 907 532 989 quis
545 909 644 972 secus
657 907 785 990 emptio
800 915 892 972 esset
912 907 1052 990 injusta,
1069 912 1188 991 utpote
1203 905 1391 990 inaequalis.
1408 905 1549 982 Deinde,

372 1031 416 1078 ex
429 1013 603 1078 communi
614 1014 794 1090 sententia,
810 1019 945 1098 emptor
956 1019 1051 1080 tutus
1066 1033 1142 1080 esse
1156 1008 1276 1098 nequit
1284 1013 1321 1077 in
1330 1013 1550 1087 conscientia.

373 1120 402 1184 si
422 1120 566 1186 tacendo
589 1121 704 1186 minus
730 1122 879 1206 pretium
903 1121 1036 1199 offerat,
1061 1123 1231 1207 quianon
1252 1127 1366 1206 potest
1390 1122 1551 1204 praesumi

371 1247 560 1294 consensus
580 1231 776 1298 venditoris.

411 1340 445 1402 2⁰
463 1339 497 1403 Si
520 1341 655 1406 bonitas
681 1341 737 1406 vel
759 1341 985 1408 commoditas
1010 1341 1121 1407 latens
1147 1342 1192 1406 sit
1214 1343 1406 1406 extrinseca
1430 1339 1551 1416 merci,

371 1467 403 1513 v.
421 1466 454 1530 g.
469 1449 651 1514 thesaurus
672 1448 729 1512 val
750 1449 942 1516 aurifodinae
961 1451 997 1515 in
1016 1450 1123 1515 fundo
1143 1448 1265 1526 latens,
1283 1455 1419 1532 emptor
1432 1447 1474 1511 de
1488 1447 1553 1511 hoo

371 1556 557 1622 admonere
573 1574 644 1621 non
658 1562 796 1622 tenetur
811 1559 1038 1635 venditorem,
1057 1559 1117 1629 sed
1138 1559 1284 1622 fundum
1303 1573 1418 1622 emere
1440 1559 1554 1638 potest

372 1663 521 1728 currenti
535 1665 646 1748 pretio
658 1666 770 1747 justo:
781 1666 829 1730 itu
842 1667 1036 1732 communis
1052 1667 1223 1730 sententia
1236 1671 1317 1748 post
1331 1664 1363 1727 S.
1374 1663 1549 1727 Thomarn.

371 1770 469 1836 Ratio
491 1776 553 1848 est,
570 1771 651 1854 quia
669 1773 803 1855 justitia
822 1775 923 1856 pretii
947 1792 1017 1839 non
1038 1773 1230 1839 desumitur
1249 1771 1389 1856 praeoise
1416 1789 1459 1834 err
1481 1784 1553 1832 rna-

369 1880 436 1960 jori
455 1878 599 1945 utilitate
625 1880 686 1956 rei,
702 1879 763 1946 sed
777 1899 821 1946 ex
834 1883 1010 1948 communi
1026 1881 1291 1946 existimatione.
1309 1879 1417 1962 Igitur
1431 1879 1466 1941 in
1487 1877 1552 1940 hoo

372 2005 454 2050 casu
467 1986 579 2052 latens
591 1987 773 2054 thesaurus
788 2008 825 2054 se
839 1990 943 2056 habet
955 2009 1018 2074 per
1031 1993 1200 2068 accidens,
1219 2007 1282 2056 uec
1297 1985 1438 2053 scientia
1452 1989 1552 2048 nocet

372 2095 534 2179 emptori.

412 2204 443 2288 d)
457 2203 601 2268 Tenetur
621 2205 843 2272 manifestare
862 2208 986 2272 vitium
1007 2209 1107 2292 pretii
1129 2227 1190 2273 seu
1208 2211 1368 2272 monetae.
1387 2206 1417 2268 i·
1433 2203 1466 2268 Si
1481 2220 1552 2267 mo-

371 2317 452 2377 neta
473 2319 525 2376 est
543 2311 745 2390 adulterina,
761 2320 897 2398 emptor
917 2316 959 2380 de
978 2317 1045 2380 boo
1065 2315 1251 2381 admonere
1274 2314 1376 2379 debet
1397 2311 1552 2376 vendito-

371 2439 467 2485 rem:
485 2420 513 2484 si
528 2421 600 2504 ipse
622 2427 757 2505 emptor
770 2423 813 2488 ab
827 2421 893 2488 alio
906 2423 994 2489 hauc
1007 2430 1184 2488 monetam
1205 2422 1372 2498 tradente,
1389 2421 1552 2503 deceptus

372 2534 434 2604 est,
449 2547 511 2612 par
527 2528 592 2593 hoo
612 2547 683 2594 non
703 2530 884 2614 acquisivit
894 2533 953 2615 jus
971 2531 1163 2614 decipiendi
1178 2529 1274 2606 alios,
1292 2548 1352 2593 seu
1372 2528 1466 2593 illam
1487 2533 1553 2590 tra-

372 2635 475 2700 dendi
494 2617 585 2712 aliis;
602 2637 635 2700 2·
652 2637 681 2702 si
696 2638 839 2702 minoris
855 2637 899 2702 sit
919 2637 1019 2722 pretii
1039 2644 1074 2703 et
1088 2638 1248 2722 venditor
1267 2641 1364 2720 putet
1376 2653 1453 2700 eam
1476 2651 1551 2698 esse

371 2743 524 2826 majoris,
540 2763 613 2809 non
625 2751 766 2811 teneam
783 2751 977 2830 emmaum
990 2763 1147 2822 monne,
1168 2745 1272 2810 modo
1286 2747 1427 2810 moneta
1449 2757 1552 2826 quarn

373 2849 484 2928 solvit,
504 2869 549 2916 ex
571 2858 746 2918 contractu
762 2859 877 2937 aequet
889 2854 1039 2936 pretium
1059 2853 1176 2918 minus
1197 2852 1366 2927 intimum,
1382 2867 1465 2914 uam
1479 2848 1553 2928 das·

373 2963 483 3024 tructa
496 2977 565 3024 non
581 2965 634 3024 est
647 2961 825 3045 aequalitas
843 2961 879 3026 in
897 2966 1092 3042 contractu;
1112 2960 1173 3026 ssd
1195 2961 1224 3024 si
1237 2958 1397 3024 venditor
1410 2957 1553 3020 interro-

372 3072 512 3146 garetur
532 3066 574 3132 de
590 3068 707 3134 valore
726 3075 886 3146 monetae,
908 3068 1049 3134 deberet
1069 3087 1146 3134 eam
1160 3067 1396 3140 manifestare3
1412 3065 1445 3126 3ο
1460 3064 1499 3138 si,
1517 3063 1552 3126 in

372 3175 544 3256 praesenti,
570 3175 724 3241 valorem
745 3176 849 3242 habet
868 3195 972 3261 quem
995 3177 1155 3242 venditor
1171 3175 1339 3258 concepit,
1365 3172 1426 3238 sed
1449 3171 1552 3266 paulo

372 3286 451 3363 post
465 3283 560 3347 valor
576 3283 640 3348 ista
655 3285 699 3348 sit
716 3285 984 3362 imminuendus,
1004 3303 1074 3350 non
1088 3289 1224 3350 tenetur
1243 3297 1385 3348 monere
1399 3278 1553 3344 vendito·

372 3406 461 3466 rem;
484 3407 565 3454 nam
586 3397 743 3456 servatur
762 3391 939 3477 aequalitas
959 3393 996 3456 in
1014 3397 1191 3458 contractu
1202 3397 1237 3456 et
1246 3391 1394 3474 pretium
1408 3385 1553 3451 solvitur

372 3495 407 3559 in
420 3502 561 3563 moneta
580 3500 698 3582 proba,
719 3499 873 3582 legitima
887 3507 922 3566 et
944 3499 1067 3566 usuali.
1091 3500 1210 3577 Quoad
1229 3499 1407 3564 laesionem
1420 3496 1456 3558 in
1470 3496 1544 3577 ipso

372 3605 493 3685 pretio,
506 3605 658 3671 dicemus
676 3623 739 3672 suo
752 3605 840 3673 loeo.

411 3715 438 3796 c)
454 3713 571 3790 Quoad
592 3714 707 3780 locum
721 3721 757 3780 et
773 3721 908 3800 tempus
926 3717 1105 3783 solutionis
1122 3737 1129 3780 :
1146 3718 1178 3781 l⁰
1196 3715 1288 3780 idem
1303 3715 1484 3782 dicendum
1500 3717 1553 3776 est

372 3837 411 3884 sc
426 3821 467 3886 de
480 3823 529 3887 rei
545 3823 742 3901 traditione3
755 3825 881 3889 solutio
895 3826 934 3890 ut
946 3825 1000 3890 die
1011 3823 1070 3890 illo
1083 3827 1141 3910 qui
1156 3824 1317 3890 solutioni
1330 3824 1365 3888 in
1376 3826 1550 3887 contractu

372 3929 533 4010 praeflxus
553 3937 621 4008 est;
647 3931 674 3995 si
697 3930 812 3997 nullus
833 3933 994 4015 praeilxus
1019 3938 1072 3998 est
1095 3933 1180 4010 dies,
1201 3931 1396 3996 deridebat
1415 3927 1551 4013 quando

372 4036 530 4102 venditor
543 4056 604 4122 pro
620 4039 790 4104 solutione
805 4039 1015 4124 interpellst;
1031 4058 1113 4105 uam
1126 4041 1163 4103 in
1179 4038 1443 4121 obligationibus
1457 4035 1551 4120 puris

374 4161 449 4226 quae
464 4151 596 4209 certum
608 4151 745 4230 tempus
757 4146 937 4212 solutionis
947 4167 1017 4214 non
1027 4147 1165 4224 habent,
1178 4146 1338 4231 praesenti
1351 4146 1404 4210 die
1420 4150 1455 4210 et
1468 4145 1554 4208 bora

373 4252 558 4317 satisfactio
582 4253 736 4332 debetur,
752 4261 791 4319 ut
803 4256 872 4320 fert
893 4255 1097 4340 principium
1115 4257 1218 4339 juris3
1236 4255 1269 4320 2⁰
1285 4255 1312 4318 si
1327 4255 1391 4318 luit
1404 4253 1440 4316 in
1455 4269 1553 4316 mora

315 4395 318 4402 ·
371 4359 528 4444 culpabili
552 4359 722 4438 solvendi,
743 4381 814 4427 non
841 4381 939 4429 secus
962 4383 1001 4430 ac
1023 4364 1192 4441 venditor,
1218 4368 1355 4428 tenetur
1374 4365 1549 4444 prestare,

373 4485 443 4531 non
458 4467 570 4531 solum
584 4468 720 4552 culpam
731 4469 836 4536 latam
851 4475 885 4534 et
898 4470 1027 4549 dolum,
1047 4472 1108 4537 sed
1122 4473 1225 4537 etiam
1240 4471 1366 4548 levem,
1379 4487 1459 4533 cum
1473 4485 1552 4532 con-

374 4577 501 4638 tractus
524 4575 588 4640 iste
610 4576 645 4640 iu
669 4577 815 4658 gratiam
838 4579 1015 4662 utriusque
1039 4579 1240 4644 celebretur.
1257 4577 1343 4642 ltem
1358 4596 1379 4642 a
1397 4581 1552 4659 tempore

375 4699 479 4746 morsa
502 4687 638 4748 tenetur
658 4691 821 4768 proestare
840 4705 961 4751 usuras
975 4688 995 4749 5
1009 4705 1070 4770 pro
1089 4687 1157 4762 itt,
1176 4687 1246 4750 sive
1267 4687 1336 4748 sint
1356 4699 1552 4767 compensa-
