3504 5566
378 567 437 630 les
835 581 885 626 ms
908 579 1087 625 canonicus.

377 700 500 766 modus
514 697 653 764 tollendi
669 696 922 778 obligationem,
935 695 995 760 sed
1008 700 1141 760 tuntum
1150 713 1192 759 ex
1202 693 1260 759 illo
1273 693 1422 760 nuscitur
1432 713 1549 778 excep·

379 809 435 883 lio,
455 827 521 892 qua
534 805 710 872 creditoris
724 805 811 870 actio
827 804 981 870 elidatur.

418 917 449 980 9·
465 915 624 1000 Ecceptio
640 913 874 995 jurisjurandi
892 911 1055 996 competit
1077 912 1107 976 ei
1132 913 1189 994 qui
1208 912 1336 994 juravit
1356 929 1430 976 rem
1454 929 1551 975 suam

380 1043 465 1098 esse,
488 1023 543 1086 vel
558 1041 594 1086 ae
613 1039 683 1085 non
705 1020 840 1096 debere,
857 1021 885 1084 si
905 1020 972 1085 tole
983 1022 1218 1102 juramentum
1230 1021 1273 1084 ab
1289 1023 1403 1085 actore
1418 1019 1450 1084 ei
1464 1017 1551 1083 dels-

381 1137 453 1194 tom
469 1132 521 1193 sit.

794 1513 979 1590 rutilus
1011 1513 1134 1588 XXVI.

694 1697 737 1740 os
775 1695 1164 1740 runscnrrrrouraus
1190 1678 1242 1758 (l).

887 1853 1054 1866 ψ

530 2018 546 2080 §
565 2005 591 2070 l.¹
604 1985 648 2070 ile
665 2019 788 2080 notura,
810 2012 956 2070 varietate
976 2017 1005 2069 et
1024 2011 1140 2084 origine
1156 2011 1404 2084 prascriptionts.

422 2158 454 2239 n)
467 2157 733 2239 Praescriptionis
749 2173 875 2219 nomen
898 2155 932 2217 in
953 2157 1030 2237 jure
1052 2154 1229 2237 dupliciter
1249 2155 1419 2218 sumitur:
1437 2156 1467 2218 l⁰
1488 2154 1555 2219 late

382 2273 416 2330 et
438 2265 655 2347 generaliter,
669 2269 770 2348 prout
783 2263 874 2326 idem
890 2267 942 2327 est
956 2281 995 2326 ac
1009 2263 1179 2346 excepti0;
1195 2263 1228 2326 2ο
1244 2264 1358 2327 stricte
1376 2267 1411 2326 et
1431 2263 1557 2346 specia-

380 2375 467 2451 liter,
487 2391 548 2458 pro
572 2373 770 2456 exceptione
788 2371 1019 2454 peremptoria
1040 2389 1102 2455 per
1117 2371 1219 2454 quem
1233 2389 1421 2454 possessor,
1437 2371 1472 2435 in
1486 2372 1556 2456 qui-

383 2483 526 2547 busdam
537 2481 788 2548 conditionibus
802 2480 1018 2558 constitutus,
1034 2484 1153 2545 contra
1166 2479 1344 2544 dominum
1357 2481 1481 2563 excipit
1497 2502 1504 2544 :
1521 2481 1556 2546 in

382 2592 446 2655 lroc
469 2609 572 2656 sensu
595 2591 650 2654 hio
674 2591 829 2657 sumitur.
854 2587 937 2653 Hinc
962 2595 1014 2653 est
1028 2607 1088 2654 cur
1111 2588 1210 2653 titulo
1232 2589 1273 2652 de
1299 2587 1557 2674 Enceptionidns

384 2697 543 2763 succedat
556 2697 675 2761 titulus
690 2698 731 2762 de
743 2697 1061 2783 Praescrrptionibns.

423 2807 634 2890 Praescriptio
653 2809 839 2872 delinitur:
865 2807 1019 2888 Adjectio
1045 2810 1116 2872 sive
1147 2809 1321 2892 acquisitio
1342 2808 1485 2874 dominii
1506 2809 1561 2872 cel

383 2919 493 3002 qnasi,
510 2926 571 2980 ont
587 2917 785 2998 alicnijnris
809 2919 877 2982 sinc
897 2918 998 2982 realis
1023 2919 1092 2981 sive
1100 2918 1290 3005 personalis
1298 2919 1487 3004 peremptio
1494 2937 1559 3002 per

383 3026 670 3090 continuationem
692 3027 922 3108 possessionis,
953 3035 1100 3110 tempore
1127 3035 1160 3089 et
1182 3026 1282 3090 modo
1312 3045 1334 3089 a
1359 3025 1485 3110 lepidus
1507 3025 1562 3089 cel

383 3136 488 3198 sacris
503 3111 685 3198 canonibus
700 3133 845 3214 definito.
1634 3213 1637 3220 Ι

424 3243 553 3306 Dicitur
574 3242 782 3326 «acquisitio
802 3242 943 3306 dominii
964 3243 1018 3307 vel
1041 3244 1149 3327 quasi,
1171 3249 1231 3309 aut
1244 3243 1346 3308 alieni
1362 3241 1487 3326 juris...
1504 3261 1559 3326 pe-

385 3351 531 3434 remptio
544 3371 572 3425 »3
598 3350 740 3414 effectus
752 3403 754 3408 .
764 3351 856 3414 enim
879 3351 1143 3434 prescriptionis
1162 3355 1215 3415 est
1228 3356 1267 3415 ut
1280 3349 1474 3434 acquiratur
1488 3351 1559 3414 sive

385 3457 586 3533 dominium,
611 3458 713 3524 etiam
738 3459 903 3524 directum
926 3458 1155 3542 (Schmalzgr,
1177 3479 1211 3523 n.
1225 3461 1256 3536 5,
1272 3459 1313 3540 6),
1332 3459 1403 3524 sive
1422 3459 1559 3524 libertas

385 3569 427 3632 ab
443 3567 660 3650 obligatione,
677 3569 852 3645 servitute,
870 3573 932 3631 etc.

424 3675 633 3759 Praescriptio
653 3681 687 3739 et
706 3677 864 3760 ecsnenpio
879 3676 980 3740 hodie
1003 3677 1212 3759 synonimice
1232 3681 1461 3761 acceptantur,
1482 3677 1561 3741 licet

386 3785 430 3846 sit
443 3783 621 3847 diversitas
635 3783 670 3846 iu
686 3783 788 3848 modo
803 3783 1013 3864 significandi
1028 3805 1034 3846 :
1052 3787 1226 3869 usucapio,
1238 3791 1276 3849 ut
1285 3791 1419 3850 constat
1434 3805 1477 3849 ex
1492 3791 1560 3868 ety-

387 3891 535 3973 mologia
548 3891 714 3968 vocabuli,
733 3899 785 3956 est
794 3893 917 3958 modus
929 3895 1124 3978 acquirendi
1136 3894 1337 3970 dominium;
1351 3895 1560 3978 praescriptio

389 4018 468 4064 vero
482 4005 534 4064 est
548 4001 677 4082 species
693 4001 900 4086 exceptionis
914 4003 1151 4087 peremptoriae
1163 4009 1385 4088 :quapropter
1399 4005 1560 4086 usucapio

387 4108 531 4171 liabetur
546 4115 583 4171 ut
596 4129 698 4174 causa
713 4116 747 4174 et
761 4111 969 4195 praescriptic
982 4119 1020 4176 ut
1035 4113 1186 4176 ellectus.

428 4215 637 4299 Praescript'to
651 4217 797 4282 sumitur
808 4217 863 4282 vel
877 4220 912 4282 in
924 4221 1009 4300 fieri,
1022 4227 1123 4304 prout
1136 4226 1188 4285 est
1200 4227 1296 4285 actus
1308 4221 1561 4286 continuativas

386 4323 613 4404 possessionis
643 4325 795 4389 nondum
824 4331 977 4410 tempore
1001 4327 1196 4412 completae,
1221 4327 1276 4392 vel
1303 4330 1337 4392 in
1362 4330 1455 4412 fecto
1480 4348 1558 4403 esse,

418 4479 450 4541 il)
467 4481 503 4529 lle
520 4481 563 4531 hic
576 4483 663 4546 agitur
678 4487 704 4532 1⁰
719 4483 746 4532 io
761 4484 834 4546 lost„
849 4483 894 4535 lib.
911 4485 946 4547 ll,
962 4487 1001 4536 tit
1018 4498 1060 4548 νη
1077 4487 1105 4536 in
1119 4487 1254 4548 Pandect„
1270 4487 1316 4538 lib.
1331 4487 1399 4550 ΧΗ,
1412 4489 1453 4538 tit.
1468 4499 1560 4550 ιιι-εις

387 4559 433 4610 lib.
448 4561 532 4626 llth,
547 4563 586 4612 tit.
605 4575 652 4624 111;
671 4564 698 4613 iu
713 4563 817 4624 Codice,
833 4563 879 4615 lib.
895 4565 947 4626 llll,
962 4567 1000 4616 tit.
1021 4577 1142 4630 xxi-xum
1161 4569 1254 4620 Novel.
1273 4571 1302 4634 9;
1322 4571 1353 4620 2⁰¹
1367 4569 1396 4620 in
1415 4569 1477 4619 Cod.
1499 4569 1561 4630 cia,

386 4655 410 4698 a,
431 4641 470 4704 82,
491 4644 546 4704 lsi,
559 4644 615 4705 339,
631 4645 685 4707 ut,
703 4642 758 4706 695,
775 4645 830 4710 tos,
845 4649 905 4708 etc,
926 4645 994 4700 1234,
1008 4650 1068 4709 ete,
1083 4649 1153 4711 2226,
1168 4650 1239 4710 2229,
1255 4653 1315 4714 etc,
1331 4652 1392 4712 ater,
1406 4649 1469 4700 God.
1485 4650 1560 4702 instr.

387 4721 474 4786 crim,
489 4737 515 4774 a:
529 4726 575 4774 637
589 4727 616 4774 et
630 4737 685 4790 seq.
