3498 5572
475 618 477 626 ,
563 570 649 618 ussa
670 571 794 618 rennes
815 569 1033 618 nscnsmnuu.
1328 545 1385 612 tal

253 689 283 772 b)
310 689 361 754 Ad
397 687 545 753 validam
581 687 871 770 dispensationem
900 693 1059 752 votorum
1087 683 1271 768 requiritur
1295 685 1390 764 justa

212 813 325 873 causa,
342 795 406 859 etsi
424 794 585 859 Summus
597 794 753 860 Pontifex
764 794 955 877 dispenset;
970 811 1051 858 nam
1063 793 1204 858 inferior
1217 791 1391 873 sinejusta

212 921 315 968 causa
329 902 449 986 nequit
469 902 664 985 dispensare
688 902 813 984 injure
839 901 1034 984 superioris,
1052 919 1095 964 ex
1109 899 1257 982 vulgatis
1269 897 1391 981 princi-

212 1010 295 1092 piis;
317 1027 419 1094 porro
441 1015 522 1076 vota
542 1015 623 1074 sunt
638 1009 725 1092 juris
751 1009 926 1084 naturalis,
948 1009 1039 1092 quod
1062 1013 1114 1073 est
1139 1007 1297 1091 superius
1312 1005 1388 1086 loge

213 1119 317 1184 etiam
328 1103 524 1202 pontificali.

253 1225 369 1290 Causae
381 1229 484 1309 justae
505 1226 548 1290 ad
565 1225 855 1310 dispensationem
877 1226 948 1289 voti
970 1226 1142 1310 requisitas
1164 1231 1245 1289 sunt
1263 1223 1389 1308 plures,

214 1353 289 1418 ques
303 1340 448 1416 possunt
457 1334 573 1398 reduci
583 1334 813 1418 adsequentia
826 1335 953 1417 capita:
967 1336 997 1397 1ο
1008 1334 1160 1398 defectus
1170 1333 1391 1398 advertentiae

214 1448 248 1506 et
261 1440 371 1524 plenae
393 1441 556 1506 libertatis
576 1442 611 1504 in
630 1441 799 1517 vovendo,
819 1448 857 1504 ut
876 1443 904 1503 si
920 1459 962 1504 en
980 1441 1131 1516 levitate,
1150 1439 1390 1523 imprudentia,

213 1549 408 1612 vehementi
431 1550 603 1632 passione,
627 1555 733 1624 metu,
760 1549 1047 1631 praecipimtione;
1071 1549 1104 1611 2⁰
1119 1548 1278 1613 notabilis
1306 1547 1392 1612 diffl-

214 1658 322 1723 cultas
363 1659 398 1721 in
431 1657 668 1740 exsequendo,
700 1661 851 1739 spectato
887 1662 977 1721 statu
1010 1657 1175 1720 hodierno
1213 1657 1389 1732 voventis3

214 1767 246 1830 3⁰
260 1765 448 1849 periculum
472 1767 612 1849 majoris
626 1765 708 1830 mali
730 1767 913 1848 spiritualis
927 1767 982 1830 vel
996 1767 1180 1850 corporalis
1193 1787 1200 1841 ;
1215 1765 1247 1828 4⁰
1263 1766 1393 1829 bonum

214 1875 605 1957 commune,prsesertim
619 1873 786 1950 Ecclesiae,
799 1875 908 1954 regni,
920 1873 1055 1938 familiae
1067 1895 1074 1936 z
1087 1892 1155 1957 quo
1164 1892 1256 1949 casu,
1272 1877 1393 1936 votum

216 1987 268 2044 est
282 1982 519 2064 impeditivum
533 1981 675 2064 majoris
699 1981 789 2044 boni.

255 2088 337 2154 Hinc
362 2088 511 2154 notabile
534 2087 713 2152 intercedit
735 2089 917 2154 discrimen
940 2090 1029 2154 inter
1046 2089 1338 2173 dispensationem
1360 2092 1395 2150 et

215 2197 440 2263 irritationem
454 2203 630 2274 votorum;
647 2197 782 2261 named
797 2197 1087 2280 dispensationem
1098 2198 1282 2281 requiritur
1292 2199 1395 2278 juris

217 2304 318 2369 dictio
342 2307 615 2387 etjustacausa;
640 2309 759 2369 contra
782 2305 825 2368 ad
849 2305 1076 2370 irritationem
1101 2306 1226 2370 sufficit
1241 2311 1394 2388 potestas

216 2411 635 2494 privatosineullacausa.

258 2519 297 2582 ΙΙ.
314 2519 361 2583 De
375 2521 460 2584 votis
476 2519 618 2585 Summo
634 2520 793 2603 Pontifici
802 2523 991 2587 reservatis.
1004 2559 1043 2568 -
1057 2523 1083 2604 c)
1094 2523 1173 2587 llaec
1190 2528 1278 2599 vota,
1292 2525 1394 2604 Juxta

217 2628 437 2710 antiquiores,
450 2633 531 2692 sunt
543 2629 692 2712 quinque
702 2634 846 2699 tantum,
864 2629 990 2694 scilicet
1002 2637 1121 2694 votum
1136 2629 1310 2710 religionis
1325 2647 1395 2692 am-

217 2733 416 2815 plectendas,
443 2735 606 2799 eastitatis
634 2742 808 2818 perpetuae
832 2755 870 2800 ac
897 2738 1054 2819 perfectae
1084 2743 1119 2800 et
1143 2736 1281 2819 triplicis
1300 2755 1395 2818 pere-

217 2843 429 2922 grinationis,
451 2843 700 2926 lerosolymam
724 2844 767 2907 ad
784 2845 815 2907 S.
836 2844 1040 2927 sepulcrum,
1059 2841 1207 2909 'Romam
1222 2845 1265 2910 ad
1277 2845 1396 2908 limina

218 2949 460 3038 Apostolorum
474 2957 509 3016 et
523 2950 785 3034 Compostellam
802 2953 843 3016 ad
859 2952 890 3014 S.
908 2952 1071 3017 iacobum
1089 2973 1095 3014 ι
1115 2953 1161 3017 ita
1176 2953 1292 3017 Sixtus
1307 2953 1346 3017 tv
1361 2955 1396 3017 in

220 3064 350 3129 extrav.
362 3057 448 3135 Etsi,
465 3049 509 3124 dc¹
520 3059 643 3124 Poem't.

260 3169 325 3232 Sed
346 3170 552 3236 recentiores
573 3169 639 3234 alia
659 3176 840 3233 recensent
855 3175 935 3233 vota
950 3171 1038 3232 inter
1059 3174 1234 3233 reservata
1255 3169 1396 3233 Summo

220 3277 372 3340 Pontifici
389 3297 396 3338 :
412 3281 494 3346 vota
516 3275 729 3360 oblipatorr'a,
745 3295 807 3340 seu
822 3276 858 3339 in
880 3277 1005 3360 quibus
1022 3277 1062 3340 de
1086 3277 1283 3358 praejudicio
1306 3275 1397 3338 tertii

220 3386 333 3466 agitur
355 3402 457 3467 aquo
472 3384 593 3453 eadem
609 3390 689 3447 sunt
703 3390 883 3466 acceptata,
906 3391 940 3448 et
963 3389 1044 3448 vota
1052 3385 1221 3467 pessaria,
1238 3403 1299 3448 seu
1314 3401 1397 3465 prse—

220 3493 392 3557 servativa
405 3510 425 3556 a
440 3495 588 3572 peccato,
607 3493 798 3573 computari
814 3492 978 3555 deberent
996 3492 1086 3554 inter
1110 3496 1293 3556 reservata.
1321 3490 1398 3554 Haec

223 3604 338 3663 autem
367 3598 520 3664 doctrina
545 3597 708 3666 fundatur
732 3598 767 3661 in
800 3598 1085 3663 declarationibus
1114 3599 1169 3662 SS.
1198 3599 1397 3662 Pontificum

223 3706 311 3769 circa
340 3703 518 3770 facultates
542 3704 826 3770 extraordinarias
856 3705 1141 3770 confessariorum
1177 3706 1211 3768 in
1244 3699 1397 3786 tempore

220 3813 368 3894 jubilaei;
384 3831 465 3876 nam
479 3813 515 3875 in
528 3812 749 3878 concessione
765 3812 934 3877 facultatis
948 3811 1180 3877 commutandi
1191 3817 1272 3876 vota
1284 3813 1319 3876 in
1333 3811 1399 3876 alia

224 3937 338 4002 opera,
371 3920 426 3984 SS.
450 3920 630 3985 Pontifices
653 3921 826 4003 excipiunt
852 3927 933 3985 vota
959 3920 1161 4002 obligatoria
1183 3927 1217 3985 et
1239 3919 1396 4003 poenalia.

224 4025 340 4110 ltaque
355 4032 488 4110 septem
502 4043 623 4110 reapse
638 4033 719 4091 sunt
731 4033 813 4093 vota
827 4027 905 4094 sedi
919 4028 1120 4111 apostolicae
1136 4033 1320 4092 reservata.

263 4138 296 4201 2⁰
313 4137 396 4201 Cum
410 4136 597 4201 reservatio
613 4135 730 4202 odiosa
745 4136 789 4200 sit
805 4155 847 4200 ex
866 4137 1040 4208 communi
1055 4137 1120 4200 Db.
1139 4137 1318 4213 sententia,
1335 4135 1401 4200 ista

224 4247 358 4309 tantum
377 4249 459 4310 vota
472 4248 656 4310 censentur
669 4249 844 4308 reservata
859 4263 936 4328 qum
951 4247 1032 4308 sunt
1050 4245 1085 4306 in
1105 4261 1170 4308 suo
1182 4261 1309 4324 genere
1323 4261 1399 4326 per-

224 4353 322 4416 fecta.
334 4351 417 4416 llinc
429 4350 628 4418 illatantum
642 4355 723 4415 vota
737 4355 921 4414 censentur
934 4355 1109 4416 reservata
1120 4369 1196 4432 quae
1210 4354 1401 4432 suntspon-

226 4465 335 4536 tanee,
360 4459 485 4522 intuitu
510 4458 616 4526 solius
646 4459 786 4524 honoris
816 4458 920 4522 divini
948 4459 1053 4533 facta,
1085 4462 1120 4521 et
1147 4457 1261 4522 solum
1289 4456 1401 4540 quoad

226 4568 462 4643 substantiam,
477 4583 548 4630 non
564 4565 676 4650 quoad
698 4565 894 4640 accidentia,
915 4565 965 4628 uti
980 4569 1062 4629 sunt
1083 4565 1293 4646 peregrinari
1309 4563 1400 4646 pedi-

225 4676 300 4752 bus,
317 4677 448 4758 ingredi
465 4675 667 4740 strictiorem
683 4661 742 4740 aut
756 4675 921 4739 laxiorem
937 4673 1102 4750 ordinem,
1123 4679 1185 4738 etc.
