3504 5566
555 561 643 608 ureae
664 561 815 609 secururs
836 563 1057 612 nncaarrrruu.
1330 553 1391 614 111

268 779 285 852 §
303 781 350 836 111.
370 778 410 836 ne
428 776 604 850 probatione
623 779 820 838 testimoniali
837 786 866 838 et
881 779 1085 852 publicatione
1106 783 1344 842 attestationum.

450 964 472 1012 t.
488 963 528 1013 Da
541 961 569 1014 ri
584 961 613 1014 et
627 960 754 1014 etboaciu
766 961 940 1026 probationis
954 961 1164 1016 testimonialia.

258 1113 293 1194 a)
307 1109 548 1175 Consideratur
560 1109 596 1172 iu
610 1109 729 1191 primis
742 1111 898 1192 probatio
913 1112 1052 1175 testium
1067 1113 1305 1198 sinpnlarinm.

259 1222 292 1282 1ο
315 1218 432 1282 Testes
446 1215 647 1298 singulares,
665 1217 898 1298 singularitate
922 1219 1101 1296 obstative‚
1135 1222 1217 1286 nibil
1240 1226 1394 1307 probant,

219 1346 298 1392 cum
312 1327 441 1391 dictum
458 1325 558 1388 unius
572 1324 768 1390 destruatur
779 1325 868 1390 dicto
880 1325 1030 1403 altanus,
1048 1328 1136 1393 sicut
1149 1331 1318 1396 accidit-in
1331 1333 1396 1396 illis

220 1436 413 1502 senioribus
428 1434 567 1518 (Daniel,
584 1439 661 1516 xur).

259 1545 376 1609 Testes
391 1543 591 1624 singulares,
610 1541 844 1625 singularitate
853 1544 1339 1632 diversificativa‘deponentes
1355 1550 1397 1614 de

219 1653 375 1732 diversis,
399 1671 470 1718 non
492 1659 607 1718 tamma
629 1652 693 1716 sibi
713 1654 1010 1733 contrariantibus,
1035 1655 1135 1741 plene
1155 1676 1224 1722 non
1237 1660 1394 1752 probent,

218 1781 298 1827 oum
318 1761 512 1828 indicendo
537 1767 739 1826 remaneant
763 1763 954 1844 singulares
971 1785 977 1826 :
999 1764 1078 1828 inde
1091 1756 1245 1848 probatio
1260 1787 1330 1833 non
1346 1774 1398 1834 est

220 1872 285 1936 nisi
300 1873 387 1936 semi
401 1871 503 1956 plana
515 1889 578 1954 pro
592 1871 682 1936 dioto
695 1871 920 1954 singulorum.
1075 1961 1077 1967 Ι

260 1979 377 2044 Testes
397 1979 603 2061 singulares,
629 1979 863 2062 singularitate
887 1981 1174 2060 adminiculativa,
1199 1984 1300 2068 plene
1322 2007 1398 2070 pro-

220 2089 314 2164 bant,
331 2090 359 2153 si
375 2089 548 2173 deponant
563 2109 666 2172 super
679 2090 809 2155 actibus
824 2091 867 2156 ad
891 2090 982 2154 idem
996 2110 1141 2158 numero
1155 2095 1282 2159 iactum
1297 2099 1399 2179 perti-

222 2199 398 2275 nentibus;
411 2217 509 2264 secus
523 2199 551 2263 si
565 2218 669 2284 super
679 2219 749 2265 uno
763 2201 852 2266 iacto
870 2202 1038 2284 specifico.

262 2307 295 2369 Ψ
309 2306 427 2382 Testis,
443 2307 478 2370 iu
490 2308 564 2390 ipso
576 2308 704 2390 judicio
718 2308 782 2372 sibi
796 2334 812 2367 o
827 2311 1017 2374 contrarius
1038 2303 1068 2386 »‚¹
1082 2311 1167 2374 nihil
1174 2312 1305 2394 probat,
1322 2332 1400 2378 cnm

224 2432 294 2478 non
309 2415 353 2478 sit
365 2415 451 2478 ratio
466 2433 527 2479 cur
544 2416 605 2478 uni
616 2417 730 2499 potius
745 2433 848 2499 quam
861 2415 957 2480 alteri
971 2417 1059 2482 dioto
1074 2418 1232 2484 eradatur
1249 2423 1287 2503 (c.
1302 2423 1342 2485 bt
1359 2423 1401 2486 cle

225 2522 380 2607 ripparii),
409 2527 472 2587 etc.
495 2523 528 2586 Si
550 2524 648 2588 testis
667 2529 720 2588 est
739 2529 873 2588 tantum
889 2525 1402 2608 «va1ius»,pr·imumtostimo-

225 2630 320 2694 nium
332 2630 434 2706 valet,
452 2635 486 2694 et
499 2631 916 2714 secundumpraesumitur
926 2633 1093 2714 proticisci
1105 2653 1148 2697 ex
1159 2636 1401 2702 subornatione

226 2739 265 2819 (c.
283 2739 322 2802 10
341 2739 384 2803 cle
402 2738 524 2822 Prot).
538 2739 664 2804 Tamen
673 2741 701 2803 si
717 2739 813 2804 testis
827 2741 987 2823 probaret
999 2759 1150 2806 errorem
1164 2743 1254 2820 lacti,
1271 2744 1326 2808 vel
1340 2764 1401 2827 pro

226 2846 377 2911 secundo
391 2846 479 2912 dioto
492 2847 591 2930 plura
603 2853 720 2912 essent
734 2847 949 2924 adminicula,
964 2849 1029 2912 hoc
1040 2849 1180 2914 valeret.

267 2956 296 3038 l)
309 2955 425 3020 Testes
439 2955 554 3040 plures
572 2977 579 3020 :
597 2959 629 3021 1ο
644 2958 706 3034 Qui
726 2957 768 3021 de
781 2957 980 3022 credulitate
996 2957 1182 3040 deponunt,
1207 2979 1268 3024 seu
1287 2963 1403 3036 testiti-

226 3069 348 3128 oantur
361 3083 397 3129 se
413 3066 550 3130 credere
566 3085 640 3131 rem
652 3067 701 3130 ita
711 3084 798 3143 esse,
817 3065 900 3130 nihil
916 3068 1062 3149 probant
1078 3087 1085 3129 :
1101 3071 1403 3154 nonsuntproprie

228 3179 345 3252 testes,
359 3193 438 3239 oum
452 3177 621 3240 rationem
636 3176 689 3238 sui
703 3175 783 3239 dicti
802 3192 872 3239 non
892 3173 1037 3238 reddant
1051 3193 1114 3258 per·
1135 3195 1275 3241 sensum
1291 3197 1406 3262 corpo-

227 3301 337 3346 reum.
354 3282 481 3348 Tamen
493 3283 522 3347 si
536 3282 718 3348 credulitas
731 3283 933 3347 fundaretur
946 3283 981 3345 in
998 3282 1106 3359 iactis,
1124 3285 1257 3367 objecto
1272 3286 1405 3370 deposi-

228 3391 331 3454 tionis
354 3391 454 3456 valde
468 3391 644 3474 proximis,
662 3391 897 3457 testimonium
916 3389 1162 3454 admitteretur.
1179 3391 1309 3456 ltemin
1324 3412 1405 3458 casu

228 3497 453 3576 necessitatis,
473 3519 507 3563 v.
523 3517 557 3581 g.
575 3498 618 3564 ad
630 3498 841 3581 probandam
867 3495 1074 3579 inculpatam
1090 3497 1233 3563 tutelam
1252 3501 1406 3566 occiden-

228 3606 285 3684 tis,
307 3611 371 3672 eto.

270 3715 302 3778 2⁰
316 3714 432 3780 Testes
449 3716 506 3799 qui
519 3714 560 3779 de
571 3715 689 3780 auditu
699 3713 835 3780 auditus
851 3713 1035 3797 deponunt,
1051 3733 1113 3778 seu
1123 3733 1159 3779 se
1174 3715 1221 3779 ita
1234 3716 1405 3782 audivisse

231 3820 413 3898 declarant,
430 3821 633 3904 regulariter
652 3840 723 3886 non
745 3821 846 3905 plane
866 3822 1012 3905 probant
1026 3823 1111 3903 (can.
1129 3824 1157 3900 1,
1179 3843 1210 3907 q.
1227 3826 1255 3900 1,
1274 3830 1309 3888 et
1322 3843 1350 3889 c.
1366 3826 1405 3890 17

232 3931 265 3994 h.
282 3933 330 4012 1.).
347 3931 444 3996 Ratio
455 3936 516 4007 est,
535 3931 614 4016 quia
628 3949 699 3996 non
712 3936 882 3995 testantur
894 3949 937 3995 ex
951 3931 1088 4014 propria
1102 3931 1252 3996 scientia.
1270 3933 1408 3998 Faciunt

233 4043 348 4102 tamma
368 4039 605 4122 probationem
625 4037 858 4121 semiplenam,
882 4037 1072 4120 praesertim
1086 4039 1121 4100 in
1137 4039 1248 4102 causis
1263 4039 1407 4104 difficilis

233 4147 454 4230 probationis.
1353 4159 1355 4166 ’

273 4254 440 4331 3⁰Testes‚
457 4257 484 4319 si
493 4256 696 4334 discordent,
710 4257 757 4320 ita
766 4261 805 4320 ut
815 4256 1011 4320 testimonia
1018 4257 1061 4320 ad
1068 4256 1285 4321 concordiam
1292 4253 1408 4321 reduci

235 4371 417 4448 nequeant,
425 4369 506 4429 tunc
521 4364 893 4448 regulariterpraevalet
902 4366 1013 4447 major
1019 4383 1183 4429 numerus
1196 4365 1409 4430 concorditer

236 4473 478 4538 aitlrmantium
488 4495 495 4550 ;
507 4473 772 4556 attamanjudex
782 4473 958 4538 attendere
975 4473 1077 4537 debet
1091 4473 1132 4537 ad
1149 4473 1327 4558 qualitates
1343 4479 1408 4539 tes·

237 4583 321 4646 tium
336 4584 375 4666 (o.
389 4584 429 4646 32
442 4584 475 4646 b.
491 4585 540 4668 1.).
555 4585 599 4648 bt
613 4585 642 4648 si.
655 4583 769 4648 reduci
785 4589 926 4666 possent
943 4583 986 4648 ad
1000 4583 1228 4660 concordiam,
1245 4584 1409 4648 deberent

237 4691 370 4756 admitti
384 4695 423 4773 (c.
441 4693 479 4756 16
492 4693 525 4756 h.
540 4694 586 4774 1.).
