3498 5572
370 554 430 617 iso
835 573 886 618 rus
904 573 1084 622 assoricus.

371 693 497 774 praettci
520 697 696 776 nequeunt
713 693 811 758 alicui
829 693 979 760 ecclesiae
1001 692 1185 778 parochiali
1204 693 1278 758 sine
1295 689 1549 775 dispensatione

370 799 565 882 apostolica.

410 908 493 972 ti'in
510 927 539 972 e.
560 909 591 984 o,
623 908 817 974 necessaria
843 909 886 974 ad
917 907 1128 994 disciplinam
1156 907 1349 990 regularem
1375 925 1550 974 commen-

374 1019 514 1095 dantur;
532 1021 718 1104 speciatim,
735 1021 914 1097 interebat,
931 1041 975 1087 ne
991 1025 1130 1086 utantur
1143 1021 1293 1086 camisiis
1311 1019 1469 1085 monaehi
1487 1039 1547 1084 seu

374 1127 518 1192 indusiis
538 1127 648 1204 lineis,
665 1129 787 1212 quibus
811 1133 928 1194 tamen
947 1129 997 1193 uti
1015 1133 1161 1213 possunt
1181 1128 1335 1192 canonici
1356 1127 1547 1209 regulmem

373 1235 595 1299 utsilentium
603 1235 980 1311 serveturcontinuum,
992 1235 1142 1300 maxime
1150 1237 1186 1300 in
1200 1235 1360 1312 oratorio,
1370 1235 1549 1300 refectorio

375 1345 409 1404 et
423 1341 637 1416 dormitorio;
654 1347 693 1404 ιιι
714 1343 750 1406 ιιι
763 1341 943 1406 refectorio
963 1341 1078 1406 nullus
1099 1342 1241 1407 omnino
1256 1359 1357 1406 came
1378 1345 1547 1416 vescatur,

374 1448 435 1514 sed
444 1449 502 1532 qui
512 1449 641 1514 debiles
651 1453 686 1514 et
695 1449 822 1514 infirmi
830 1455 922 1526 sunt,
932 1450 1208 1515 iisvesounturin
1221 1448 1418 1525 infirmaris,
1433 1449 1550 1513 nonin

375 1555 517 1638 privatis
529 1557 708 1632 cubiculis;
724 1561 763 1620 ut
774 1557 886 1622 cilicia
895 1557 1066 1640 regularis
1077 1573 1149 1622 non
1161 1555 1419 1621 committantur
1430 1555 1465 1620 in
1479 1573 1552 1639 per-

374 1667 528 1746 potuum,
546 1664 607 1729 sed
620 1665 668 1728 ito
680 1669 719 1727 ut
734 1665 777 1728 ad
792 1669 914 1728 nutum
929 1665 1100 1730 removeri
1113 1663 1257 1748 possint.

414 1772 447 1834 7⁰
460 1753 563 1836 Clem.
579 1773 611 1836 t·
626 1773 697 1856 huj.
715 1773 779 1849 tit,
795 1773 1024 1856 praescribitur
1035 1772 1260 1854 regularibus,
1271 1773 1461 1855 praesertim
1475 1787 1549 1833 mo-

375 1880 507 1956 naobis,
523 1879 693 1944 modestia
719 1885 755 1944 et
780 1880 905 1944 modus
931 1881 966 1946 'm
990 1881 1117 1945 vestitu
1139 1885 1174 1945 et
1195 1881 1298 1946 victu.
1320 1881 1494 1946 Confessio
1517 1883 1554 1942 et

374 1991 572 2054 communio
595 1991 638 2055 ad
662 1991 777 2055 minus
798 1995 976 2056 menstrua
999 2010 1076 2056 esse
1101 1992 1236 2057 debent.
1261 1991 1389 2056 Deinde
1415 1987 1552 2054 interdi-

374 2103 499 2164 cuntur
524 2100 739 2176 venationes,
755 2100 945 2182 praesertim
969 2099 1178 2174 clamorosa,
1195 2118 1352 2164 accessus
1376 2099 1418 2163 ad
1441 2099 1552 2162 curius

375 2209 577 2292 principum,
594 2208 744 2272 maxime
759 2226 800 2272 eo
820 2208 890 2271 fine
912 2213 950 2270 ut
971 2207 1120 2290 praelatis
1141 2211 1201 2272 aut
1223 2207 1439 2272 monasteriis
1459 2207 1554 2271 dam-

376 2333 460 2380 num
487 2316 636 2379 inierant
653 2335 660 2377 :
676 2315 742 2380 boc
766 2315 956 2380 seeundum
979 2317 1042 2380 sub
1065 2334 1168 2397 poeno
1191 2314 1554 2380 excommunicationis

377 2427 521 2489 vetatur.
539 2424 741 2489 Prohibetur
764 2426 868 2490 etium
883 2425 1035 2490 detentio
1056 2445 1231 2490 armorum
1251 2425 1341 2490 intra
1362 2429 1459 2508 septa
1479 2441 1556 2488 mo-

377 2533 534 2608 nasterii;
551 2533 690 2600 tandem
704 2535 935 2617 prescribitur
955 2536 1038 2598 aeias
1060 2534 1253 2598 necessario
1266 2535 1302 2597 in
1318 2533 1555 2618 promovendo

376 2640 420 2704 ad
446 2641 615 2723 prioratus
639 2641 898 2718 conventuales,
915 2641 958 2706 ad
984 2640 1144 2706 ordinum
1170 2642 1438 2726 susceptionem,
1454 2645 1490 2707 et
1510 2641 1557 2706 sd

377 2748 627 2831 professionem
640 2749 869 2816 scientiarum.

418 2941 449 2990 ii.
467 2939 696 3004 Praescriptiones
709 2941 845 3005 speciales
860 2941 937 2994 circa
950 2939 1074 3006 capituto
1087 2939 1274 3006 provincialia
1287 2941 1317 2992 et
1329 2939 1513 2992 visitationes.

418 3078 452 3160 a)
467 3075 561 3140 Circa
575 3075 717 3140 concilia
736 3095 798 3141 seu
817 3076 968 3160 capitula
986 3076 1227 3161 provincialia,
1247 3076 1283 3140 in
1300 3094 1329 3140 o.
1352 3079 1370 3138 i
1391 3077 1463 3159 buj.
1489 3075 1553 3148 tit,

378 3185 558 3269 sequentia
568 3185 757 3267 praesertim
780 3189 997 3249 statuuntur:
1014 3186 1045 3248 ι’
1061 3185 1177 3268 quoad
1194 3193 1336 3270 tempas,
1352 3189 1391 3248 ιιι
1404 3183 1463 3248 illa
1475 3201 1558 3249 oon-

380 3291 455 3356 silio
477 3291 693 3356 celebrentur
717 3291 758 3356 de
776 3291 921 3355 triennio
942 3293 978 3356 in
993 3293 1195 3366 triennium;
1210 3293 1243 3356 ι’
1258 3292 1375 3375 quoad
1391 3291 1555 3369 membra,

379 3403 418 3462 ut
431 3400 639 3464 conveniant
653 3415 774 3462 omnes
795 3399 935 3462 abbates
951 3403 986 3462 et
998 3399 1130 3482 priores
1145 3419 1206 3464 seu
1221 3400 1394 3483 prepositi
1408 3399 1465 3482 qui
1478 3416 1558 3481 pro-

379 3508 471 3590 prios
486 3507 625 3572 abbates
637 3523 707 3570 non
721 3507 863 3581 bebent;
876 3511 911 3570 et
923 3506 1003 3590 ebgi
1016 3507 1142 3572 debent
1150 3509 1290 3574 abbates
1306 3513 1461 3592 quatuor,
1474 3525 1557 3571 vere

379 3613 516 3695 pietate,
534 3613 676 3677 scientia
700 3617 734 3676 et
756 3611 829 3678 zelo
852 3615 1045 3679 animarum
1067 3615 1210 3697 praediti,
1228 3615 1286 3699 qui
1303 3613 1451 3699 capitulo
1471 3633 1559 3698 prae·

379 3721 463 3796 sint;
479 3721 511 3784 3⁰
526 3722 643 3803 qaroad
653 3721 774 3798 iocum,
788 3722 862 3786 boec
875 3721 1023 3804 capitula
1041 3723 1203 3787 celebrari
1227 3723 1353 3788 debent
1370 3723 1406 3788 in
1420 3739 1558 3788 monas-

383 3831 467 3894 terio
488 3829 581 3912 quod
604 3831 707 3892 situm
731 3829 828 3892 sitin
853 3829 991 3912 aequab,
1009 3835 1176 3914 quantum
1201 3831 1274 3895 fleri
1296 3835 1423 3914 potest,
1444 3830 1557 3914 quoad

383 3955 514 4012 omnes,
537 3937 713 4010 distantia;
731 3937 764 4000 4⁰
779 3937 896 4018 quoad
917 3937 1096 4018 objectum,
1112 3938 1215 4002 debet
1233 3938 1369 4003 uectari
1388 3939 1430 4004 de
1453 3940 1558 4004 reior-

380 4045 531 4110 matione
554 4045 683 4108 ordinis
708 4049 742 4108 et
765 4045 984 4108 observantia
1004 4045 1167 4126 regulari,
1187 4051 1289 4130 atque
1307 4047 1454 4129 eligendi
1477 4051 1558 4110 sunt

382 4152 440 4236 qui
453 4153 662 4218 monasteria
675 4153 765 4218 illius
782 4153 966 4237 provinciae
983 4154 1133 4232 visitent,
1153 4159 1255 4239 atque
1270 4157 1443 4238 corrigent
1456 4161 1491 4221 et
1504 4173 1557 4220 re-

380 4261 530 4324 forment
549 4262 624 4344 quae
639 4262 883 4327 reformatione
898 4266 933 4326 et
946 4263 1155 4328 correctione
1170 4263 1335 4346 indigent.

422 4367 451 4450 b)
466 4367 515 4432 De
530 4369 723 4434 uisitatione
738 4371 773 4433 ia
785 4388 916 4454 qaaere.
929 4407 969 4416 -
980 4369 1103 4452 Quoad
1116 4373 1203 4456 ipsos
1220 4373 1409 4436 visitatores
1428 4371 1558 4438 institu-

381 4483 446 4551 tos,
464 4479 503 4540 ut
514 4476 618 4541 modo
635 4477 793 4553 diximus,
811 4475 1002 4543 notandum
1019 4483 1072 4542 est
1085 4479 1176 4562 quod
1189 4497 1259 4544 non
1274 4484 1419 4563 possunt
1431 4480 1468 4544 in
1480 4484 1556 4544 soto

381 4583 541 4650 visitandi
557 4585 728 4668 deponere
743 4585 924 4669 praelatum
947 4585 1091 4670 alicujus
1113 4587 1323 4662 monastarii,
1340 4587 1401 4652 sed
1423 4593 1555 4652 tantum

383 4695 499 4772 petere
515 4691 762 4774 depositionem
778 4691 833 4756 vel
849 4691 1075 4775 abepiscopo,
1093 4694 1120 4758 si
1143 4695 1391 4760 monasterium
1412 4713 1482 4760 non
1506 4699 1554 4760 est
