3504 5572
353 557 414 622 394
559 619 563 626 ,
814 576 867 624 rus
887 575 1068 624 aaronitas.

353 694 507 769 habetur,
526 694 660 758 etiarnsi
675 711 795 760 eorum
808 693 948 760 haeresis
962 693 1199 776 primumpost
1211 695 1359 758 mortem
1369 691 1413 754 sit
1426 691 1534 756 mani-

352 803 486 878 festata,
503 819 535 864 v.
553 818 586 881 g.
607 802 665 886 qni
679 801 790 866 noluit
803 802 984 868 admittere
997 818 1093 866 conc.
1110 799 1215 866 vatic.

392 910 425 974 3⁰
438 909 739 986 Excommunicati‚
757 909 878 976 saltem
893 909 1023 976 vitandi
1045 928 1106 976 seu
1131 907 1340 974 denuntiati:
1363 907 1429 974 illis
1452 907 1534 976 olim

354 1019 587 1101 denegabatur
604 1019 779 1104 sepultura
794 1019 1031 1095 ecclesiastica,
1052 1019 1186 1085 etiamsi
1209 1017 1422 1085 contritionis
1437 1019 1535 1102 signa

325 1181 327 1193 ,
353 1132 433 1194 ante
448 1127 581 1192 obitum
601 1127 789 1202 dedissent;
805 1127 866 1192 sed
883 1127 915 1192 S.
940 1127 1061 1210 Gongr.
1079 1127 1322 1212 Episcoporum
1343 1131 1377 1192 et
1391 1126 1535 1209 Regula-

352 1234 442 1300 rium
461 1233 645 1300 declaravit
662 1234 739 1300 illos
761 1235 876 1318 quiin
900 1233 1042 1300 articulo
1064 1235 1184 1299 mortis
1207 1233 1417 1317 prenitentiae
1437 1235 1534 1316 signa

352 1343 532 1418 dederunt,
548 1361 649 1426 posse
676 1343 763 1408 tradi
792 1343 978 1427 sepultura
1003 1341 1250 1408 ecelesiastica.
1280 1341 1530 1418 Verumtamen,

349 1454 449 1534 juxta
458 1450 597 1527 multos,
610 1451 681 1516 imo
691 1456 725 1516 et
733 1450 958 1535 juxtaplures
972 1450 1218 1516 declarationes
1228 1450 1534 1532 congregationum

352 1558 597 1636 Romanarum,
614 1558 1120 1642 excommunicatipoenitentes
1141 1556 1273 1622 absolvi
1304 1557 1468 1622 deberent
1492 1560 1534 1622 ab

352 1666 718 1744 excommunicatione,
739 1672 925 1750 antequam
952 1665 1129 1731 tradantur
1148 1665 1331 1748 sepulturae
1362 1665 1535 1730 eeclesias-

353 1775 443 1852 ticae;
459 1774 540 1850 imo,
555 1775 583 1838 si
599 1779 678 1840 ante
690 1779 869 1840 externam
884 1774 1138 1840 absolutionem
1152 1773 1371 1849 decesserint,
1390 1773 1535 1840 cadaver

352 1883 582 1948 absolvendus
592 1889 684 1949 esset
693 1883 728 1947 in
737 1884 849 1949 forma
857 1883 1183 1967 publicallbesour„
1194 1883 1235 1948 de
1246 1883 1395 1967 Poerr.‚p.
1406 1875 1430 1960 l,
1440 1901 1468 1948 o.
1481 1882 1531 1959 95,

351 2009 440 2074 resp.
455 1992 496 2072 b).
517 1991 810 2056 Exoomnrunicati
825 2009 896 2056 non
909 1991 1050 2067 vitandi,
1068 1991 1148 2056 licet
1160 1989 1286 2082 publici
1311 2010 1371 2056 seu
1396 1992 1533 2068 notorii,

351 2117 422 2162 non
436 2103 522 2162 sunt
532 2099 691 2184 privandi
705 2098 882 2184 sepultura
898 2099 1135 2175 ecclesiastica,
1150 2101 1250 2182 juxta
1263 2100 1534 2164 communiorem

352 2207 579 2284 sententiam;
606 2226 687 2272 nam
703 2211 782 2291 post
800 2208 940 2272 constit.
963 2207 1022 2272 Ad
1034 2207 1233 2272 evitandum
1250 2207 1381 2272 Martini
1404 2208 1439 2282 V,
1464 2225 1535 2272 non

352 2318 511 2380 tenemur
533 2315 641 2381 vitare
666 2333 787 2380 omnes
804 2315 1129 2391 excommunicatos,
1148 2315 1208 2380 sed
1226 2315 1302 2380 illos
1319 2319 1452 2380 tantum
1477 2317 1535 2400 qui

351 2422 578 2488 hacconsura
597 2423 738 2488 luerunt
761 2423 967 2488 nominatim
992 2423 1122 2499 notati;
1153 2441 1255 2506 porro
1285 2423 1534 2490 consuetudine

351 2532 588 2599 introductum
603 2537 666 2610 est,
680 2533 892 2598 eohaerenter
906 2533 949 2600 ad
966 2532 1060 2600 illam
1077 2533 1369 2608 constitutionem,
1394 2537 1432 2596 ut
1450 2551 1536 2597 non·

352 2641 417 2705 nisi
433 2641 623 2706 denuntiati
645 2645 843 2706 arcerentur
863 2661 884 2706 a
903 2641 1078 2726 sepultura
1103 2641 1345 2718 ecclesiastica,
1368 2659 1447 2705 cum
1466 2639 1535 2723 ple·

351 2767 496 2833 rumque
524 2749 675 2814 exclusio
703 2748 747 2814 sit
771 2767 875 2816 causa
902 2749 1052 2816 scandali
1076 2753 1111 2816 et
1133 2748 1429 2832 perturbationum
1444 2747 1533 2832 apud

350 2857 480 2922 lldeles.
1548 2919 1551 2926 .

297 3053 298 3064 ἵ
389 2966 423 3030 4⁰
445 2965 618 3031 Interdioti
640 2969 765 3033 notorii
786 2973 819 3034 et
839 2969 1041 3046 denuntiati,
1063 2970 1129 3058 pisi
1155 2972 1290 3034 constet
1310 2965 1367 3032 vel
1388 2965 1534 3032 rationa-

351 3073 464 3138 biliter
476 3080 704 3158 praesumatur
718 3076 809 3159 quod
826 3075 925 3158 signa
941 3078 1151 3160 poenitenliae
1173 3077 1350 3143 dederunt.
1371 3073 1421 3139 lta
1435 3073 1535 3140 lnnor

351 3188 439 3246 cent.
456 3181 499 3246 lll
512 3184 551 3266 (c.
566 3183 604 3247 ln
615 3183 649 3247 h.
666 3185 702 3265 t.)
719 3189 754 3249 et
766 3190 875 3250 const.
892 3185 1092 3270 Apostolr’ca
1107 3185 1207 3252 Sedis
1222 3185 1269 3248 Pii
1283 3184 1336 3248 lll.

390 3291 421 3354 5⁰
449 3290 596 3356 Usurarii
615 3291 740 3375 publici
757 3311 796 3358 ao
819 3293 1003 3370 manifesti,
1026 3294 1092 3358 nisi
1115 3293 1210 3376 prius
1238 3292 1450 3356 restituerint
1476 3290 1533 3355 vel

352 3399 512 3465 idoneam
524 3399 565 3464 de
576 3399 788 3464 restituendo
800 3400 957 3466 dederint
971 3403 1166 3467 cautionem
1176 3402 1216 3483 (c.
1230 3399 1301 3464 lde
1315 3399 1411 3464 Usar.
1423 3401 1460 3463 in
1474 3399 1528 3480 6⁰).

390 3508 425 3571 6ο
447 3507 612 3592 Raptores
644 3512 679 3572 et
705 3509 915 3586 incendiarii,
947 3509 975 3572 si
1005 3514 1084 3574 ante
1112 3508 1365 3573 restitutionem
1393 3512 1427 3572 et
1458 3507 1531 3572 sine

354 3616 461 3697 signis
475 3616 685 3700 poenitentiae
700 3616 867 3682 decedant
881 3617 920 3699 (o.
937 3617 957 3680 t
972 3621 1007 3682 et
1020 3617 1040 3680 b
1054 3615 1095 3681 de
1106 3617 1230 3700 Rape).

392 3725 424 3786 7⁰
454 3725 518 3800 Qui
544 3723 797 3789 confessionem
819 3742 970 3790 annuam
986 3729 1020 3790 et
1040 3724 1320 3790 communionem
1339 3724 1532 3808 paschalem

352 3830 544 3896 voluntarie
569 3831 774 3914 negligunt:
800 3831 834 3896 id
858 3836 921 3910 est,
941 3833 1078 3918 quando
1094 3833 1168 3898 sine
1189 3833 1331 3899 consilio
1347 3835 1532 3900 sacerdotis

352 3940 410 4023 qui
438 3958 515 4005 earn
542 3943 772 4022 prorogasset,
804 3939 977 4017 omittunt,
1008 3939 1131 4006 saltem
1162 3941 1190 4004 si
1217 3941 1290 4006 lraec
1323 3941 1531 4006 intermissio

350 4049 508 4130 praecepti
527 4046 694 4129 paschalis
715 4045 910 4130 perplures
930 4065 1040 4114 annos
1055 4049 1177 4113 luisset
1200 4050 1408 4128 continuata,
1432 4054 1466 4115 et
1484 4050 1531 4114 sic

350 4154 615 4218 intermittentes
643 4154 777 4219 notorie
809 4155 1065 4238 impoenitentes
1089 4157 1264 4222 decedant.
1288 4157 1531 4223 Verumtamen

352 4262 379 4325 si
394 4261 440 4324 illi
457 4263 515 4345 qui
530 4262 752 4344 pervicaciter
767 4263 958 4328 omiserunt
973 4269 1181 4349 praeceptum
1202 4265 1372 4348 paschale,
1391 4284 1461 4331 non
1475 4267 1531 4330 ha·

351 4372 513 4435 berentur
528 4371 572 4452 ,iu
593 4372 769 4438 communi
792 4371 1043 4438 existimatione
1069 4379 1233 4458 tanquam
1254 4377 1451 4458 peccatores
1473 4393 1532 4456 pu-

351 4478 439 4554 blici,
457 4495 526 4543 non
542 4483 659 4544 essent
673 4478 830 4562 privandi
845 4479 1020 4562 sepultura
1034 4480 1270 4558 ecclesiastica,
1290 4499 1369 4546 curn
1386 4479 1530 4563 privatio

351 4584 420 4660 illa,
445 4605 520 4668 quae
545 4587 690 4652 babetur
713 4587 748 4650 in
766 4588 890 4653 celebri
904 4589 1013 4672 capite
1033 4589 1156 4654 Omnes
1180 4590 1465 4673 utrimquesecus
1479 4587 1531 4670 (de

355 4695 477 4763 Poenz't.
494 4704 526 4760 et
540 4697 692 4778 remeas),
709 4697 752 4762 sit
765 4697 915 4765 ferenda.
931 4698 1120 4764 sententiae.
