<?xml version="1.0" encoding="UTF-8"?>
<!DOCTYPE html PUBLIC "-//W3C//DTD XHTML 1.0 Transitional//EN"
    "http://www.w3.org/TR/xhtml1/DTD/xhtml1-transitional.dtd">
<html xmlns="http://www.w3.org/1999/xhtml" xml:lang="en" lang="en">
 <head>
  <title>
</title>
<meta http-equiv="Content-Type" content="text/html;charset=utf-8" />
  <meta name='ocr-system' content='tesseract 3.04.00' />
  <meta name='ocr-capabilities' content='ocr_page ocr_carea ocr_par ocr_line ocrx_word'/>
</head>
<body>
  <div class='ocr_page' id='page_1' title='image "./juscanonicumjux00grangoog_0586.png"; bbox 0 0 3488 5568; ppageno 0'>
   <div class='ocr_carea' id='block_1_1' title="bbox 359 543 1071 608">
    <p class='ocr_par' dir='ltr' id='par_1_1' title="bbox 359 543 1071 608">
     <span class='ocr_line' id='line_1_1' title="bbox 359 543 1071 608; baseline 0 -2"><span class='ocrx_word' id='word_1_1' title='bbox 359 543 419 606; x_wconf 76' lang='lat' dir='ltr'><strong>til</strong></span> <span class='ocrx_word' id='word_1_2' title='bbox 472 563 477 572; x_wconf 90' lang='lat'><strong>·</strong></span> <span class='ocrx_word' id='word_1_3' title='bbox 818 561 869 608; x_wconf 83' lang='lat' dir='ltr'><strong>ros</strong></span> <span class='ocrx_word' id='word_1_4' title='bbox 890 561 1071 608; x_wconf 75' lang='lat' dir='ltr'><strong>cnuourcuu.</strong></span> 
     </span>
    </p>
   </div>
   <div class='ocr_carea' id='block_1_2' title="bbox 358 665 1660 762">
    <p class='ocr_par' dir='ltr' id='par_1_2' title="bbox 358 665 1660 762">
     <span class='ocr_line' id='line_1_2' title="bbox 358 665 1660 762; baseline 0.002 -21"><span class='ocrx_word' id='word_1_5' title='bbox 358 679 527 761; x_wconf 76' lang='lat' dir='ltr'>imagines</span> <span class='ocrx_word' id='word_1_6' title='bbox 546 681 741 742; x_wconf 79' lang='lat' dir='ltr'><strong>sanctorum</strong></span> <span class='ocrx_word' id='word_1_7' title='bbox 763 696 783 741; x_wconf 89' lang='lat' dir='ltr'><strong>a</strong></span> <span class='ocrx_word' id='word_1_8' title='bbox 797 677 883 743; x_wconf 89' lang='lat' dir='ltr'><strong>Sede</strong></span> <span class='ocrx_word' id='word_1_9' title='bbox 898 679 1091 762; x_wconf 78' lang='lat' dir='ltr'><strong>Apostolioa</strong></span> <span class='ocrx_word' id='word_1_10' title='bbox 1105 697 1175 744; x_wconf 91' lang='lat' dir='ltr'><strong>non</strong></span> <span class='ocrx_word' id='word_1_11' title='bbox 1189 681 1469 746; x_wconf 82' lang='lat' dir='ltr'><strong>canonizatorum</strong></span> <span class='ocrx_word' id='word_1_12' title='bbox 1484 681 1541 746; x_wconf 87' lang='lat' dir='ltr'><strong>vel</strong></span> <span class='ocrx_word' id='word_1_13' title='bbox 1656 665 1660 676; x_wconf 78' lang='lat'>&#39;</span> 
     </span>
    </p>
   </div>
   <div class='ocr_carea' id='block_1_3' title="bbox 358 787 1540 2936">
    <p class='ocr_par' dir='ltr' id='par_1_3' title="bbox 359 787 641 851">
     <span class='ocr_line' id='line_1_3' title="bbox 359 787 641 851; baseline -0.007 -1"><span class='ocrx_word' id='word_1_14' title='bbox 359 787 641 851; x_wconf 79' lang='lat' dir='ltr'><strong>beatificatorum.</strong></span> 
     </span>
    </p>

    <p class='ocr_par' dir='ltr' id='par_1_4' title="bbox 358 893 1540 1850">
     <span class='ocr_line' id='line_1_4' title="bbox 398 893 1536 979; baseline 0 -21"><span class='ocrx_word' id='word_1_15' title='bbox 398 896 431 958; x_wconf 68' lang='lat'><strong>2⁰</strong></span> <span class='ocrx_word' id='word_1_16' title='bbox 458 895 552 960; x_wconf 85' lang='lat' dir='ltr'>Idem</span> <span class='ocrx_word' id='word_1_17' title='bbox 580 893 746 972; x_wconf 78' lang='lat' dir='ltr'><strong>Pontifex,</strong></span> <span class='ocrx_word' id='word_1_18' title='bbox 760 901 869 959; x_wconf 89' lang='lat' dir='ltr'><strong>const.</strong></span> <span class='ocrx_word' id='word_1_19' title='bbox 886 895 1113 961; x_wconf 75' lang='lat' dir='ltr'><strong>socrosancta</strong></span> <span class='ocrx_word' id='word_1_20' title='bbox 1129 896 1337 972; x_wconf 81' lang='lat' dir='ltr'><strong>Tridentino,</strong></span> <span class='ocrx_word' id='word_1_21' title='bbox 1359 897 1536 979; x_wconf 80' lang='lat' dir='ltr'><strong>prohibuit</strong></span> 
     </span>
     <span class='ocr_line' id='line_1_5' title="bbox 359 1001 1538 1086; baseline 0.002 -20"><span class='ocrx_word' id='word_1_22' title='bbox 359 1003 463 1068; x_wconf 85' lang='lat' dir='ltr'><strong>etiam</strong></span> <span class='ocrx_word' id='word_1_23' title='bbox 475 1003 642 1084; x_wconf 86' lang='lat' dir='ltr'><strong>imagines</strong></span> <span class='ocrx_word' id='word_1_24' title='bbox 657 1001 789 1078; x_wconf 85' lang='lat' dir='ltr'><strong>Christi,</strong></span> <span class='ocrx_word' id='word_1_25' title='bbox 814 1003 849 1066; x_wconf 90' lang='lat' dir='ltr'><strong>B.</strong></span> <span class='ocrx_word' id='word_1_26' title='bbox 867 1004 907 1066; x_wconf 88' lang='grc' dir='ltr'><strong>Μ.</strong></span> <span class='ocrx_word' id='word_1_27' title='bbox 929 1005 1086 1086; x_wconf 80' lang='lat' dir='ltr'><strong>Virginis,</strong></span> <span class='ocrx_word' id='word_1_28' title='bbox 1113 1003 1349 1086; x_wconf 89' lang='lat' dir='ltr'><strong>apostolorum</strong></span> <span class='ocrx_word' id='word_1_29' title='bbox 1375 1010 1410 1068; x_wconf 89' lang='lat' dir='ltr'><strong>et</strong></span> <span class='ocrx_word' id='word_1_30' title='bbox 1436 1021 1538 1068; x_wconf 85' lang='lat' dir='ltr'><strong>evan-</strong></span> 
     </span>
     <span class='ocr_line' id='line_1_6' title="bbox 358 1109 1540 1192; baseline 0.001 -17"><span class='ocrx_word' id='word_1_31' title='bbox 358 1109 557 1190; x_wconf 72' lang='lat' dir='ltr'><strong>gerularum</strong></span> <span class='ocrx_word' id='word_1_32' title='bbox 578 1111 673 1192; x_wconf 81' lang='lat' dir='ltr'><strong>pingi</strong></span> <span class='ocrx_word' id='word_1_33' title='bbox 697 1128 776 1175; x_wconf 91' lang='lat' dir='ltr'><strong>cum</strong></span> <span class='ocrx_word' id='word_1_34' title='bbox 796 1111 914 1174; x_wconf 82' lang='lat' dir='ltr'><strong>habitu</strong></span> <span class='ocrx_word' id='word_1_35' title='bbox 934 1111 991 1175; x_wconf 90' lang='lat' dir='ltr'><strong>vel</strong></span> <span class='ocrx_word' id='word_1_36' title='bbox 1018 1113 1082 1175; x_wconf 92' lang='lat' dir='ltr'><strong>sub</strong></span> <span class='ocrx_word' id='word_1_37' title='bbox 1098 1111 1210 1176; x_wconf 79' lang='lat' dir='ltr'><strong>torma</strong></span> <span class='ocrx_word' id='word_1_38' title='bbox 1231 1111 1312 1176; x_wconf 82' lang='lat' dir='ltr'><strong>elias</strong></span> <span class='ocrx_word' id='word_1_39' title='bbox 1335 1112 1371 1175; x_wconf 90' lang='lat' dir='ltr'><strong>in</strong></span> <span class='ocrx_word' id='word_1_40' title='bbox 1393 1111 1540 1176; x_wconf 82' lang='lat' dir='ltr'><strong>Ecclesia</strong></span> 
     </span>
     <span class='ocr_line' id='line_1_7' title="bbox 360 1213 1540 1303; baseline 0.003 -23"><span class='ocrx_word' id='word_1_41' title='bbox 360 1237 429 1282; x_wconf 90' lang='lat' dir='ltr'><strong>uon</strong></span> <span class='ocrx_word' id='word_1_42' title='bbox 458 1217 591 1296; x_wconf 78' lang='lat' dir='ltr'><strong>usitata,</strong></span> <span class='ocrx_word' id='word_1_43' title='bbox 622 1237 734 1303; x_wconf 86' lang='lat' dir='ltr'><strong>neque</strong></span> <span class='ocrx_word' id='word_1_44' title='bbox 754 1237 834 1284; x_wconf 91' lang='lat' dir='ltr'><strong>cum</strong></span> <span class='ocrx_word' id='word_1_45' title='bbox 861 1220 979 1284; x_wconf 90' lang='lat' dir='ltr'><strong>habitu</strong></span> <span class='ocrx_word' id='word_1_46' title='bbox 1006 1220 1236 1302; x_wconf 64' lang='lat' dir='ltr'><strong>regularium</strong></span> <span class='ocrx_word' id='word_1_47' title='bbox 1266 1238 1401 1284; x_wconf 83' lang='lat' dir='ltr'><strong>necnon</strong></span> <span class='ocrx_word' id='word_1_48' title='bbox 1429 1213 1540 1284; x_wconf 87' lang='lat' dir='ltr'><strong>multo</strong></span> 
     </span>
     <span class='ocr_line' id='line_1_8' title="bbox 360 1327 1540 1413; baseline 0.004 -24"><span class='ocrx_word' id='word_1_49' title='bbox 360 1327 507 1393; x_wconf 75' lang='lat' dir='ltr'><strong>strictius</strong></span> <span class='ocrx_word' id='word_1_50' title='bbox 521 1329 745 1411; x_wconf 89' lang='lat' dir='ltr'><strong>prohibuitnc</strong></span> <span class='ocrx_word' id='word_1_51' title='bbox 754 1333 951 1394; x_wconf 89' lang='lat' dir='ltr'><strong>sanctorum</strong></span> <span class='ocrx_word' id='word_1_52' title='bbox 961 1329 1131 1412; x_wconf 76' lang='lat' dir='ltr'><strong>imagines</strong></span> <span class='ocrx_word' id='word_1_53' title='bbox 1141 1330 1367 1413; x_wconf 85' lang='lat' dir='ltr'><strong>pingerentur</strong></span> <span class='ocrx_word' id='word_1_54' title='bbox 1376 1331 1412 1394; x_wconf 92' lang='lat' dir='ltr'><strong>in</strong></span> <span class='ocrx_word' id='word_1_55' title='bbox 1421 1329 1540 1395; x_wconf 87' lang='lat' dir='ltr'><strong>habitu</strong></span> 
     </span>
     <span class='ocr_line' id='line_1_9' title="bbox 358 1427 1007 1521; baseline -0.015 -17"><span class='ocrx_word' id='word_1_56' title='bbox 358 1437 512 1521; x_wconf 83' lang='lat' dir='ltr'><strong>profano.</strong></span> <span class='ocrx_word' id='word_1_57' title='bbox 876 1427 878 1432; x_wconf 79' lang='grc'><strong>’</strong></span> <span class='ocrx_word' id='word_1_58' title='bbox 1004 1489 1007 1494; x_wconf 88' lang='grc'><strong>.</strong></span> 
     </span>
     <span class='ocr_line' id='line_1_10' title="bbox 398 1547 1540 1632; baseline 0 -20"><span class='ocrx_word' id='word_1_59' title='bbox 398 1549 431 1612; x_wconf 81' lang='lat'><strong>3·</strong></span> <span class='ocrx_word' id='word_1_60' title='bbox 444 1547 569 1612; x_wconf 88' lang='lat' dir='ltr'><strong>Beued.</strong></span> <span class='ocrx_word' id='word_1_61' title='bbox 582 1547 663 1624; x_wconf 81' lang='lat' dir='ltr'><strong>xlv,</strong></span> <span class='ocrx_word' id='word_1_62' title='bbox 674 1553 781 1612; x_wconf 89' lang='lat' dir='ltr'><strong>const.</strong></span> <span class='ocrx_word' id='word_1_63' title='bbox 800 1547 1033 1613; x_wconf 78' lang='lat' dir='ltr'><strong>Sollicitudioi</strong></span> <span class='ocrx_word' id='word_1_64' title='bbox 1042 1557 1179 1628; x_wconf 73' lang='lat' dir='ltr'><strong>nostre,</strong></span> <span class='ocrx_word' id='word_1_65' title='bbox 1192 1550 1363 1632; x_wconf 81' lang='lat' dir='ltr'><strong>improbat</strong></span> <span class='ocrx_word' id='word_1_66' title='bbox 1372 1549 1540 1630; x_wconf 85' lang='lat' dir='ltr'><strong>imagines</strong></span> 
     </span>
     <span class='ocr_line' id='line_1_11' title="bbox 359 1655 1540 1742; baseline 0.001 -23"><span class='ocrx_word' id='word_1_67' title='bbox 359 1655 502 1738; x_wconf 86' lang='lat' dir='ltr'><strong>Spiritus</strong></span> <span class='ocrx_word' id='word_1_68' title='bbox 517 1658 624 1722; x_wconf 79' lang='lat' dir='ltr'><strong>suncti</strong></span> <span class='ocrx_word' id='word_1_69' title='bbox 635 1659 698 1720; x_wconf 88' lang='lat' dir='ltr'><strong>sub</strong></span> <span class='ocrx_word' id='word_1_70' title='bbox 707 1657 858 1722; x_wconf 81' lang='lat' dir='ltr'><strong>humana</strong></span> <span class='ocrx_word' id='word_1_71' title='bbox 871 1658 982 1742; x_wconf 88' lang='lat' dir='ltr'><strong>specie</strong></span> <span class='ocrx_word' id='word_1_72' title='bbox 1003 1657 1135 1741; x_wconf 81' lang='lat' dir='ltr'><strong>depicti,</strong></span> <span class='ocrx_word' id='word_1_73' title='bbox 1153 1663 1187 1722; x_wconf 88' lang='lat' dir='ltr'><strong>et</strong></span> <span class='ocrx_word' id='word_1_74' title='bbox 1207 1658 1400 1738; x_wconf 79' lang='lat' dir='ltr'><strong>generatim</strong></span> <span class='ocrx_word' id='word_1_75' title='bbox 1417 1675 1540 1722; x_wconf 91' lang='lat' dir='ltr'><strong>omnes</strong></span> 
     </span>
     <span class='ocr_line' id='line_1_12' title="bbox 359 1765 1172 1850; baseline 0.001 -22"><span class='ocrx_word' id='word_1_76' title='bbox 359 1767 619 1850; x_wconf 90' lang='lat' dir='ltr'><strong>superstitiones</strong></span> <span class='ocrx_word' id='word_1_77' title='bbox 633 1765 721 1831; x_wconf 85' lang='lat' dir='ltr'><strong>circa</strong></span> <span class='ocrx_word' id='word_1_78' title='bbox 735 1766 790 1830; x_wconf 90' lang='lat' dir='ltr'><strong>SS.</strong></span> <span class='ocrx_word' id='word_1_79' title='bbox 808 1767 978 1833; x_wconf 88' lang='lat' dir='ltr'><strong>Trinitatis</strong></span> <span class='ocrx_word' id='word_1_80' title='bbox 992 1767 1172 1848; x_wconf 89' lang='lat' dir='ltr'><strong>imagines.</strong></span> 
     </span>
    </p>

    <p class='ocr_par' dir='ltr' id='par_1_5' title="bbox 358 1873 1540 2936">
     <span class='ocr_line' id='line_1_13' title="bbox 397 1873 1539 1957; baseline 0.001 -19"><span class='ocrx_word' id='word_1_81' title='bbox 397 1873 431 1938; x_wconf 68' lang='lat'><strong>4⁰</strong></span> <span class='ocrx_word' id='word_1_82' title='bbox 451 1875 483 1939; x_wconf 89' lang='lat' dir='ltr'><strong>S.</strong></span> <span class='ocrx_word' id='word_1_83' title='bbox 505 1873 730 1957; x_wconf 81' lang='lat' dir='ltr'><strong>Congregatio</strong></span> <span class='ocrx_word' id='word_1_84' title='bbox 749 1875 828 1950; x_wconf 85' lang='lat' dir='ltr'><strong>Rit,</strong></span> <span class='ocrx_word' id='word_1_85' title='bbox 851 1878 914 1940; x_wconf 89' lang='lat' dir='ltr'><strong>sub</strong></span> <span class='ocrx_word' id='word_1_86' title='bbox 934 1876 987 1941; x_wconf 91' lang='lat' dir='ltr'><strong>die</strong></span> <span class='ocrx_word' id='word_1_87' title='bbox 1009 1877 1264 1952; x_wconf 77' lang='lat' dir='ltr'><strong>remantem,</strong></span> <span class='ocrx_word' id='word_1_88' title='bbox 1290 1875 1474 1940; x_wconf 86' lang='lat' dir='ltr'><strong>declaravit</strong></span> <span class='ocrx_word' id='word_1_89' title='bbox 1496 1875 1539 1939; x_wconf 87' lang='lat' dir='ltr'><strong>oh</strong></span> 
     </span>
     <span class='ocr_line' id='line_1_14' title="bbox 359 1983 1539 2068; baseline -0.001 -21"><span class='ocrx_word' id='word_1_90' title='bbox 359 1984 538 2049; x_wconf 80' lang='lat' dir='ltr'><strong>ordinariis</strong></span> <span class='ocrx_word' id='word_1_91' title='bbox 547 1984 698 2067; x_wconf 88' lang='lat' dir='ltr'><strong>permitti</strong></span> <span class='ocrx_word' id='word_1_92' title='bbox 707 2001 809 2067; x_wconf 87' lang='lat' dir='ltr'><strong>posse</strong></span> <span class='ocrx_word' id='word_1_93' title='bbox 824 1989 862 2048; x_wconf 91' lang='lat' dir='ltr'><strong>ut</strong></span> <span class='ocrx_word' id='word_1_94' title='bbox 875 1985 918 2050; x_wconf 87' lang='lat' dir='ltr'><strong>ad</strong></span> <span class='ocrx_word' id='word_1_95' title='bbox 930 1984 1101 2068; x_wconf 84' lang='lat' dir='ltr'><strong>publicam</strong></span> <span class='ocrx_word' id='word_1_96' title='bbox 1114 1983 1269 2048; x_wconf 86' lang='lat' dir='ltr'><strong>lidelium</strong></span> <span class='ocrx_word' id='word_1_97' title='bbox 1278 1984 1539 2048; x_wconf 83' lang='lat' dir='ltr'><strong>venerationem</strong></span> 
     </span>
     <span class='ocr_line' id='line_1_15' title="bbox 359 2091 1540 2174; baseline 0.002 -20"><span class='ocrx_word' id='word_1_98' title='bbox 359 2092 394 2156; x_wconf 89' lang='lat' dir='ltr'><strong>in</strong></span> <span class='ocrx_word' id='word_1_99' title='bbox 407 2093 558 2158; x_wconf 90' lang='lat' dir='ltr'><strong>ecclesiis</strong></span> <span class='ocrx_word' id='word_1_100' title='bbox 579 2093 747 2174; x_wconf 85' lang='lat' dir='ltr'><strong>imagines</strong></span> <span class='ocrx_word' id='word_1_101' title='bbox 767 2111 829 2158; x_wconf 93' lang='lat' dir='ltr'><strong>seu</strong></span> <span class='ocrx_word' id='word_1_102' title='bbox 848 2092 1030 2160; x_wconf 84' lang='lat' dir='ltr'><strong>simulacra</strong></span> <span class='ocrx_word' id='word_1_103' title='bbox 1049 2094 1084 2156; x_wconf 90' lang='lat' dir='ltr'><strong>B.</strong></span> <span class='ocrx_word' id='word_1_104' title='bbox 1109 2095 1149 2156; x_wconf 89' lang='lat' dir='ltr'><strong>M.</strong></span> <span class='ocrx_word' id='word_1_105' title='bbox 1169 2091 1331 2174; x_wconf 86' lang='lat' dir='ltr'><strong>Virginis.</strong></span> <span class='ocrx_word' id='word_1_106' title='bbox 1354 2093 1418 2156; x_wconf 88' lang='lat' dir='ltr'><strong>sub</strong></span> <span class='ocrx_word' id='word_1_107' title='bbox 1442 2091 1540 2156; x_wconf 92' lang='lat' dir='ltr'><strong>titulo</strong></span> 
     </span>
     <span class='ocr_line' id='line_1_16' title="bbox 359 2200 1539 2284; baseline -0.002 -19"><span class='ocrx_word' id='word_1_108' title='bbox 359 2200 401 2264; x_wconf 84' lang='lat' dir='ltr'><strong>de</strong></span> <span class='ocrx_word' id='word_1_109' title='bbox 414 2203 563 2266; x_wconf 84' lang='lat' dir='ltr'><strong>Lourdes</strong></span> <span class='ocrx_word' id='word_1_110' title='bbox 578 2207 612 2266; x_wconf 91' lang='lat' dir='ltr'><strong>et</strong></span> <span class='ocrx_word' id='word_1_111' title='bbox 626 2203 668 2266; x_wconf 85' lang='lat' dir='ltr'><strong>de</strong></span> <span class='ocrx_word' id='word_1_112' title='bbox 687 2203 722 2266; x_wconf 84' lang='lat' dir='ltr'><strong>lo</strong></span> <span class='ocrx_word' id='word_1_113' title='bbox 737 2201 879 2282; x_wconf 77' lang='lat' dir='ltr'><strong>Solone,</strong></span> <span class='ocrx_word' id='word_1_114' title='bbox 900 2221 1035 2268; x_wconf 90' lang='lat' dir='ltr'><strong>necnon</strong></span> <span class='ocrx_word' id='word_1_115' title='bbox 1052 2203 1283 2268; x_wconf 81' lang='lat' dir='ltr'><strong>Immaculatae</strong></span> <span class='ocrx_word' id='word_1_116' title='bbox 1303 2201 1539 2284; x_wconf 86' lang='lat' dir='ltr'><strong>Conceptionis</strong></span> 
     </span>
     <span class='ocr_line' id='line_1_17' title="bbox 359 2309 1537 2390; baseline -0.001 -17"><span class='ocrx_word' id='word_1_117' title='bbox 359 2311 472 2375; x_wconf 87' lang='lat' dir='ltr'><strong>radios</strong></span> <span class='ocrx_word' id='word_1_118' title='bbox 490 2311 575 2376; x_wconf 89' lang='lat' dir='ltr'><strong>lucis</strong></span> <span class='ocrx_word' id='word_1_119' title='bbox 598 2331 615 2376; x_wconf 87' lang='lat' dir='ltr'><strong>e</strong></span> <span class='ocrx_word' id='word_1_120' title='bbox 636 2313 795 2377; x_wconf 87' lang='lat' dir='ltr'><strong>manibus</strong></span> <span class='ocrx_word' id='word_1_121' title='bbox 817 2313 1022 2390; x_wconf 90' lang='lat' dir='ltr'><strong>emittentis,</strong></span> <span class='ocrx_word' id='word_1_122' title='bbox 1047 2313 1191 2376; x_wconf 86' lang='lat' dir='ltr'><strong>servatis</strong></span> <span class='ocrx_word' id='word_1_123' title='bbox 1209 2315 1324 2377; x_wconf 85' lang='lat' dir='ltr'><strong>tamen</strong></span> <span class='ocrx_word' id='word_1_124' title='bbox 1347 2309 1537 2386; x_wconf 89' lang='lat' dir='ltr'><strong>servandis,</strong></span> 
     </span>
     <span class='ocr_line' id='line_1_18' title="bbox 358 2419 1539 2501; baseline -0.003 -19"><span class='ocrx_word' id='word_1_125' title='bbox 358 2421 548 2501; x_wconf 73' lang='lat' dir='ltr'><strong>prasertim</strong></span> <span class='ocrx_word' id='word_1_126' title='bbox 564 2419 700 2486; x_wconf 89' lang='lat' dir='ltr'><strong>decreto</strong></span> <span class='ocrx_word' id='word_1_127' title='bbox 715 2439 809 2486; x_wconf 90' lang='lat' dir='ltr'><strong>conc.</strong></span> <span class='ocrx_word' id='word_1_128' title='bbox 829 2419 931 2498; x_wconf 84' lang='lat' dir='ltr'><strong>Trid,</strong></span> <span class='ocrx_word' id='word_1_129' title='bbox 947 2419 988 2484; x_wconf 86' lang='lat' dir='ltr'><strong>de</strong></span> <span class='ocrx_word' id='word_1_130' title='bbox 1008 2419 1263 2484; x_wconf 77' lang='lat' dir='ltr'><strong>Invocotr&#39;one...</strong></span> <span class='ocrx_word' id='word_1_131' title='bbox 1290 2427 1484 2482; x_wconf 82' lang='lat' dir='ltr'><strong>sanctorum</strong></span> <span class='ocrx_word' id='word_1_132' title='bbox 1505 2425 1539 2480; x_wconf 81' lang='lat' dir='ltr'><strong>et</strong></span> 
     </span>
     <span class='ocr_line' id='line_1_19' title="bbox 359 2526 1537 2611; baseline -0.003 -20"><span class='ocrx_word' id='word_1_133' title='bbox 359 2529 461 2592; x_wconf 82' lang='lat' dir='ltr'><strong>sacris</strong></span> <span class='ocrx_word' id='word_1_134' title='bbox 476 2528 680 2610; x_wconf 80' lang='lat' dir='ltr'><strong>imopioz&#39;bus</strong></span> <span class='ocrx_word' id='word_1_135' title='bbox 697 2530 792 2611; x_wconf 80' lang='lat' dir='ltr'><strong>(sess.</strong></span> <span class='ocrx_word' id='word_1_136' title='bbox 808 2528 870 2610; x_wconf 70' lang='lat'><strong>25).</strong></span> <span class='ocrx_word' id='word_1_137' title='bbox 886 2529 929 2591; x_wconf 76' lang='lat' dir='ltr'><strong>lt</strong></span> <span class='ocrx_word' id='word_1_138' title='bbox 943 2527 1064 2593; x_wconf 86' lang='lat' dir='ltr'><strong>eadem</strong></span> <span class='ocrx_word' id='word_1_139' title='bbox 1078 2545 1209 2610; x_wconf 72' lang='lat' dir='ltr'><strong>congr,</strong></span> <span class='ocrx_word' id='word_1_140' title='bbox 1227 2527 1281 2591; x_wconf 88' lang='lat' dir='ltr'><strong>die</strong></span> <span class='ocrx_word' id='word_1_141' title='bbox 1298 2527 1337 2589; x_wconf 67' lang='lat' dir='ltr'><strong>lt</strong></span> <span class='ocrx_word' id='word_1_142' title='bbox 1352 2527 1432 2589; x_wconf 83' lang='lat' dir='ltr'><strong>rnaii</strong></span> <span class='ocrx_word' id='word_1_143' title='bbox 1445 2526 1537 2602; x_wconf 75' lang='lat'><strong>4877,</strong></span> 
     </span>
     <span class='ocr_line' id='line_1_20' title="bbox 359 2633 1537 2718; baseline -0.003 -20"><span class='ocrx_word' id='word_1_144' title='bbox 359 2635 787 2718; x_wconf 86' lang='lat' dir='ltr'><strong>prohibuitexpositionem</strong></span> <span class='ocrx_word' id='word_1_145' title='bbox 799 2635 1060 2700; x_wconf 86' lang='lat' dir='ltr'><strong>simulacrorum</strong></span> <span class='ocrx_word' id='word_1_146' title='bbox 1074 2654 1135 2700; x_wconf 92' lang='lat' dir='ltr'><strong>seu</strong></span> <span class='ocrx_word' id='word_1_147' title='bbox 1149 2641 1340 2700; x_wconf 85' lang='lat' dir='ltr'><strong>statuarum</strong></span> <span class='ocrx_word' id='word_1_148' title='bbox 1354 2634 1392 2696; x_wconf 84' lang='lat' dir='ltr'><strong>D.</strong></span> <span class='ocrx_word' id='word_1_149' title='bbox 1405 2635 1442 2698; x_wconf 85' lang='lat' dir='ltr'><strong>N.</strong></span> <span class='ocrx_word' id='word_1_150' title='bbox 1458 2633 1485 2694; x_wconf 89' lang='lat' dir='ltr'><strong>J.</strong></span> <span class='ocrx_word' id='word_1_151' title='bbox 1502 2633 1537 2695; x_wconf 87' lang='lat' dir='ltr'><strong>G.</strong></span> 
     </span>
     <span class='ocr_line' id='line_1_21' title="bbox 360 2741 1540 2824; baseline -0.001 -18"><span class='ocrx_word' id='word_1_152' title='bbox 360 2762 462 2807; x_wconf 91' lang='lat' dir='ltr'><strong>suum</strong></span> <span class='ocrx_word' id='word_1_153' title='bbox 489 2764 548 2809; x_wconf 88' lang='lat' dir='ltr'><strong>cor</strong></span> <span class='ocrx_word' id='word_1_154' title='bbox 569 2745 836 2809; x_wconf 82' lang='lat' dir='ltr'><strong>sacratissimum</strong></span> <span class='ocrx_word' id='word_1_155' title='bbox 859 2746 1081 2810; x_wconf 84' lang='lat' dir='ltr'><strong>monstrantis</strong></span> <span class='ocrx_word' id='word_1_156' title='bbox 1111 2747 1219 2810; x_wconf 81' lang='lat' dir='ltr'><strong>beatae</strong></span> <span class='ocrx_word' id='word_1_157' title='bbox 1247 2744 1435 2824; x_wconf 67' lang='lat' dir='ltr'><strong>Margaritae</strong></span> <span class='ocrx_word' id='word_1_158' title='bbox 1462 2741 1540 2805; x_wconf 77' lang='lat' dir='ltr'><strong>Ala·</strong></span> 
     </span>
     <span class='ocr_line' id='line_1_22' title="bbox 359 2851 953 2936; baseline 0.002 -22"><span class='ocrx_word' id='word_1_159' title='bbox 359 2869 467 2936; x_wconf 90' lang='lat' dir='ltr'><strong>coque</strong></span> <span class='ocrx_word' id='word_1_160' title='bbox 482 2851 525 2916; x_wconf 85' lang='lat' dir='ltr'><strong>ad</strong></span> <span class='ocrx_word' id='word_1_161' title='bbox 538 2854 613 2932; x_wconf 75' lang='lat' dir='ltr'><strong>eius</strong></span> <span class='ocrx_word' id='word_1_162' title='bbox 631 2853 736 2934; x_wconf 94' lang='lat' dir='ltr'><strong>pedes</strong></span> <span class='ocrx_word' id='word_1_163' title='bbox 751 2851 953 2935; x_wconf 72' lang='lat' dir='ltr'><strong>provolutae.</strong></span> 
     </span>
    </p>
   </div>
   <div class='ocr_carea' id='block_1_4' title="bbox 781 3235 1112 3312">
    <p class='ocr_par' dir='ltr' id='par_1_6' title="bbox 781 3235 1112 3312">
     <span class='ocr_line' id='line_1_23' title="bbox 781 3235 1112 3312; baseline 0.003 -2"><span class='ocrx_word' id='word_1_164' title='bbox 781 3235 967 3312; x_wconf 86' lang='lat' dir='ltr'>TITULUS</span> <span class='ocrx_word' id='word_1_165' title='bbox 994 3237 1112 3312; x_wconf 85' lang='lat' dir='ltr'>XLVI.</span> 
     </span>
    </p>
   </div>
   <div class='ocr_carea' id='block_1_5' title="bbox 649 3411 1249 3458">
    <p class='ocr_par' dir='ltr' id='par_1_7' title="bbox 649 3411 1249 3458">
     <span class='ocr_line' id='line_1_24' title="bbox 649 3411 1249 3458; baseline 0 -2"><span class='ocrx_word' id='word_1_166' title='bbox 649 3413 691 3456; x_wconf 81' lang='lat' dir='ltr'><strong>DE</strong></span> <span class='ocrx_word' id='word_1_167' title='bbox 717 3413 991 3458; x_wconf 74' lang='lat' dir='ltr'><strong>OBSERVATlONE</strong></span> <span class='ocrx_word' id='word_1_168' title='bbox 1017 3411 1249 3458; x_wconf 68' lang='lat' dir='ltr'>JEJUNIORUH.</span> 
     </span>
    </p>
   </div>
   <div class='ocr_carea' id='block_1_6' title="bbox 360 3717 1564 4023">
    <p class='ocr_par' dir='ltr' id='par_1_8' title="bbox 360 3717 1564 4023">
     <span class='ocr_line' id='line_1_25' title="bbox 400 3717 1538 3804; baseline -0.006 -15"><span class='ocrx_word' id='word_1_169' title='bbox 400 3723 495 3790; x_wconf 70' lang='lat' dir='ltr'><strong>Nori.</strong></span> <span class='ocrx_word' id='word_1_170' title='bbox 520 3723 693 3786; x_wconf 82' lang='lat' dir='ltr'><strong>Materiam</strong></span> <span class='ocrx_word' id='word_1_171' title='bbox 716 3722 820 3804; x_wconf 77' lang='lat' dir='ltr'><strong>huJus</strong></span> <span class='ocrx_word' id='word_1_172' title='bbox 843 3720 932 3785; x_wconf 91' lang='lat' dir='ltr'><strong>tituli</strong></span> <span class='ocrx_word' id='word_1_173' title='bbox 955 3739 998 3786; x_wconf 84' lang='lat' dir='ltr'><strong>ex</strong></span> <span class='ocrx_word' id='word_1_174' title='bbox 1029 3721 1183 3804; x_wconf 81' lang='lat' dir='ltr'><strong>professo</strong></span> <span class='ocrx_word' id='word_1_175' title='bbox 1213 3723 1359 3784; x_wconf 84' lang='lat' dir='ltr'><strong>tractant</strong></span> <span class='ocrx_word' id='word_1_176' title='bbox 1386 3717 1538 3799; x_wconf 88' lang='lat' dir='ltr'><strong>theologi</strong></span> 
     </span>
     <span class='ocr_line' id='line_1_26' title="bbox 360 3827 1564 3912; baseline -0.007 -15"><span class='ocrx_word' id='word_1_177' title='bbox 360 3833 519 3910; x_wconf 88' lang='lat' dir='ltr'><strong>morales,</strong></span> <span class='ocrx_word' id='word_1_178' title='bbox 536 3839 571 3897; x_wconf 89' lang='lat' dir='ltr'><strong>et</strong></span> <span class='ocrx_word' id='word_1_179' title='bbox 585 3831 661 3896; x_wconf 91' lang='lat' dir='ltr'><strong>ideo</strong></span> <span class='ocrx_word' id='word_1_180' title='bbox 677 3849 746 3894; x_wconf 90' lang='lat' dir='ltr'><strong>una</strong></span> <span class='ocrx_word' id='word_1_181' title='bbox 766 3837 825 3895; x_wconf 88' lang='lat' dir='ltr'><strong>aut</strong></span> <span class='ocrx_word' id='word_1_182' title='bbox 843 3831 950 3895; x_wconf 85' lang='lat' dir='ltr'><strong>altera</strong></span> <span class='ocrx_word' id='word_1_183' title='bbox 969 3835 1103 3895; x_wconf 86' lang='lat' dir='ltr'><strong>tantum</strong></span> <span class='ocrx_word' id='word_1_184' title='bbox 1119 3829 1272 3912; x_wconf 70' lang='lat' dir='ltr'><strong>dometio,</strong></span> <span class='ocrx_word' id='word_1_185' title='bbox 1292 3845 1399 3910; x_wconf 87' lang='lat' dir='ltr'><strong>eaque</strong></span> <span class='ocrx_word' id='word_1_186' title='bbox 1421 3827 1564 3909; x_wconf 66' lang='lat' dir='ltr'><strong>praeci,</strong></span> 
     </span>
     <span class='ocr_line' id='line_1_27' title="bbox 360 3941 711 4023; baseline -0.006 -19"><span class='ocrx_word' id='word_1_187' title='bbox 360 3959 443 4023; x_wconf 89' lang='lat' dir='ltr'><strong>pua,</strong></span> <span class='ocrx_word' id='word_1_188' title='bbox 466 3941 711 4006; x_wconf 89' lang='lat' dir='ltr'><strong>consideratur.</strong></span> 
     </span>
    </p>
   </div>
   <div class='ocr_carea' id='block_1_7' title="bbox 769 4119 1125 4184">
    <p class='ocr_par' dir='ltr' id='par_1_9' title="bbox 769 4119 1125 4184">
     <span class='ocr_line' id='line_1_28' title="bbox 769 4119 1125 4184; baseline -0.003 -13"><span class='ocrx_word' id='word_1_189' title='bbox 769 4123 789 4172; x_wconf 89' lang='lat' dir='ltr'><strong>l.</strong></span> <span class='ocrx_word' id='word_1_190' title='bbox 805 4121 845 4172; x_wconf 84' lang='lat' dir='ltr'><strong>De</strong></span> <span class='ocrx_word' id='word_1_191' title='bbox 858 4119 999 4184; x_wconf 79' lang='lat' dir='ltr'><strong>precepto</strong></span> <span class='ocrx_word' id='word_1_192' title='bbox 1011 4119 1125 4184; x_wconf 78' lang='lat' dir='ltr'><strong>jejunii.</strong></span> 
     </span>
    </p>
   </div>
   <div class='ocr_carea' id='block_1_8' title="bbox 360 4249 1539 4764">
    <p class='ocr_par' dir='ltr' id='par_1_10' title="bbox 361 4249 1539 4445">
     <span class='ocr_line' id='line_1_29' title="bbox 401 4249 1539 4341; baseline -0.01 -18"><span class='ocrx_word' id='word_1_193' title='bbox 401 4260 434 4341; x_wconf 88' lang='lat' dir='ltr'><strong>o)</strong></span> <span class='ocrx_word' id='word_1_194' title='bbox 456 4257 629 4340; x_wconf 85' lang='lat' dir='ltr'><strong>Jejunium</strong></span> <span class='ocrx_word' id='word_1_195' title='bbox 654 4261 706 4320; x_wconf 90' lang='lat' dir='ltr'><strong>est</strong></span> <span class='ocrx_word' id='word_1_196' title='bbox 733 4255 939 4319; x_wconf 87' lang='lat' dir='ltr'><strong>abstinentia</strong></span> <span class='ocrx_word' id='word_1_197' title='bbox 961 4273 982 4319; x_wconf 88' lang='lat' dir='ltr'><strong>a</strong></span> <span class='ocrx_word' id='word_1_198' title='bbox 1004 4252 1208 4338; x_wconf 88' lang='lat' dir='ltr'><strong>quibusdam</strong></span> <span class='ocrx_word' id='word_1_199' title='bbox 1227 4251 1321 4328; x_wconf 86' lang='lat' dir='ltr'><strong>cibis,</strong></span> <span class='ocrx_word' id='word_1_200' title='bbox 1344 4265 1423 4313; x_wconf 90' lang='lat' dir='ltr'><strong>cum</strong></span> <span class='ocrx_word' id='word_1_201' title='bbox 1438 4249 1539 4312; x_wconf 83' lang='lat' dir='ltr'><strong>unico</strong></span> 
     </span>
     <span class='ocr_line' id='line_1_30' title="bbox 361 4359 1342 4445; baseline -0.008 -15"><span class='ocrx_word' id='word_1_202' title='bbox 361 4367 545 4432; x_wconf 86' lang='lat' dir='ltr'><strong>reiectione</strong></span> <span class='ocrx_word' id='word_1_203' title='bbox 560 4367 595 4430; x_wconf 91' lang='lat' dir='ltr'><strong>in</strong></span> <span class='ocrx_word' id='word_1_204' title='bbox 612 4365 677 4440; x_wconf 89' lang='lat' dir='ltr'><strong>die,</strong></span> <span class='ocrx_word' id='word_1_205' title='bbox 692 4363 777 4428; x_wconf 88' lang='lat' dir='ltr'><strong>hora</strong></span> <span class='ocrx_word' id='word_1_206' title='bbox 798 4363 1006 4445; x_wconf 90' lang='lat' dir='ltr'><strong>competenti</strong></span> <span class='ocrx_word' id='word_1_207' title='bbox 1022 4360 1199 4426; x_wconf 86' lang='lat' dir='ltr'><strong>sumenda.</strong></span> <span class='ocrx_word' id='word_1_208' title='bbox 1224 4359 1342 4441; x_wconf 86' lang='lat' dir='ltr'><strong>ltaque</strong></span> 
     </span>
    </p>

    <p class='ocr_par' dir='ltr' id='par_1_11' title="bbox 360 4464 1537 4764">
     <span class='ocr_line' id='line_1_31' title="bbox 400 4464 1537 4558; baseline -0.009 -20"><span class='ocrx_word' id='word_1_209' title='bbox 400 4475 610 4558; x_wconf 82' lang='lat' dir='ltr'><strong>Praeceptum</strong></span> <span class='ocrx_word' id='word_1_210' title='bbox 622 4473 687 4537; x_wconf 92' lang='lat' dir='ltr'><strong>hoc</strong></span> <span class='ocrx_word' id='word_1_211' title='bbox 702 4471 937 4537; x_wconf 86' lang='lat' dir='ltr'><strong>consideratur</strong></span> <span class='ocrx_word' id='word_1_212' title='bbox 950 4471 1117 4552; x_wconf 87' lang='lat' dir='ltr'><strong>imprimis</strong></span> <span class='ocrx_word' id='word_1_213' title='bbox 1133 4467 1247 4552; x_wconf 85' lang='lat' dir='ltr'><strong>quoad</strong></span> <span class='ocrx_word' id='word_1_214' title='bbox 1261 4465 1431 4531; x_wconf 90' lang='lat' dir='ltr'><strong>delectum</strong></span> <span class='ocrx_word' id='word_1_215' title='bbox 1445 4464 1537 4528; x_wconf 78' lang='lat' dir='ltr'><strong>cibo</strong></span> 
     </span>
     <span class='ocr_line' id='line_1_32' title="bbox 360 4572 1536 4658; baseline -0.013 -10"><span class='ocrx_word' id='word_1_216' title='bbox 360 4601 438 4648; x_wconf 91' lang='lat' dir='ltr'><strong>rum</strong></span> <span class='ocrx_word' id='word_1_217' title='bbox 452 4588 487 4646; x_wconf 88' lang='lat' dir='ltr'><strong>et</strong></span> <span class='ocrx_word' id='word_1_218' title='bbox 500 4583 634 4646; x_wconf 86' lang='lat' dir='ltr'><strong>unicam</strong></span> <span class='ocrx_word' id='word_1_219' title='bbox 648 4581 880 4644; x_wconf 85' lang='lat' dir='ltr'><strong>relectionem.</strong></span> <span class='ocrx_word' id='word_1_220' title='bbox 903 4581 934 4643; x_wconf 80' lang='lat'><strong>1⁰</strong></span> <span class='ocrx_word' id='word_1_221' title='bbox 950 4579 1124 4654; x_wconf 84' lang='lat' dir='ltr'><strong>Quatenus</strong></span> <span class='ocrx_word' id='word_1_222' title='bbox 1142 4575 1282 4658; x_wconf 87' lang='lat' dir='ltr'><strong>respicit</strong></span> <span class='ocrx_word' id='word_1_223' title='bbox 1305 4573 1476 4638; x_wconf 91' lang='lat' dir='ltr'><strong>delectum</strong></span> <span class='ocrx_word' id='word_1_224' title='bbox 1488 4572 1536 4635; x_wconf 92' lang='lat' dir='ltr'><strong>ci-</strong></span> 
     </span>
     <span class='ocr_line' id='line_1_33' title="bbox 362 4681 1537 4764; baseline -0.01 -8"><span class='ocrx_word' id='word_1_225' title='bbox 362 4691 483 4756; x_wconf 86' lang='lat' dir='ltr'><strong>borum</strong></span> <span class='ocrx_word' id='word_1_226' title='bbox 493 4708 554 4754; x_wconf 88' lang='lat' dir='ltr'><strong>seu</strong></span> <span class='ocrx_word' id='word_1_227' title='bbox 569 4688 713 4752; x_wconf 91' lang='lat' dir='ltr'><strong>vetitum</strong></span> <span class='ocrx_word' id='word_1_228' title='bbox 723 4685 925 4752; x_wconf 90' lang='lat' dir='ltr'><strong>comedendi</strong></span> <span class='ocrx_word' id='word_1_229' title='bbox 940 4703 1070 4762; x_wconf 83' lang='lat' dir='ltr'><strong>carnes,</strong></span> <span class='ocrx_word' id='word_1_230' title='bbox 1086 4688 1139 4748; x_wconf 85' lang='lat' dir='ltr'><strong>est</strong></span> <span class='ocrx_word' id='word_1_231' title='bbox 1152 4683 1363 4764; x_wconf 83' lang='lat' dir='ltr'><strong>negativum,</strong></span> <span class='ocrx_word' id='word_1_232' title='bbox 1381 4681 1537 4762; x_wconf 90' lang='lat' dir='ltr'><strong>adeoque</strong></span> 
     </span>
    </p>
   </div>
   <div class='ocr_carea' id='block_1_9' title="bbox 0 0 1748 5568">
    <p class='ocr_par' dir='ltr' id='par_1_12' title="bbox 0 0 1748 5568">
     <span class='ocr_line' id='line_1_34' title="bbox 0 0 1748 5568; baseline 0 0"><span class='ocrx_word' id='word_1_233' title='bbox 0 0 1748 5568; x_wconf 95' lang='lat' dir='ltr'><strong> </strong></span> 
     </span>
    </p>
   </div>
  </div>
 </body>
</html>
