3504 5566
858 583 909 631 JUS
930 581 1109 631 turonium.

753 769 770 843 §
790 773 835 830 tv.
855 771 1051 846 acceptiones
1069 771 1103 832 in
1120 773 1226 846 specie

440 927 535 996 Nom.
552 927 644 995 Inter
659 929 857 995 innumeras
871 930 1088 1014 exceptiones
1099 932 1178 1014 jnre
1196 927 1349 996 Romano
1364 930 1573 998 introductos

402 1042 437 1103 et
451 1037 576 1121 injure
594 1036 758 1102 canonico
773 1039 938 1120 receptes,
959 1037 1138 1121 praecipuae
1161 1055 1200 1103 ac
1222 1041 1342 1104 notatu
1358 1037 1470 1121 dignes
1494 1044 1575 1104 sunt

369 1227 375 1240 .
402 1140 596 1230 sequentes,
631 1161 716 1229 quas
736 1144 884 1210 liosohst
904 1145 1021 1229 paucis
1042 1162 1082 1210 sc
1105 1145 1290 1230 perspicuis
1311 1145 1424 1212 verbis
1449 1147 1497 1212 sic
1522 1165 1572 1212 re·

401 1257 542 1321 censet:

440 1365 471 1428 t·
487 1363 648 1449 Exceptio
670 1365 981 1430 communicationis
1001 1367 1115 1449 potest
1134 1365 1260 1449 opponi
1278 1365 1419 1432 sotoris
1442 1383 1502 1432 reo
1515 1383 1573 1451 pu-

400 1473 483 1536 riter
496 1472 790 1538 excommunicato
805 1473 844 1556 (c.
859 1473 923 1536 ih.
941 1473 1017 1556 tit),
1035 1473 1199 1558 quianon
1215 1472 1379 1548 defensio,
1398 1473 1571 1552 seductio,
1609 1537 1612 1544 .

400 1585 459 1646 aut
471 1581 692 1645 reconventio
703 1579 1000 1645 excommunicato
1020 1583 1167 1662 negetur
1189 1581 1229 1663 (c.
1245 1581 1265 1644 5
1279 1581 1381 1664 eod).
1409 1581 1499 1665 Opus
1522 1587 1575 1646 est

400 1692 516 1754 sutem
539 1693 578 1751 ut
596 1705 676 1752 reus
699 1687 847 1772 speciem
870 1691 905 1752 et
922 1705 1050 1753 nomen
1077 1689 1436 1754 excommunicationis
1464 1691 1574 1773 expri-

400 1799 482 1874 met,
499 1797 588 1861 intre
601 1799 678 1861 octo
693 1795 765 1860 dies
781 1813 857 1860 eam
870 1795 1010 1878 probet;
1026 1793 1109 1860 alias
1120 1795 1228 1879 judex
1241 1797 1276 1860 in
1289 1797 1570 1880 causaprccedet.

399 1904 465 1970 Nec
490 1903 580 1969 ultra
605 1905 658 1968 his
676 1903 797 1970 eedem
820 1903 1125 1970 excommunicatio
1146 1903 1336 1988 objicienda
1362 1909 1429 1979 esi3
1453 1905 1514 1970 sed
1544 1907 1572 1969 si

399 2011 549 2078 secunda
567 2013 640 2078 vice
661 2013 803 2097 probata
826 2011 1031 2089 confuerit,
1057 2011 1158 2076 tertio
1181 2029 1251 2077 non
1269 2011 1468 2088 admittitur,
1494 2014 1572 2098 qnia

399 2121 618 2205 praesumitur
630 2120 798 2186 malitiose
813 2119 938 2204 opponi
954 2120 992 2202 (c.
1008 2121 1023 2182 l
1040 2119 1074 2184 h.
1092 2123 1116 2183 t.
1132 2117 1168 2183 in
1187 2119 1242 2203 6⁰).
1260 2118 1363 2185 Porro
1378 2137 1573 2186 excommu-

399 2228 523 2294 nicatio
540 2227 717 2312 dupliciter
729 2226 913 2312 opponitur
929 2227 1183 2312 :peremptoria
1200 2226 1283 2291 dum
1296 2227 1426 2292 inducit
1438 2229 1573 2294 nullita-
1593 2273 1594 2276 =

400 2339 470 2402 iem
484 2339 599 2412 actus;
623 2341 661 2400 ut
686 2336 715 2400 si
730 2335 1044 2400 excommunicatus
1069 2333 1224 2416 eligatur,
1241 2335 1297 2400 vel
1313 2335 1517 2400 heneficium
1541 2338 1571 2401 ei

400 2445 595 2511 conferatur
607 2445 647 2527 (c.
662 2447 680 2508 'i
695 2443 736 2510 de
752 2443 838 2510 Gier.
855 2444 1046 2526 excomm‚);
1064 2443 1232 2522 dilatoric,
1248 2443 1331 2508 dum
1346 2443 1503 2527 prohibet
1519 2463 1572 2510 oc-

401 2557 512 2619 iorem
526 2558 615 2618 sture
627 2552 806 2636 injudicio.
823 2551 856 2618 Si
871 2557 987 2617 autem
1003 2557 1081 2636 post
1093 2569 1168 2617 rem
1179 2551 1366 2635 judicatam
1381 2553 1570 2635 ohjmietur,

401 2661 571 2726 sententia
586 2660 724 2746 quidem
737 2659 829 2725 valet
841 2679 903 2742 per
924 2678 995 2742 reg.
1020 2659 1059 2723 73
1086 2659 1122 2724 in
1142 2659 1194 2735 6⁰;
1218 2659 1278 2725 sed
1302 2661 1376 2742 ejus
1399 2661 1572 2726 exsecutio

401 2769 628 2853 suspenditur,
646 2787 689 2833 ne
701 2767 1015 2854 excommunicatus
1029 2767 1183 2849 ageread
1193 2767 1449 2833 exsecutionem
1460 2767 1572 2834 videa-

399 2880 456 2941 tur
470 2878 535 2960 (cit.
550 2895 579 2942 c.
597 2879 612 2941 l
626 2879 660 2942 h.
676 2883 699 2941 t.
715 2879 752 2942 in
766 2877 820 2960 6⁰).

438 2985 471 3049 Ψ
483 2983 643 3070 Ecceptio
651 2985 866 3072 pluralitatis
883 2985 1113 3066 beneficiorum
1127 3003 1197 3051 non
1206 2988 1321 3069 potest
1336 2987 1378 3050 ab
1392 3003 1433 3051 ec
1447 2988 1570 3071 opponi

400 3094 457 3176 qui
471 3095 568 3178 pluro
581 3095 747 3160 beneficia
764 3095 896 3160 obtinet
909 3095 949 3176 (c.
968 3095 1036 3159 311.
1053 3095 1100 3177 t),
1118 3094 1278 3178 quianon
1291 3093 1370 3158 lieet
1383 3095 1418 3159 in
1434 3095 1507 3160 eliis
1522 3115 1571 3160 re

398 3205 541 3287 probare
557 3203 647 3288 quod
669 3204 745 3288 quis
765 3204 801 3268 in
817 3222 853 3268 se
866 3203 940 3286 ipso
955 3202 1130 3286 approbet,
1154 3219 1217 3267 nec
1231 3202 1410 3286 prohibere
1426 3204 1571 3270 alterurn

399 3329 440 3377 eo
454 3315 532 3396 jure
547 3311 596 3375 uti
617 3329 685 3396 quo
705 3311 777 3396 ipse
793 3311 901 3375 utitur
914 3329 987 3394 erp.
1002 3309 1093 3373 mbr.
1107 3307 1144 3390 ff.
1161 3309 1255 3393 quod
1264 3311 1404 3394 quisque
1412 3311 1514 3391 juris.
1538 3311 1571 3376 Si

399 3424 515 3487 temen
536 3418 591 3484 ulii
612 3419 726 3484 idonei
748 3419 918 3496 deessent,
934 3421 1052 3502 posset
1070 3417 1146 3482 tulis
1166 3417 1305 3482 nomine
1333 3417 1487 3484 Ecclesiae
1517 3439 1572 3484 ex-

398 3529 509 3613 cipere
530 3532 649 3593 contra
668 3525 898 3611 pluralitatem
915 3525 1170 3604 beneficiorum,
1194 3543 1238 3589 ne
1260 3524 1407 3591 Ecclesia
1426 3545 1488 3612 per
1507 3528 1572 3594 hoc

397 3637 552 3713 laedatur,
569 3639 712 3721 ejusque
728 3635 838 3700 cultus
853 3635 1044 3699 minuatur:
1063 3651 1144 3699 nam
1157 3633 1318 3699 delictum
1332 3628 1487 3718 personae
1501 3653 1571 3700 non

399 3745 636 3811 dehetnocere
650 3743 820 3819 Ecclesiae;
835 3761 928 3824 crgo,
945 3743 1185 3807 nonobstante
1199 3743 1336 3826 proprio
1348 3743 1442 3820 vitio,
1458 3747 1572 3826 potest

400 3853 475 3938 quis
495 3857 614 3918 contra
633 3853 721 3918 hunc
739 3849 968 3935 pluralitatem
990 3849 1155 3932 excipere,
1179 3850 1390 3916 ostendendo
1410 3849 1501 3934 quod
1520 3867 1572 3916 re-

400 3961 524 4046 quisita
542 3961 726 4028 residentis
749 3958 935 4043 adimpleri,
963 3959 998 4023 et
1023 3957 1139 4023 divina
1159 3959 1270 4024 officia
1287 3959 1351 4024 rite
1374 3959 1492 4043 peragi
1513 3977 1572 4025 nc-

399 4075 534 4156 queunt.

438 4181 471 4246 3⁰
485 4179 646 4267 Exceptio
661 4181 810 4248 criminis
822 4181 941 4245 contm
954 4181 1079 4244 testem
1092 4177 1236 4262 probate
1248 4177 1382 4262 repellit
1395 4196 1475 4244 eum
1489 4195 1510 4246 a
1524 4179 1572 4243 di-

399 4291 507 4356 cendo
532 4289 743 4365 testimoni03
769 4307 838 4354 non
860 4293 976 4353 tamen
1004 4287 1129 4352 suflicit
1150 4285 1192 4350 ed
1211 4305 1349 4371 poenam
1364 4287 1570 4352 ordinariam

400 4399 438 4480 (c.
455 4401 470 4464 t
485 4399 519 4464 h.
537 4400 585 4481 t),
604 4399 670 4464 nisi
694 4397 855 4464 delictum
875 4397 1050 4463 coherens
1078 4395 1123 4460 sit
1145 4395 1284 4479 negotio
1306 4395 1481 4480 principali
1506 4399 1570 4480 (jus

399 4505 521 4590 Rom).
1283 4571 1292 4584 .

440 4615 601 4702 Exceptio
619 4619 671 4682 rei
685 4616 850 4699 judicata
871 4621 924 4682 est
941 4615 1075 4700 proprie
1097 4613 1186 4680 dicta
1204 4613 1374 4697 excepti03
1396 4631 1477 4678 nam
1496 4631 1572 4678 sen-

401 4725 507 4792 tentia
517 4726 686 4794 actionem
700 4727 835 4814 penitus
849 4745 918 4794 non
933 4723 1129 4810 exstinguit,
1143 4743 1222 4791 oum
1236 4741 1306 4796 non
1318 4723 1493 4790 sitmodus
1507 4721 1570 4788 sol-
