3488 5564
347 553 388 616 28
810 572 860 618 rus
881 573 1061 620 cluonrcou.

347 685 491 749 Domini.
503 720 542 730 -
552 685 678 748 Deinde
694 705 736 749 ex
747 685 840 752 Novo
854 687 1083 764 Testamento,
1101 707 1162 756 seu
1180 692 1325 756 exsecto
1343 689 1476 768 Christi,
1490 691 1525 754 in

348 795 475 868 March„
498 812 570 876 cap.
588 813 664 868 rur,
681 793 711 874 i.
727 795 776 870 25,
794 796 844 871 26,
863 797 920 879 qui
942 798 1128 864 declaravit
1142 817 1178 863 se
1194 805 1228 864 et
1251 797 1423 885 apostolos
1445 799 1526 863 libc-

348 923 405 970 ros
421 923 496 969 esse
510 924 530 969 a
542 903 711 970 solutione
727 909 854 984 tributi,
872 909 963 991 quod
979 914 1094 974 tamen
1108 911 1240 976 solvere
1251 911 1365 994 jussit,
1378 911 1527 975 scandali

349 1013 477 1078 vitandi
491 1031 604 1078 causa.
623 1015 735 1095 Sancti
750 1017 875 1092 Patres,
893 1019 982 1082 inter
997 1037 1082 1102 quos
1094 1019 1125 1082 S.
1140 1020 1365 1104 Hieronymus
1377 1017 1450 1083 etS.
1463 1019 1526 1082 Au·

349 1123 518 1204 gudinus,
534 1125 607 1188 haec
627 1126 732 1190 verbo
747 1125 989 1192 intellexerunt
1008 1129 1049 1192 de
1066 1129 1224 1194 omnihus
1240 1127 1472 1193 sacerdotibus
1494 1133 1527 1192 et

350 1231 490 1296 clericis.

390 1339 487 1404 Prob.
508 1341 538 1404 l.
565 1341 694 1425 Duplici
718 1343 876 1406 ratione:
899 1346 930 1406 1ο
944 1344 1017 1409 Non
1032 1345 1147 1408 miuus
1162 1345 1231 1409 Deo
1246 1345 1433 1410 consecrati
1449 1347 1528 1408 sunt

350 1446 462 1512 clerici
479 1467 583 1531 quam
599 1467 680 1513 vasa
698 1467 802 1525 sacra,
819 1450 947 1534 templa
967 1456 1000 1514 et
1024 1452 1156 1528 altaria;
1180 1453 1273 1536 atqui
1297 1453 1369 1518 istae
1392 1470 1458 1526 res,
1487 1470 1527 1516 eo

349 1555 423 1638 ipso
438 1556 529 1638 quod
545 1557 613 1620 lleo
630 1557 746 1622 dicatae
763 1564 852 1634 sunt,
863 1561 965 1624 aloro
980 1559 1134 1626 saeculari
1149 1560 1349 1624 eximuntur
1364 1561 1438 1644 ipso
1449 1562 1528 1642 juro

351 1663 475 1728 divino.
493 1664 579 1745 Ergo
593 1683 613 1728 a
626 1665 698 1747 pari
714 1669 748 1729 et
763 1685 783 1730 a
796 1667 938 1744 fortiori,
951 1667 1072 1732 clerici.

390 1772 422 1834 Ψ
439 1771 593 1836 Ofllcium
617 1771 818 1838 clericorum
845 1774 996 1857 postulat
1018 1777 1105 1840 hauc
1120 1775 1373 1842 immunitatem
1396 1781 1435 1838 ut
1450 1793 1529 1840 cum

350 1881 461 1944 fructu
480 1884 513 1942 et
527 1879 648 1963 'populi
664 1879 887 1946 aedisscatione
903 1885 1054 1947 exerceri
1069 1885 1195 1965 possit;
1222 1885 1316 1967 atqui
1335 1883 1529 1948 functiones

351 2006 466 2062 sacrae,
494 1988 581 2052 sicut
605 2005 700 2051 sacer
720 1991 940 2073 principatus,
967 1997 1047 2055 sunt
1070 2011 1090 2056 a
1110 1991 1190 2066 Deo,
1219 1995 1275 2076 qui
1300 1993 1442 2076 proinde
1458 1991 1531 2056 vult

351 2097 454 2160 etiam
468 2095 680 2160 conditiones
697 2099 879 2181 requisitas
904 2104 941 2162 ut
965 2099 1136 2181 ejusmodi
1150 2101 1343 2166 functiones
1359 2102 1422 2164 rite
1437 2117 1530 2183 pera·

352 2209 487 2288 gantur.

393 2313 490 2378 Proh.
508 2315 537 2378 3.
555 2313 760 2386 Traditione‚
787 2333 911 2398 nempe
938 2315 970 2377 1⁰
999 2315 1194 2379 testimonio
1219 2314 1363 2380 Putmm
1378 2323 1410 2378 et
1429 2318 1534 2400 proci

353 2423 526 2502 doudecim
547 2424 745 2488 immunitas
766 2423 926 2488 laudatur
946 2425 1201 2507 ascriptoribus
1230 2424 1475 2498 ecclesiasticis,
1498 2429 1532 2487 et

353 2549 488 2615 semper
501 2531 565 2594 fuit
578 2535 793 2614 propugnata
801 2531 984 2596 theoretice
1001 2537 1034 2595 ct
1050 2531 1196 2614 practice
1209 2531 1291 2596 cSS.
1301 2531 1529 2607 Pontificibus,

353 2643 516 2722 tauquam
532 2658 573 2702 ex
586 2639 761 2704 voluntate
777 2639 838 2702 Dei
853 2644 928 2704 orta
945 2659 951 2701 :
970 2665 985 2696 «
999 2639 1222 2722 Omnipotens
1234 2640 1324 2710 Deus
1339 2637 1448 2704 voluil
1467 2637 1533 2702 cle-

353 2747 452 2820 ricos,
480 2766 550 2812 uon
575 2751 780 2830 apotestate
806 2746 930 2822 saeculi,
960 2747 1020 2810 sed
1041 2765 1062 2811 a
1080 2745 1298 2811 Pontificibus
1302 2795 1362 2810 .....
1384 2745 1532 2810 ordinari

354 2859 387 2918 ct
403 2855 560 2918 discuti.»
576 2855 664 2920 Varii
674 2860 755 2918 sunt
770 2859 883 2918 textus
898 2855 987 2938 opud
1001 2855 1175 2918 Reiffenst.
1190 2855 1223 2918 h.
1241 2854 1262 2917 l.
1281 2855 1382 2938 Atqui
1398 2855 1532 2920 traditio

270 3011 277 3019 -
353 2969 514 3030 constans
538 2967 572 3027 et
593 2967 757 3046 perpetua
772 2961 953 3028 ostendere
975 2962 1062 3026 solet
1079 2965 1137 3044 jus
1161 2963 1325 3038 (livinum,
1342 2963 1531 3046 praesertim

355 3073 490 3154 quaudo
505 3071 599 3135 nulla
616 3075 755 3155 apparet
769 3071 855 3135 ratio
868 3089 928 3134 cur
942 3069 1034 3135 illam
1051 3070 1239 3134 tribuamus
1263 3069 1457 3153 apostolice
1483 3072 1534 3134 in-

357 3180 535 3244 stitutioni.

393 3287 645 3352 2⁰ductoritate
671 3285 901 3362 conciliorum,
928 3285 1055 3349 scilicet
1077 3285 1212 3350 concilii
1236 3285 1370 3350 Nicaeni.
1405 3285 1443 3349 ln
1470 3289 1534 3352 hoc

355 3397 539 3480 imperator
552 3395 596 3459 ad
605 3395 721 3459 Patres
735 3394 821 3458 dixit
839 3414 846 3456 :
871 3393 964 3458 «Vos
980 3413 1000 3458 a
1022 3393 1161 3457 nemine
1185 3393 1363 3476 dijudicari
1378 3395 1532 3477 potestis,

357 3507 436 3588 quia
450 3504 554 3568 solius
567 3504 626 3570 Dei
637 3503 765 3586 judicio
784 3504 1017 3568 reservamini.
1033 3527 1048 3560 »
1065 3501 1203 3566 Constat
1216 3501 1319 3566 etiam
1338 3521 1381 3566 ex
1392 3503 1534 3567 concilio

355 3614 573 3680 lateranensi
589 3613 651 3676 sub
667 3613 777 3677 Leone
793 3613 926 3677 decimo
949 3610 1131 3676 celebrato.
1156 3609 1193 3674 ln
1208 3611 1272 3674 hoc
1296 3611 1438 3676 concilio
1462 3613 1535 3676 haec

356 3723 525 3788 habentur
539 3724 643 3788 verba
659 3743 665 3784 :
692 3747 708 3779 «
721 3721 804 3784 Cum
816 3739 837 3786 a
847 3724 925 3804 jure
939 3725 1010 3785 tam
1023 3721 1175 3784 humano
1191 3737 1294 3803 quam
1309 3720 1424 3784 divino
1441 3719 1534 3784 laicis

357 3837 507 3913 potestas
538 3831 631 3896 nulla
670 3831 830 3895 attributa
854 3830 897 3894 sit
917 3831 954 3893 in
985 3847 1149 3912 personas
1178 3827 1420 3894 ecclesiasticas
1425 3853 1532 3890 ......

359 3941 498 4006 Constat
512 3941 658 4024 denique
675 3959 718 4005 ex
732 3939 873 4004 concilio
888 3938 1094 4014 Tridentino,
1113 3938 1203 4020 quod
1221 3955 1304 4000 sess.
1317 3937 1367 4013 95,
1386 3955 1458 4020 cap.
1483 3937 1533 4012 20,
1570 4008 1574 4014 ¹

358 4049 457 4114 docel
479 4049 633 4114 Ecclesiae
672 4053 706 4113 et
745 4067 968 4132 personarum
1002 4047 1303 4112 ecclesiasticarum
1341 4046 1536 4110 immunita-

359 4165 428 4224 tem
455 4185 469 4218 «
497 4159 556 4223 Dei
573 4159 786 4223 ordinatione
811 4158 1029 4222 etcenouicis
1059 4155 1289 4222 sanctionibus
1317 4153 1536 4218 constitutam

361 4289 480 4334 essen.

399 4379 428 4460 b)
440 4379 535 4456 Quod
550 4379 593 4442 sit
603 4378 790 4444 formaliter
795 4379 882 4460 ,iuris
897 4377 1059 4442 naturalis
1074 4375 1197 4459 duplici
1208 4375 1370 4458 probatur
1383 4373 1533 4438 ratione:

361 4489 392 4552 l⁰
402 4487 517 4552 Clerici
532 4487 707 4552 constituti
717 4491 928 4569 suntpatres,
936 4485 1069 4569 judices
1080 4489 1114 4550 et
1122 4483 1274 4565 magistri
1290 4483 1444 4547 omnium
1454 4481 1536 4544 ilde-

360 4596 456 4672 lium;
468 4595 561 4680 atqui
572 4597 629 4676 jus
642 4595 796 4660 naturale
810 4595 914 4660 dictat
927 4599 1051 4677 patres,
1076 4593 1208 4676 judiees
1223 4596 1257 4657 et
1269 4592 1451 4672 magistros
1466 4607 1534 4654 non

361 4703 485 4770 debere
512 4721 587 4770 esse
615 4704 786 4786 subjectos
799 4703 970 4786 judicibus
985 4701 1162 4768 tribunalis
1183 4699 1362 4767 inferioris.
1380 4699 1467 4780 Ergo
1481 4699 1538 4781 jus
