3510 5574
578 559 667 604 arnan
686 559 813 606 suerrus
833 557 1054 606 ommatius.
1346 541 1403 606 uel
1496 577 1500 586 ι

265 679 293 756 c)
302 673 358 740 Aa
369 675 492 741 saltem
503 677 780 763 promittiposait
794 677 992 758 beneficium
1006 683 1219 750 amoturum,
1237 693 1313 742 cum
1327 683 1407 739 octo

226 785 423 850 vacavere?
443 786 475 850 t⁰
495 785 656 868 Negatur,
673 805 718 851 ex
730 804 760 852 c.
780 787 848 852 th.
871 785 923 850 tit.
940 785 1039 850 Ratio
1055 789 1119 861 est,
1136 785 1217 869 quia
1231 783 1316 852 tales
1328 801 1406 868 pro·

223 891 406 958 missiones
419 911 483 977 pro
495 894 620 960 ellectu
634 895 763 960 hahent
785 899 825 958 ut
843 894 1028 960 foveantur
1046 893 1203 976 improba
1217 892 1358 958 ambitio
1371 897 1406 957 et

224 1001 391 1085 cupiditas
419 1002 633 1070 clericorum.
657 1003 730 1069 lmo
761 1005 882 1068 mortis
908 1002 1028 1068 adanae
1057 1001 1258 1084 appetendae
1286 1006 1406 1068 votum

224 1109 401 1192 ingeritur,
426 1114 487 1176 aut
508 1111 706 1194 ceptaudae;
734 1115 769 1176 et
795 1113 869 1176 haeo
895 1111 1030 1186 omnia,
1055 1114 1181 1192 praeter
1205 1109 1407 1190 gravamina

223 1217 369 1300 plurima
382 1237 459 1304 quae
473 1217 631 1286 Ecclesiis
645 1237 833 1304 earumque
847 1218 997 1302 praelatis
1012 1219 1231 1284 inferrentur.

263 1325 517 1415 2⁰llujusmodi
541 1327 724 1411 promissio
747 1345 819 1394 non
836 1329 981 1403 teneret,
998 1327 1133 1392 etiamsi
1151 1325 1241 1392 facta
1262 1328 1306 1390 sit
1326 1345 1405 1391 cum

222 1453 392 1501 consensu
416 1439 492 1520 ejus
513 1437 571 1521 qui
592 1435 678 1501 illud
695 1437 839 1512 obtinet,
860 1455 904 1500 ex
926 1454 998 1520 cap.
1021 1423 1065 1500 u·
1084 1439 1119 1500 et
1142 1435 1207 1498 13:
1232 1435 1312 1518 quia
1327 1437 1406 1518 jura

222 1543 377 1610 absolute
392 1543 527 1608 irritam
539 1543 805 1627 promissionem
820 1543 862 1608 de
877 1543 1045 1609 beneflcio
1059 1543 1228 1616 viventis;
1246 1561 1310 1608 nec
1328 1560 1405 1628 pro-

221 1651 340 1716 missio
352 1650 411 1716 illa
424 1651 691 1728 convalesceret,
706 1652 840 1736 adJectn
848 1654 1063 1735 juramento:
1076 1669 1158 1716 nam
1167 1653 1405 1734 juramentum

221 1759 315 1836 illud,
331 1765 371 1824 ut
383 1760 568 1826 adversum
582 1762 682 1826 bonis
697 1761 851 1826 moribus
873 1766 908 1826 et
930 1762 1022 1826 hono
1043 1760 1190 1844 publico,
1207 1759 1334 1825 nullius
1353 1765 1405 1825 est

221 1869 399 1934 momenti.

259 1977 292 2042 3·
308 1976 433 2043 Vivens
447 1979 567 2063 nequit
581 1978 646 2044 sibi
660 1978 841 2060 designare
857 1995 1092 2044 successorem
1104 1981 1183 2062 jure
1197 1978 1403 2044 hereditario

220 2087 256 2151 in
274 2087 450 2153 beneflcio.
467 2085 607 2153 Constat
629 2105 673 2152 ex
688 2105 783 2152 conc.
801 2086 902 2162 Trid„
919 2105 946 2150 s.
962 2087 1013 2162 ec,
1030 2105 1058 2150 c.
1077 2088 1107 2162 7,
1124 2090 1159 2150 et
1172 2105 1215 2152 ex
1223 2088 1303 2171 juro
1317 2086 1403 2151 anti·

222 2213 300 2278 quo.
316 2195 415 2260 Ratio
442 2199 504 2273 est,
529 2195 609 2288 quia
626 2213 689 2280 per
709 2194 795 2260 tales
819 2195 1053 2260 successiones
1077 2195 1229 2260 ecclesiis
1248 2197 1401 2268 uocetur,

221 2307 390 2386 quatenus
411 2303 577 2370 beneficia
598 2304 801 2389 plerumque
823 2305 860 2370 in
883 2304 1044 2386 indignos
1061 2304 1352 2380 transmittuntur,
1370 2307 1404 2368 et

220 2412 409 2478 ambitiosa
423 2413 599 2498 cupiditati
610 2414 756 2480 lavetur.

258 2522 291 2586 t·
313 2523 475 2588 Summus
506 2523 663 2589 Pontifex
691 2528 820 2602 tamen,
844 2525 886 2589 de
911 2527 1081 2608 potestate
1100 2521 1267 2598 absoluta,
1289 2527 1403 2607 potest

91 2632 98 2646 '
219 2633 374 2698 conferre
384 2632 551 2698 beneficia
562 2651 634 2698 non
644 2633 811 2710 vacantia,
826 2651 888 2698 seu
903 2632 984 2698 dare
999 2632 1127 2714 gratim
1140 2631 1399 2716 exspectativas.

218 2741 296 2808 lstae
312 2742 433 2825 gratiae
447 2742 586 2827 quidem
601 2743 744 2809 sublatae
763 2749 845 2809 sunt
858 2762 879 2809 a
892 2761 987 2809 conc.
1006 2743 1094 2807 Trid.
1107 2743 1205 2822 (sess.
1221 2743 1272 2819 95,
1289 2761 1318 2806 c.
1334 2743 1397 2825 n),

218 2850 280 2915 sed
298 2851 394 2916 salva
407 2869 545 2936 semper
565 2852 767 2917 auctoritate
788 2851 884 2916 Sedis
898 2849 1116 2935 apostolica,
1133 2869 1209 2936 quea
1225 2851 1400 2917 acouoilio
1481 2861 1484 2871 '

218 2976 289 3024 non
303 2959 447 3043 pendet3
463 2961 610 3044 ideoque
626 2960 775 3025 diximus
799 2964 901 3026 antea
922 2959 1141 3025 collationem
1159 2959 1316 3025 beneficii
1330 2978 1400 3024 non

218 3069 372 3135 vacantis
398 3069 570 3152 pertinere
600 3069 644 3134 ad
676 3067 927 3154 plenitudinem
950 3069 1130 3152 potestatis
1156 3069 1303 3152 papalis,
1329 3086 1400 3134 non

218 3178 435 3256 ordinariam,
448 3179 510 3242 sed
524 3178 840 3244 extraordinariam.
857 3179 952 3254 Hinc,

256 3288 290 3351 5⁰
305 3287 474 3364 Quaeritur
495 3287 575 3372 quid
601 3287 821 3353 sentiendum
842 3289 887 3352 sit
914 3289 955 3353 de
979 3288 1152 3354 canonicis
1175 3306 1399 3372 supranume-

218 3396 315 3461 rariis
336 3397 394 3480 qui
410 3400 610 3462 venaturam
630 3402 831 3482 exspectant
849 3398 1093 3482 praehendam?
1111 3396 1214 3464 Juxta
1233 3416 1306 3480 cap.
1324 3397 1399 3462 δάε

217 3503 392 3569 Praedam.
419 3509 453 3568 et
476 3503 509 3569 S.
539 3503 706 3588 congreg.
724 3505 824 3572 Cone.
846 3507 882 3570 in
904 3506 1080 3592 Futpinct.
1106 3505 1400 3570 solennitatem

217 3612 237 3676 6
252 3631 331 3694 aug.
347 3612 438 3691 1808,
452 3612 488 3676 in
502 3613 686 3678 canonicos
705 3615 876 3679 nominari
897 3618 1042 3698 possunt
1060 3617 1095 3678 et
1108 3613 1223 3696 recipi,
1239 3629 1310 3677 non
1326 3613 1398 3696 qui-

218 3719 297 3785 dem
311 3721 345 3786 vi
359 3721 607 3804 promissionis,
624 3739 700 3806 quae
715 3740 786 3787 non
800 3723 955 3798 hahetur,
978 3721 1039 3786 scd
1058 3740 1102 3786 ex
1120 3721 1155 3786 vi
1181 3721 1396 3804 receptionis.

218 3827 350 3896 Clariss.
364 3831 413 3894 De
427 3829 567 3912 Angelis
581 3830 628 3914 (in
643 3832 677 3894 h.
695 3833 746 3894 tit.
760 3851 794 3896 n.
811 3833 843 3915 3)
856 3836 955 3914 putat
968 3832 1152 3897 canonicos
1171 3847 1396 3914 supranume-

217 3939 438 4004 rarioshodie
452 3939 569 4004 vocari
583 3941 765 4005 canonicos
777 3940 993 4021 honorario&
1017 3941 1079 4006 sed
1104 3940 1140 4004 in
1165 3939 1271 4005 Gallia
1289 3937 1398 4002 diver-

218 4046 300 4112 sitas
320 4047 467 4112 hahetur
489 4048 580 4112 inter
604 4049 923 4132 supernumerarius
948 4053 982 4116 et
1010 4048 1230 4124 honorarios,
1258 4063 1339 4112 narn
1362 4045 1396 4109 hi

218 4153 328 4220 ultimi
342 4155 473 4222 nullam
489 4160 689 4240 exspectant
699 4157 930 4242 praebendam.

302 4348 344 4399 111.
362 4349 403 4400 De
416 4345 545 4411 tempore
558 4345 635 4400 intra
649 4347 725 4413 quod
738 4345 861 4403 conferri
876 4347 1000 4404 debeant
1012 4349 1153 4404 henoteta
1165 4349 1305 4404 vacantia.

257 4481 290 4562 a)
320 4479 608 4564 Distinguendum
630 4485 684 4546 est
708 4483 800 4548 inter
823 4485 989 4551 beneficia
1010 4483 1178 4560 collativa,
1201 4483 1344 4551 electiva
1362 4488 1397 4550 et
1471 4451 1473 4459 Ι

216 4591 396 4672 petronate
409 4607 471 4654 seu
488 4589 607 4656 mixta.
633 4591 665 4654 l⁰
687 4589 721 4654 Si
741 4591 948 4658 heneficium
970 4611 1097 4660 vacans
1118 4593 1163 4657 sit
1184 4592 1393 4670 collativam,

219 4713 280 4764 seu
294 4695 410 4761 libere
424 4694 624 4772 collationis,
642 4701 680 4761 ut
694 4702 776 4762 sunt
788 4699 879 4782 apud
892 4717 956 4765 nos
971 4701 1089 4766 omnia
1101 4699 1276 4775 beneficia,
1294 4699 1395 4764 debet
