<?xml version="1.0" encoding="UTF-8"?>
<!DOCTYPE html PUBLIC "-//W3C//DTD XHTML 1.0 Transitional//EN"
    "http://www.w3.org/TR/xhtml1/DTD/xhtml1-transitional.dtd">
<html xmlns="http://www.w3.org/1999/xhtml" xml:lang="en" lang="en">
 <head>
  <title>
</title>
<meta http-equiv="Content-Type" content="text/html;charset=utf-8" />
  <meta name='ocr-system' content='tesseract 3.04.00' />
  <meta name='ocr-capabilities' content='ocr_page ocr_carea ocr_par ocr_line ocrx_word'/>
</head>
<body>
  <div class='ocr_page' id='page_1' title='image "./juscanonicumjux00grangoog_0315.png"; bbox 0 0 3504 5572; ppageno 0'>
   <div class='ocr_carea' id='block_1_1' title="bbox 543 533 1375 638">
    <p class='ocr_par' dir='ltr' id='par_1_1' title="bbox 543 533 1375 638">
     <span class='ocr_line' id='line_1_1' title="bbox 543 533 1375 638; baseline -0.006 -33"><span class='ocrx_word' id='word_1_1' title='bbox 543 558 630 606; x_wconf 82' lang='lat' dir='ltr'>mem</span> <span class='ocrx_word' id='word_1_2' title='bbox 652 559 781 638; x_wconf 75' lang='lat' dir='ltr'>renerus</span> <span class='ocrx_word' id='word_1_3' title='bbox 801 558 1022 608; x_wconf 80' lang='lat' dir='ltr'>oecarmnmr.</span> <span class='ocrx_word' id='word_1_4' title='bbox 1316 533 1375 600; x_wconf 83' lang='lat'>303</span> 
     </span>
    </p>
   </div>
   <div class='ocr_carea' id='block_1_2' title="bbox 196 673 1380 2058">
    <p class='ocr_par' dir='ltr' id='par_1_2' title="bbox 196 673 1376 975">
     <span class='ocr_line' id='line_1_2' title="bbox 198 673 1374 760; baseline -0.003 -22"><span class='ocrx_word' id='word_1_5' title='bbox 198 675 290 740; x_wconf 74' lang='lat' dir='ltr'>toria</span> <span class='ocrx_word' id='word_1_6' title='bbox 304 675 489 754; x_wconf 80' lang='lat' dir='ltr'>fructuum,</span> <span class='ocrx_word' id='word_1_7' title='bbox 506 682 545 740; x_wconf 88' lang='lat' dir='ltr'>ut</span> <span class='ocrx_word' id='word_1_8' title='bbox 558 677 680 743; x_wconf 86' lang='lat' dir='ltr'>volunt</span> <span class='ocrx_word' id='word_1_9' title='bbox 693 677 761 755; x_wconf 90' lang='lat' dir='ltr'>alii,</span> <span class='ocrx_word' id='word_1_10' title='bbox 777 697 838 743; x_wconf 90' lang='lat' dir='ltr'>seu</span> <span class='ocrx_word' id='word_1_11' title='bbox 855 678 1030 742; x_wconf 80' lang='lat' dir='ltr'>lucretivae</span> <span class='ocrx_word' id='word_1_12' title='bbox 1044 677 1080 739; x_wconf 92' lang='lat' dir='ltr'>in</span> <span class='ocrx_word' id='word_1_13' title='bbox 1094 691 1233 760; x_wconf 87' lang='lat' dir='ltr'>poenem</span> <span class='ocrx_word' id='word_1_14' title='bbox 1246 673 1374 737; x_wconf 88' lang='lat' dir='ltr'>morosi</span> 
     </span>
     <span class='ocr_line' id='line_1_3' title="bbox 196 781 1376 866; baseline -0.005 -18"><span class='ocrx_word' id='word_1_15' title='bbox 196 783 370 860; x_wconf 85' lang='lat' dir='ltr'>debitoris,</span> <span class='ocrx_word' id='word_1_16' title='bbox 384 790 424 848; x_wconf 87' lang='lat' dir='ltr'>ut</span> <span class='ocrx_word' id='word_1_17' title='bbox 437 785 562 850; x_wconf 90' lang='lat' dir='ltr'>docent</span> <span class='ocrx_word' id='word_1_18' title='bbox 574 784 648 860; x_wconf 85' lang='lat' dir='ltr'>alii;</span> <span class='ocrx_word' id='word_1_19' title='bbox 662 803 743 850; x_wconf 89' lang='lat' dir='ltr'>nam</span> <span class='ocrx_word' id='word_1_20' title='bbox 758 785 823 850; x_wconf 84' lang='lat' dir='ltr'>bb.</span> <span class='ocrx_word' id='word_1_21' title='bbox 841 805 912 852; x_wconf 88' lang='lat' dir='ltr'>non</span> <span class='ocrx_word' id='word_1_22' title='bbox 930 785 1151 850; x_wconf 88' lang='lat' dir='ltr'>consentiunt</span> <span class='ocrx_word' id='word_1_23' title='bbox 1170 781 1283 866; x_wconf 84' lang='lat' dir='ltr'>quoad</span> <span class='ocrx_word' id='word_1_24' title='bbox 1297 781 1376 844; x_wconf 92' lang='lat' dir='ltr'>titu-</span> 
     </span>
     <span class='ocr_line' id='line_1_4' title="bbox 196 889 1041 975; baseline 0.005 -23"><span class='ocrx_word' id='word_1_25' title='bbox 196 889 269 955; x_wconf 87' lang='lat' dir='ltr'>lum</span> <span class='ocrx_word' id='word_1_26' title='bbox 285 909 353 975; x_wconf 84' lang='lat' dir='ltr'>quo</span> <span class='ocrx_word' id='word_1_27' title='bbox 367 892 537 974; x_wconf 85' lang='lat' dir='ltr'>ejusmodi</span> <span class='ocrx_word' id='word_1_28' title='bbox 549 911 663 958; x_wconf 75' lang='lat' dir='ltr'>usurae</span> <span class='ocrx_word' id='word_1_29' title='bbox 678 894 847 960; x_wconf 80' lang='lat' dir='ltr'>debentur</span> <span class='ocrx_word' id='word_1_30' title='bbox 860 893 1041 959; x_wconf 85' lang='lat' dir='ltr'>venditori.</span> 
     </span>
    </p>

    <p class='ocr_par' dir='ltr' id='par_1_3' title="bbox 199 999 1380 2058">
     <span class='ocr_line' id='line_1_5' title="bbox 238 999 1377 1083; baseline -0.002 -20"><span class='ocrx_word' id='word_1_31' title='bbox 238 999 273 1080; x_wconf 85' lang='lat' dir='ltr'>d)</span> <span class='ocrx_word' id='word_1_32' title='bbox 289 999 420 1064; x_wconf 90' lang='lat' dir='ltr'>Sentire</span> <span class='ocrx_word' id='word_1_33' title='bbox 435 1000 538 1065; x_wconf 89' lang='lat' dir='ltr'>debet</span> <span class='ocrx_word' id='word_1_34' title='bbox 552 1000 742 1083; x_wconf 89' lang='lat' dir='ltr'>periculum</span> <span class='ocrx_word' id='word_1_35' title='bbox 757 1017 820 1066; x_wconf 90' lang='lat' dir='ltr'>seu</span> <span class='ocrx_word' id='word_1_36' title='bbox 834 1001 999 1066; x_wconf 86' lang='lat' dir='ltr'>damnum</span> <span class='ocrx_word' id='word_1_37' title='bbox 1020 1001 1070 1064; x_wconf 90' lang='lat' dir='ltr'>rei</span> <span class='ocrx_word' id='word_1_38' title='bbox 1090 1000 1249 1076; x_wconf 75' lang='lat' dir='ltr'>vendite,</span> <span class='ocrx_word' id='word_1_39' title='bbox 1274 999 1377 1062; x_wconf 89' lang='lat' dir='ltr'>etiam</span> 
     </span>
     <span class='ocr_line' id='line_1_6' title="bbox 199 1107 1376 1186; baseline -0.004 -12"><span class='ocrx_word' id='word_1_40' title='bbox 199 1107 353 1174; x_wconf 87' lang='lat' dir='ltr'>nondum</span> <span class='ocrx_word' id='word_1_41' title='bbox 377 1108 523 1184; x_wconf 80' lang='lat' dir='ltr'>traditee,</span> <span class='ocrx_word' id='word_1_42' title='bbox 544 1109 647 1174; x_wconf 92' lang='lat' dir='ltr'>modo</span> <span class='ocrx_word' id='word_1_43' title='bbox 672 1128 729 1174; x_wconf 89' lang='lat' dir='ltr'>ree</span> <span class='ocrx_word' id='word_1_44' title='bbox 757 1110 801 1173; x_wconf 88' lang='lat' dir='ltr'>sit</span> <span class='ocrx_word' id='word_1_45' title='bbox 827 1113 934 1186; x_wconf 90' lang='lat' dir='ltr'>certa,</span> <span class='ocrx_word' id='word_1_46' title='bbox 960 1110 1198 1185; x_wconf 87' lang='lat' dir='ltr'>determinata,</span> <span class='ocrx_word' id='word_1_47' title='bbox 1221 1107 1376 1172; x_wconf 88' lang='lat' dir='ltr'>absolute</span> 
     </span>
     <span class='ocr_line' id='line_1_7' title="bbox 199 1213 1376 1300; baseline -0.005 -18"><span class='ocrx_word' id='word_1_48' title='bbox 199 1215 348 1294; x_wconf 88' lang='lat' dir='ltr'>vendita,</span> <span class='ocrx_word' id='word_1_49' title='bbox 365 1221 400 1281; x_wconf 89' lang='lat' dir='ltr'>et</span> <span class='ocrx_word' id='word_1_50' title='bbox 412 1215 572 1281; x_wconf 88' lang='lat' dir='ltr'>venditor</span> <span class='ocrx_word' id='word_1_51' title='bbox 591 1217 628 1280; x_wconf 89' lang='lat' dir='ltr'>in</span> <span class='ocrx_word' id='word_1_52' title='bbox 643 1235 680 1282; x_wconf 90' lang='lat' dir='ltr'>se</span> <span class='ocrx_word' id='word_1_53' title='bbox 695 1217 885 1300; x_wconf 88' lang='lat' dir='ltr'>periculum</span> <span class='ocrx_word' id='word_1_54' title='bbox 906 1219 956 1282; x_wconf 91' lang='lat' dir='ltr'>rei</span> <span class='ocrx_word' id='word_1_55' title='bbox 975 1235 1046 1282; x_wconf 89' lang='lat' dir='ltr'>non</span> <span class='ocrx_word' id='word_1_56' title='bbox 1066 1215 1263 1299; x_wconf 82' lang='lat' dir='ltr'>susceperit.</span> <span class='ocrx_word' id='word_1_57' title='bbox 1280 1213 1376 1279; x_wconf 90' lang='lat' dir='ltr'>Ratio</span> 
     </span>
     <span class='ocr_line' id='line_1_8' title="bbox 200 1324 1378 1408; baseline -0.003 -18"><span class='ocrx_word' id='word_1_58' title='bbox 200 1330 263 1402; x_wconf 90' lang='lat' dir='ltr'>est,</span> <span class='ocrx_word' id='word_1_59' title='bbox 278 1325 358 1408; x_wconf 85' lang='lat' dir='ltr'>quie</span> <span class='ocrx_word' id='word_1_60' title='bbox 372 1330 507 1408; x_wconf 85' lang='lat' dir='ltr'>emptor</span> <span class='ocrx_word' id='word_1_61' title='bbox 521 1326 625 1389; x_wconf 82' lang='lat' dir='ltr'>sentit</span> <span class='ocrx_word' id='word_1_62' title='bbox 638 1326 819 1390; x_wconf 90' lang='lat' dir='ltr'>commoda</span> <span class='ocrx_word' id='word_1_63' title='bbox 834 1331 869 1390; x_wconf 90' lang='lat' dir='ltr'>et</span> <span class='ocrx_word' id='word_1_64' title='bbox 886 1326 1017 1390; x_wconf 81' lang='lat' dir='ltr'>fructus</span> <span class='ocrx_word' id='word_1_65' title='bbox 1030 1325 1095 1400; x_wconf 89' lang='lat' dir='ltr'>rei;</span> <span class='ocrx_word' id='word_1_66' title='bbox 1112 1343 1195 1406; x_wconf 82' lang='lat' dir='ltr'>ergo</span> <span class='ocrx_word' id='word_1_67' title='bbox 1210 1324 1314 1388; x_wconf 90' lang='lat' dir='ltr'>etiam</span> <span class='ocrx_word' id='word_1_68' title='bbox 1328 1325 1378 1386; x_wconf 91' lang='lat' dir='ltr'>in-</span> 
     </span>
     <span class='ocr_line' id='line_1_9' title="bbox 199 1431 1377 1518; baseline -0.002 -22"><span class='ocrx_word' id='word_1_69' title='bbox 199 1432 381 1499; x_wconf 76' lang='lat' dir='ltr'>commode</span> <span class='ocrx_word' id='word_1_70' title='bbox 396 1439 430 1498; x_wconf 91' lang='lat' dir='ltr'>et</span> <span class='ocrx_word' id='word_1_71' title='bbox 448 1434 600 1518; x_wconf 86' lang='lat' dir='ltr'>pericula</span> <span class='ocrx_word' id='word_1_72' title='bbox 621 1435 748 1500; x_wconf 87' lang='lat' dir='ltr'>sentire</span> <span class='ocrx_word' id='word_1_73' title='bbox 772 1434 884 1500; x_wconf 91' lang='lat' dir='ltr'>debet.</span> <span class='ocrx_word' id='word_1_74' title='bbox 902 1433 1009 1517; x_wconf 81' lang='lat' dir='ltr'>Igitur</span> <span class='ocrx_word' id='word_1_75' title='bbox 1022 1436 1055 1499; x_wconf 78' lang='lat'>1⁰</span> <span class='ocrx_word' id='word_1_76' title='bbox 1069 1433 1189 1515; x_wconf 80' lang='lat' dir='ltr'>regula</span> <span class='ocrx_word' id='word_1_77' title='bbox 1208 1431 1377 1513; x_wconf 80' lang='lat' dir='ltr'>generalis</span> 
     </span>
     <span class='ocr_line' id='line_1_10' title="bbox 201 1539 1379 1626; baseline -0.003 -22"><span class='ocrx_word' id='word_1_78' title='bbox 201 1545 262 1616; x_wconf 89' lang='lat' dir='ltr'>est,</span> <span class='ocrx_word' id='word_1_79' title='bbox 281 1541 310 1604; x_wconf 88' lang='lat' dir='ltr'>si</span> <span class='ocrx_word' id='word_1_80' title='bbox 324 1559 380 1606; x_wconf 87' lang='lat' dir='ltr'>res</span> <span class='ocrx_word' id='word_1_81' title='bbox 394 1542 487 1626; x_wconf 89' lang='lat' dir='ltr'>apud</span> <span class='ocrx_word' id='word_1_82' title='bbox 499 1542 716 1626; x_wconf 85' lang='lat' dir='ltr'>venditorem</span> <span class='ocrx_word' id='word_1_83' title='bbox 729 1547 847 1626; x_wconf 88' lang='lat' dir='ltr'>pereat</span> <span class='ocrx_word' id='word_1_84' title='bbox 859 1541 916 1607; x_wconf 83' lang='lat' dir='ltr'>vel</span> <span class='ocrx_word' id='word_1_85' title='bbox 929 1542 1163 1618; x_wconf 83' lang='lat' dir='ltr'>deterioretur,</span> <span class='ocrx_word' id='word_1_86' title='bbox 1180 1539 1269 1623; x_wconf 91' lang='lat' dir='ltr'>perit</span> <span class='ocrx_word' id='word_1_87' title='bbox 1286 1556 1379 1620; x_wconf 92' lang='lat' dir='ltr'>emp-</span> 
     </span>
     <span class='ocr_line' id='line_1_11' title="bbox 201 1647 1380 1734; baseline -0.004 -21"><span class='ocrx_word' id='word_1_88' title='bbox 201 1649 281 1724; x_wconf 82' lang='lat' dir='ltr'>tori;</span> <span class='ocrx_word' id='word_1_89' title='bbox 297 1667 420 1714; x_wconf 82' lang='lat' dir='ltr'>verum</span> <span class='ocrx_word' id='word_1_90' title='bbox 433 1651 465 1714; x_wconf 53' lang='grc' dir='ltr'>ἰ»</span> <span class='ocrx_word' id='word_1_91' title='bbox 480 1655 562 1715; x_wconf 91' lang='lat' dir='ltr'>sunt</span> <span class='ocrx_word' id='word_1_92' title='bbox 574 1649 691 1733; x_wconf 88' lang='lat' dir='ltr'>plures</span> <span class='ocrx_word' id='word_1_93' title='bbox 710 1669 809 1715; x_wconf 90' lang='lat' dir='ltr'>casus</span> <span class='ocrx_word' id='word_1_94' title='bbox 823 1651 859 1714; x_wconf 91' lang='lat' dir='ltr'>in</span> <span class='ocrx_word' id='word_1_95' title='bbox 874 1651 997 1734; x_wconf 90' lang='lat' dir='ltr'>quibus</span> <span class='ocrx_word' id='word_1_96' title='bbox 1015 1647 1206 1733; x_wconf 92' lang='lat' dir='ltr'>periculum</span> <span class='ocrx_word' id='word_1_97' title='bbox 1225 1647 1275 1710; x_wconf 91' lang='lat' dir='ltr'>rei</span> <span class='ocrx_word' id='word_1_98' title='bbox 1294 1664 1380 1710; x_wconf 89' lang='lat' dir='ltr'>non-</span> 
     </span>
     <span class='ocr_line' id='line_1_12' title="bbox 202 1755 1380 1842; baseline -0.002 -22"><span class='ocrx_word' id='word_1_99' title='bbox 202 1755 284 1820; x_wconf 90' lang='lat' dir='ltr'>dum</span> <span class='ocrx_word' id='word_1_100' title='bbox 298 1757 429 1822; x_wconf 80' lang='lat' dir='ltr'>uaditae</span> <span class='ocrx_word' id='word_1_101' title='bbox 443 1759 592 1842; x_wconf 87' lang='lat' dir='ltr'>pertinet</span> <span class='ocrx_word' id='word_1_102' title='bbox 605 1760 648 1824; x_wconf 84' lang='lat' dir='ltr'>nd</span> <span class='ocrx_word' id='word_1_103' title='bbox 663 1759 879 1824; x_wconf 91' lang='lat' dir='ltr'>venditorem</span> <span class='ocrx_word' id='word_1_104' title='bbox 893 1779 901 1822; x_wconf 74' lang='grc' dir='ltr'><strong><em>ε</em></strong></span> <span class='ocrx_word' id='word_1_105' title='bbox 917 1759 945 1822; x_wconf 89' lang='lat' dir='ltr'>si</span> <span class='ocrx_word' id='word_1_106' title='bbox 959 1759 988 1822; x_wconf 87' lang='lat' dir='ltr'>is</span> <span class='ocrx_word' id='word_1_107' title='bbox 1002 1759 1124 1822; x_wconf 80' lang='lat' dir='ltr'>luisset</span> <span class='ocrx_word' id='word_1_108' title='bbox 1142 1758 1178 1820; x_wconf 91' lang='lat' dir='ltr'>in</span> <span class='ocrx_word' id='word_1_109' title='bbox 1192 1757 1291 1840; x_wconf 89' lang='lat' dir='ltr'>culpa</span> <span class='ocrx_word' id='word_1_110' title='bbox 1311 1755 1380 1819; x_wconf 88' lang='lat' dir='ltr'>late</span> 
     </span>
     <span class='ocr_line' id='line_1_13' title="bbox 201 1865 1380 1950; baseline -0.003 -22"><span class='ocrx_word' id='word_1_111' title='bbox 201 1871 236 1929; x_wconf 91' lang='lat' dir='ltr'>et</span> <span class='ocrx_word' id='word_1_112' title='bbox 246 1865 325 1943; x_wconf 91' lang='lat' dir='ltr'>levi,</span> <span class='ocrx_word' id='word_1_113' title='bbox 341 1867 398 1930; x_wconf 85' lang='lat' dir='ltr'>vel</span> <span class='ocrx_word' id='word_1_114' title='bbox 409 1867 445 1931; x_wconf 90' lang='lat' dir='ltr'>in</span> <span class='ocrx_word' id='word_1_115' title='bbox 459 1884 557 1931; x_wconf 90' lang='lat' dir='ltr'>mora</span> <span class='ocrx_word' id='word_1_116' title='bbox 571 1865 730 1950; x_wconf 80' lang='lat' dir='ltr'>culpabili</span> <span class='ocrx_word' id='word_1_117' title='bbox 744 1867 918 1942; x_wconf 90' lang='lat' dir='ltr'>tradendi;</span> <span class='ocrx_word' id='word_1_118' title='bbox 937 1867 966 1930; x_wconf 86' lang='lat' dir='ltr'>ai</span> <span class='ocrx_word' id='word_1_119' title='bbox 980 1885 1036 1930; x_wconf 91' lang='lat' dir='ltr'>res</span> <span class='ocrx_word' id='word_1_120' title='bbox 1050 1866 1190 1931; x_wconf 86' lang='lat' dir='ltr'>vendita</span> <span class='ocrx_word' id='word_1_121' title='bbox 1203 1869 1283 1928; x_wconf 91' lang='lat' dir='ltr'>ante</span> <span class='ocrx_word' id='word_1_122' title='bbox 1297 1881 1380 1926; x_wconf 87' lang='lat' dir='ltr'>ven-</span> 
     </span>
     <span class='ocr_line' id='line_1_14' title="bbox 202 1971 1323 2058; baseline -0.005 -20"><span class='ocrx_word' id='word_1_123' title='bbox 202 1973 365 2039; x_wconf 85' lang='lat' dir='ltr'>ditionem</span> <span class='ocrx_word' id='word_1_124' title='bbox 379 1974 571 2058; x_wconf 88' lang='lat' dir='ltr'>publicetur</span> <span class='ocrx_word' id='word_1_125' title='bbox 583 1975 655 2040; x_wconf 90' lang='lat' dir='ltr'>sive</span> <span class='ocrx_word' id='word_1_126' title='bbox 669 1976 875 2040; x_wconf 86' lang='lat' dir='ltr'>confiscetur</span> <span class='ocrx_word' id='word_1_127' title='bbox 889 1976 932 2040; x_wconf 93' lang='lat' dir='ltr'>ob</span> <span class='ocrx_word' id='word_1_128' title='bbox 948 1973 1109 2039; x_wconf 89' lang='lat' dir='ltr'>delictum</span> <span class='ocrx_word' id='word_1_129' title='bbox 1124 1971 1323 2038; x_wconf 84' lang='lat' dir='ltr'>venditoris.</span> 
     </span>
    </p>
   </div>
   <div class='ocr_carea' id='block_1_3' title="bbox 404 2168 1174 2224">
    <p class='ocr_par' dir='ltr' id='par_1_4' title="bbox 404 2168 1174 2224">
     <span class='ocr_line' id='line_1_15' title="bbox 404 2168 1174 2224; baseline -0.004 0"><span class='ocrx_word' id='word_1_130' title='bbox 404 2173 446 2224; x_wconf 83' lang='lat' dir='ltr'>lli.</span> <span class='ocrx_word' id='word_1_131' title='bbox 464 2173 504 2224; x_wconf 84' lang='lat' dir='ltr'>De</span> <span class='ocrx_word' id='word_1_132' title='bbox 519 2169 659 2224; x_wconf 76' lang='lat' dir='ltr'>fructibus</span> <span class='ocrx_word' id='word_1_133' title='bbox 672 2171 714 2223; x_wconf 90' lang='lat' dir='ltr'>rei</span> <span class='ocrx_word' id='word_1_134' title='bbox 727 2169 851 2223; x_wconf 80' lang='lat' dir='ltr'>vendite</span> <span class='ocrx_word' id='word_1_135' title='bbox 867 2171 897 2224; x_wconf 90' lang='lat' dir='ltr'>et</span> <span class='ocrx_word' id='word_1_136' title='bbox 909 2168 1039 2222; x_wconf 89' lang='lat' dir='ltr'>nondum</span> <span class='ocrx_word' id='word_1_137' title='bbox 1052 2168 1174 2222; x_wconf 81' lang='lat' dir='ltr'>tradita.</span> 
     </span>
    </p>
   </div>
   <div class='ocr_carea' id='block_1_4' title="bbox 158 2309 1385 4769">
    <p class='ocr_par' dir='ltr' id='par_1_5' title="bbox 241 2309 1127 2394">
     <span class='ocr_line' id='line_1_16' title="bbox 241 2309 1127 2394; baseline 0.001 -21"><span class='ocrx_word' id='word_1_138' title='bbox 241 2309 295 2374; x_wconf 82' lang='lat' dir='ltr'>Au</span> <span class='ocrx_word' id='word_1_139' title='bbox 309 2311 369 2374; x_wconf 83' lang='lat' dir='ltr'>r&#39;rtr&#39;</span> <span class='ocrx_word' id='word_1_140' title='bbox 380 2311 515 2392; x_wconf 81' lang='lat' dir='ltr'>fructus</span> <span class='ocrx_word' id='word_1_141' title='bbox 529 2309 693 2374; x_wconf 82' lang='lat' dir='ltr'>debentur</span> <span class='ocrx_word' id='word_1_142' title='bbox 707 2311 877 2375; x_wconf 80' lang='lat' dir='ltr'>venditori</span> <span class='ocrx_word' id='word_1_143' title='bbox 888 2311 945 2374; x_wconf 85' lang='lat' dir='ltr'>cel</span> <span class='ocrx_word' id='word_1_144' title='bbox 956 2311 1101 2394; x_wconf 78' lang='lat' dir='ltr'>emptori</span> <span class='ocrx_word' id='word_1_145' title='bbox 1109 2309 1127 2374; x_wconf 85' lang='lat'><strong><em>?</em></strong></span> 
     </span>
    </p>

    <p class='ocr_par' dir='ltr' id='par_1_6' title="bbox 202 2413 1380 2591">
     <span class='ocr_line' id='line_1_17' title="bbox 243 2413 1380 2501; baseline -0.002 -19"><span class='ocrx_word' id='word_1_146' title='bbox 243 2417 343 2501; x_wconf 89' lang='lat' dir='ltr'>Resp.</span> <span class='ocrx_word' id='word_1_147' title='bbox 365 2418 396 2500; x_wconf 75' lang='lat' dir='ltr'>a)</span> <span class='ocrx_word' id='word_1_148' title='bbox 420 2417 455 2482; x_wconf 88' lang='lat' dir='ltr'>si</span> <span class='ocrx_word' id='word_1_149' title='bbox 476 2417 518 2482; x_wconf 92' lang='lat' dir='ltr'>de</span> <span class='ocrx_word' id='word_1_150' title='bbox 532 2418 586 2482; x_wconf 90' lang='lat' dir='ltr'>bis</span> <span class='ocrx_word' id='word_1_151' title='bbox 601 2418 801 2483; x_wconf 89' lang='lat' dir='ltr'>convenerit</span> <span class='ocrx_word' id='word_1_152' title='bbox 823 2419 914 2482; x_wconf 90' lang='lat' dir='ltr'>inter</span> <span class='ocrx_word' id='word_1_153' title='bbox 930 2417 1182 2494; x_wconf 86' lang='lat' dir='ltr'>contrahentes,</span> <span class='ocrx_word' id='word_1_154' title='bbox 1207 2413 1301 2480; x_wconf 89' lang='lat' dir='ltr'>nulla</span> <span class='ocrx_word' id='word_1_155' title='bbox 1321 2414 1380 2480; x_wconf 87' lang='lat' dir='ltr'>he-</span> 
     </span>
     <span class='ocr_line' id='line_1_18' title="bbox 202 2525 1016 2591; baseline 0.001 -2"><span class='ocrx_word' id='word_1_156' title='bbox 202 2526 304 2590; x_wconf 90' lang='lat' dir='ltr'>betur</span> <span class='ocrx_word' id='word_1_157' title='bbox 316 2525 497 2591; x_wconf 80' lang='lat' dir='ltr'>difficultas</span> <span class='ocrx_word' id='word_1_158' title='bbox 517 2545 524 2588; x_wconf 92' lang='lat'>:</span> <span class='ocrx_word' id='word_1_159' title='bbox 541 2526 702 2590; x_wconf 87' lang='lat' dir='ltr'>standum</span> <span class='ocrx_word' id='word_1_160' title='bbox 718 2529 770 2590; x_wconf 90' lang='lat' dir='ltr'>est</span> <span class='ocrx_word' id='word_1_161' title='bbox 783 2525 1016 2591; x_wconf 73' lang='lat' dir='ltr'>conventioni,</span> 
     </span>
    </p>

    <p class='ocr_par' dir='ltr' id='par_1_7' title="bbox 158 2633 1385 4769">
     <span class='ocr_line' id='line_1_19' title="bbox 245 2633 1380 2718; baseline -0.001 -21"><span class='ocrx_word' id='word_1_162' title='bbox 245 2634 276 2717; x_wconf 84' lang='lat' dir='ltr'>b)</span> <span class='ocrx_word' id='word_1_163' title='bbox 286 2633 319 2697; x_wconf 90' lang='lat' dir='ltr'>Si</span> <span class='ocrx_word' id='word_1_164' title='bbox 330 2633 413 2698; x_wconf 92' lang='lat' dir='ltr'>nibil</span> <span class='ocrx_word' id='word_1_165' title='bbox 424 2634 732 2700; x_wconf 88' lang='lat' dir='ltr'>econtrahentibus</span> <span class='ocrx_word' id='word_1_166' title='bbox 745 2633 949 2718; x_wconf 90' lang='lat' dir='ltr'>dispositum</span> <span class='ocrx_word' id='word_1_167' title='bbox 960 2635 1072 2710; x_wconf 83' lang='lat' dir='ltr'>suerit,</span> <span class='ocrx_word' id='word_1_168' title='bbox 1086 2652 1173 2717; x_wconf 92' lang='lat' dir='ltr'>opus</span> <span class='ocrx_word' id='word_1_169' title='bbox 1184 2637 1236 2700; x_wconf 90' lang='lat' dir='ltr'>est</span> <span class='ocrx_word' id='word_1_170' title='bbox 1246 2633 1380 2697; x_wconf 81' lang='lat' dir='ltr'>distinc-</span> 
     </span>
     <span class='ocr_line' id='line_1_20' title="bbox 204 2740 1381 2825; baseline -0.003 -19"><span class='ocrx_word' id='word_1_171' title='bbox 204 2741 297 2806; x_wconf 89' lang='lat' dir='ltr'>tione</span> <span class='ocrx_word' id='word_1_172' title='bbox 312 2763 320 2805; x_wconf 91' lang='lat'>:</span> <span class='ocrx_word' id='word_1_173' title='bbox 337 2743 368 2806; x_wconf 76' lang='lat'>1⁰</span> <span class='ocrx_word' id='word_1_174' title='bbox 378 2742 412 2806; x_wconf 87' lang='lat' dir='ltr'>Si</span> <span class='ocrx_word' id='word_1_175' title='bbox 423 2743 554 2807; x_wconf 83' lang='lat' dir='ltr'>fructus</span> <span class='ocrx_word' id='word_1_176' title='bbox 572 2748 654 2808; x_wconf 88' lang='lat' dir='ltr'>sunt</span> <span class='ocrx_word' id='word_1_177' title='bbox 666 2742 738 2808; x_wconf 87' lang='lat' dir='ltr'>nati</span> <span class='ocrx_word' id='word_1_178' title='bbox 753 2745 787 2807; x_wconf 92' lang='lat' dir='ltr'>et</span> <span class='ocrx_word' id='word_1_179' title='bbox 801 2742 933 2808; x_wconf 90' lang='lat' dir='ltr'>collecti</span> <span class='ocrx_word' id='word_1_180' title='bbox 947 2745 1026 2808; x_wconf 90' lang='lat' dir='ltr'>ante</span> <span class='ocrx_word' id='word_1_181' title='bbox 1042 2740 1381 2825; x_wconf 89' lang='lat' dir='ltr'>emptionem-vendi-</span> 
     </span>
     <span class='ocr_line' id='line_1_21' title="bbox 204 2848 1381 2934; baseline -0.001 -21"><span class='ocrx_word' id='word_1_182' title='bbox 204 2850 335 2914; x_wconf 90' lang='lat' dir='ltr'>tionem</span> <span class='ocrx_word' id='word_1_183' title='bbox 351 2851 547 2934; x_wconf 84' lang='lat' dir='ltr'>perleotam,</span> <span class='ocrx_word' id='word_1_184' title='bbox 567 2849 610 2916; x_wconf 91' lang='lat' dir='ltr'>ad</span> <span class='ocrx_word' id='word_1_185' title='bbox 625 2851 841 2916; x_wconf 85' lang='lat' dir='ltr'>venditorem</span> <span class='ocrx_word' id='word_1_186' title='bbox 859 2851 1048 2934; x_wconf 92' lang='lat' dir='ltr'>pertinent;</span> <span class='ocrx_word' id='word_1_187' title='bbox 1065 2868 1146 2914; x_wconf 92' lang='lat' dir='ltr'>nam</span> <span class='ocrx_word' id='word_1_188' title='bbox 1160 2868 1230 2914; x_wconf 90' lang='lat' dir='ltr'>non</span> <span class='ocrx_word' id='word_1_189' title='bbox 1245 2848 1381 2932; x_wconf 90' lang='lat' dir='ltr'>proprie</span> 
     </span>
     <span class='ocr_line' id='line_1_22' title="bbox 206 2953 1381 3041; baseline -0.003 -21"><span class='ocrx_word' id='word_1_190' title='bbox 206 2963 287 3021; x_wconf 88' lang='lat' dir='ltr'>sunt</span> <span class='ocrx_word' id='word_1_191' title='bbox 300 2976 379 3040; x_wconf 88' lang='lat' dir='ltr'>pars</span> <span class='ocrx_word' id='word_1_192' title='bbox 392 2957 444 3021; x_wconf 93' lang='lat' dir='ltr'>rei</span> <span class='ocrx_word' id='word_1_193' title='bbox 459 2957 618 3033; x_wconf 79' lang='lat' dir='ltr'>venditae,</span> <span class='ocrx_word' id='word_1_194' title='bbox 636 2957 772 3041; x_wconf 85' lang='lat' dir='ltr'>quando</span> <span class='ocrx_word' id='word_1_195' title='bbox 787 2975 858 3022; x_wconf 89' lang='lat' dir='ltr'>non</span> <span class='ocrx_word' id='word_1_196' title='bbox 872 2959 1023 3040; x_wconf 87' lang='lat' dir='ltr'>perlecta</span> <span class='ocrx_word' id='word_1_197' title='bbox 1036 2963 1089 3021; x_wconf 91' lang='lat' dir='ltr'>est</span> <span class='ocrx_word' id='word_1_198' title='bbox 1103 2956 1272 3032; x_wconf 89' lang='lat' dir='ltr'>venditio;</span> <span class='ocrx_word' id='word_1_199' title='bbox 1287 2961 1335 3030; x_wconf 91' lang='lat' dir='ltr'>ut,</span> <span class='ocrx_word' id='word_1_200' title='bbox 1353 2953 1381 3018; x_wconf 89' lang='lat' dir='ltr'>si</span> 
     </span>
     <span class='ocr_line' id='line_1_23' title="bbox 206 3063 1381 3147; baseline -0.003 -19"><span class='ocrx_word' id='word_1_201' title='bbox 206 3081 238 3128; x_wconf 88' lang='lat' dir='ltr'>v.</span> <span class='ocrx_word' id='word_1_202' title='bbox 253 3083 287 3146; x_wconf 82' lang='lat' dir='ltr'>g.</span> <span class='ocrx_word' id='word_1_203' title='bbox 303 3064 462 3130; x_wconf 77' lang='lat' dir='ltr'>venditor</span> <span class='ocrx_word' id='word_1_204' title='bbox 480 3065 590 3130; x_wconf 88' lang='lat' dir='ltr'>noluit</span> <span class='ocrx_word' id='word_1_205' title='bbox 612 3083 689 3130; x_wconf 88' lang='lat' dir='ltr'>eam</span> <span class='ocrx_word' id='word_1_206' title='bbox 710 3083 786 3130; x_wconf 87' lang='lat' dir='ltr'>esse</span> <span class='ocrx_word' id='word_1_207' title='bbox 807 3069 917 3130; x_wconf 87' lang='lat' dir='ltr'>ratam</span> <span class='ocrx_word' id='word_1_208' title='bbox 933 3065 999 3128; x_wconf 91' lang='lat' dir='ltr'>nisi</span> <span class='ocrx_word' id='word_1_209' title='bbox 1021 3064 1144 3129; x_wconf 86' lang='lat' dir='ltr'>tradito</span> <span class='ocrx_word' id='word_1_210' title='bbox 1163 3064 1283 3147; x_wconf 90' lang='lat' dir='ltr'>pretio.</span> <span class='ocrx_word' id='word_1_211' title='bbox 1300 3063 1332 3126; x_wconf 54' lang='grc' dir='ltr'>θ’</span> <span class='ocrx_word' id='word_1_212' title='bbox 1348 3063 1381 3126; x_wconf 90' lang='lat' dir='ltr'>Si</span> 
     </span>
     <span class='ocr_line' id='line_1_24' title="bbox 206 3171 1383 3256; baseline -0.002 -21"><span class='ocrx_word' id='word_1_213' title='bbox 206 3173 335 3237; x_wconf 80' lang='lat' dir='ltr'>fructus</span> <span class='ocrx_word' id='word_1_214' title='bbox 343 3171 474 3238; x_wconf 88' lang='lat' dir='ltr'>collecti</span> <span class='ocrx_word' id='word_1_215' title='bbox 483 3172 888 3256; x_wconf 86' lang='lat' dir='ltr'>suntpostvenditionem</span> <span class='ocrx_word' id='word_1_216' title='bbox 898 3173 1086 3256; x_wconf 77' lang='lat' dir='ltr'>perlectam</span> <span class='ocrx_word' id='word_1_217' title='bbox 1096 3177 1131 3237; x_wconf 94' lang='lat' dir='ltr'>et</span> <span class='ocrx_word' id='word_1_218' title='bbox 1139 3171 1294 3238; x_wconf 81' lang='lat' dir='ltr'>absolute</span> <span class='ocrx_word' id='word_1_219' title='bbox 1303 3189 1383 3235; x_wconf 87' lang='lat' dir='ltr'>cou-</span> 
     </span>
     <span class='ocr_line' id='line_1_25' title="bbox 208 3279 1379 3364; baseline -0.003 -20"><span class='ocrx_word' id='word_1_220' title='bbox 208 3285 359 3357; x_wconf 88' lang='lat' dir='ltr'>tractem,</span> <span class='ocrx_word' id='word_1_221' title='bbox 377 3279 480 3344; x_wconf 90' lang='lat' dir='ltr'>etiam</span> <span class='ocrx_word' id='word_1_222' title='bbox 498 3281 719 3363; x_wconf 87' lang='lat' dir='ltr'>distinguitur</span> <span class='ocrx_word' id='word_1_223' title='bbox 736 3282 827 3346; x_wconf 92' lang='lat' dir='ltr'>inter</span> <span class='ocrx_word' id='word_1_224' title='bbox 842 3281 972 3346; x_wconf 83' lang='lat' dir='ltr'>fructus</span> <span class='ocrx_word' id='word_1_225' title='bbox 990 3280 1162 3346; x_wconf 77' lang='lat' dir='ltr'>naturales</span> <span class='ocrx_word' id='word_1_226' title='bbox 1179 3279 1379 3364; x_wconf 88' lang='lat' dir='ltr'>pendentes,</span> 
     </span>
     <span class='ocr_line' id='line_1_26' title="bbox 208 3387 1382 3475; baseline -0.003 -21"><span class='ocrx_word' id='word_1_227' title='bbox 208 3389 265 3474; x_wconf 89' lang='lat' dir='ltr'>qui</span> <span class='ocrx_word' id='word_1_228' title='bbox 278 3391 445 3454; x_wconf 89' lang='lat' dir='ltr'>debentur</span> <span class='ocrx_word' id='word_1_229' title='bbox 459 3389 613 3473; x_wconf 86' lang='lat' dir='ltr'>emptori,</span> <span class='ocrx_word' id='word_1_230' title='bbox 628 3391 708 3475; x_wconf 85' lang='lat' dir='ltr'>quia</span> <span class='ocrx_word' id='word_1_231' title='bbox 721 3394 802 3454; x_wconf 88' lang='lat' dir='ltr'>suut</span> <span class='ocrx_word' id='word_1_232' title='bbox 813 3395 927 3472; x_wconf 87' lang='lat' dir='ltr'>partes</span> <span class='ocrx_word' id='word_1_233' title='bbox 940 3390 990 3454; x_wconf 91' lang='lat' dir='ltr'>rei</span> <span class='ocrx_word' id='word_1_234' title='bbox 1003 3389 1161 3467; x_wconf 78' lang='lat' dir='ltr'>venditae,</span> <span class='ocrx_word' id='word_1_235' title='bbox 1175 3395 1209 3455; x_wconf 90' lang='lat' dir='ltr'>et</span> <span class='ocrx_word' id='word_1_236' title='bbox 1221 3387 1299 3454; x_wconf 90' lang='lat' dir='ltr'>ideo</span> <span class='ocrx_word' id='word_1_237' title='bbox 1313 3407 1382 3452; x_wconf 91' lang='lat' dir='ltr'>uno</span> 
     </span>
     <span class='ocr_line' id='line_1_27' title="bbox 208 3497 1381 3580; baseline -0.003 -18"><span class='ocrx_word' id='word_1_238' title='bbox 208 3504 243 3562; x_wconf 90' lang='lat' dir='ltr'>et</span> <span class='ocrx_word' id='word_1_239' title='bbox 254 3497 450 3563; x_wconf 87' lang='lat' dir='ltr'>indivisibili</span> <span class='ocrx_word' id='word_1_240' title='bbox 462 3497 572 3580; x_wconf 92' lang='lat' dir='ltr'>pretio</span> <span class='ocrx_word' id='word_1_241' title='bbox 583 3517 662 3562; x_wconf 90' lang='lat' dir='ltr'>oum</span> <span class='ocrx_word' id='word_1_242' title='bbox 679 3517 715 3563; x_wconf 90' lang='lat' dir='ltr'>re</span> <span class='ocrx_word' id='word_1_243' title='bbox 729 3503 905 3575; x_wconf 90' lang='lat' dir='ltr'>emuntur;</span> <span class='ocrx_word' id='word_1_244' title='bbox 925 3503 959 3563; x_wconf 93' lang='lat' dir='ltr'>et</span> <span class='ocrx_word' id='word_1_245' title='bbox 976 3499 1107 3563; x_wconf 81' lang='lat' dir='ltr'>fructus</span> <span class='ocrx_word' id='word_1_246' title='bbox 1119 3517 1188 3563; x_wconf 92' lang='lat' dir='ltr'>non</span> <span class='ocrx_word' id='word_1_247' title='bbox 1200 3498 1381 3580; x_wconf 91' lang='lat' dir='ltr'>pedentes;</span> 
     </span>
     <span class='ocr_line' id='line_1_28' title="bbox 207 3605 1384 3672; baseline -0.002 -2"><span class='ocrx_word' id='word_1_248' title='bbox 207 3607 272 3672; x_wconf 91' lang='lat' dir='ltr'>hoc</span> <span class='ocrx_word' id='word_1_249' title='bbox 284 3605 404 3670; x_wconf 91' lang='lat' dir='ltr'>ultimo</span> <span class='ocrx_word' id='word_1_250' title='bbox 417 3623 498 3670; x_wconf 90' lang='lat' dir='ltr'>casu</span> <span class='ocrx_word' id='word_1_251' title='bbox 508 3605 598 3670; x_wconf 89' lang='lat' dir='ltr'>inter</span> <span class='ocrx_word' id='word_1_252' title='bbox 608 3625 645 3669; x_wconf 89' lang='lat' dir='ltr'>se</span> <span class='ocrx_word' id='word_1_253' title='bbox 659 3607 724 3669; x_wconf 84' lang='lat' dir='ltr'>bb.</span> <span class='ocrx_word' id='word_1_254' title='bbox 737 3606 922 3670; x_wconf 89' lang='lat' dir='ltr'>dissident:</span> <span class='ocrx_word' id='word_1_255' title='bbox 934 3605 1215 3672; x_wconf 85' lang='lat' dir='ltr'>aliiillosiructus</span> <span class='ocrx_word' id='word_1_256' title='bbox 1229 3607 1384 3670; x_wconf 89' lang='lat' dir='ltr'>tribuunt</span> 
     </span>
     <span class='ocr_line' id='line_1_29' title="bbox 208 3713 1384 3798; baseline -0.002 -21"><span class='ocrx_word' id='word_1_257' title='bbox 208 3713 392 3790; x_wconf 89' lang='lat' dir='ltr'>venditori,</span> <span class='ocrx_word' id='word_1_258' title='bbox 410 3713 489 3798; x_wconf 87' lang='lat' dir='ltr'>quie</span> <span class='ocrx_word' id='word_1_259' title='bbox 507 3731 563 3778; x_wconf 90' lang='lat' dir='ltr'>res</span> <span class='ocrx_word' id='word_1_260' title='bbox 583 3713 763 3778; x_wconf 81' lang='lat' dir='ltr'>fructificet</span> <span class='ocrx_word' id='word_1_261' title='bbox 782 3713 937 3790; x_wconf 68' lang='lat' dir='ltr'>domium</span> <span class='ocrx_word' id='word_1_262' title='bbox 952 3733 1053 3797; x_wconf 92' lang='lat' dir='ltr'>porro</span> <span class='ocrx_word' id='word_1_263' title='bbox 1071 3718 1150 3778; x_wconf 89' lang='lat' dir='ltr'>ente</span> <span class='ocrx_word' id='word_1_264' title='bbox 1166 3713 1384 3778; x_wconf 82' lang='lat' dir='ltr'>traditionem</span> 
     </span>
     <span class='ocr_line' id='line_1_30' title="bbox 208 3819 1385 3886; baseline -0.003 -1"><span class='ocrx_word' id='word_1_265' title='bbox 208 3821 365 3886; x_wconf 87' lang='lat' dir='ltr'>venditor</span> <span class='ocrx_word' id='word_1_266' title='bbox 379 3825 535 3886; x_wconf 80' lang='lat' dir='ltr'>remanet</span> <span class='ocrx_word' id='word_1_267' title='bbox 549 3820 709 3886; x_wconf 91' lang='lat' dir='ltr'>dominus</span> <span class='ocrx_word' id='word_1_268' title='bbox 722 3822 772 3886; x_wconf 89' lang='lat' dir='ltr'>rei</span> <span class='ocrx_word' id='word_1_269' title='bbox 787 3819 946 3886; x_wconf 81' lang='lat' dir='ltr'>venditae.</span> <span class='ocrx_word' id='word_1_270' title='bbox 962 3819 1028 3885; x_wconf 87' lang='lat' dir='ltr'>Sed</span> <span class='ocrx_word' id='word_1_271' title='bbox 1043 3822 1235 3886; x_wconf 88' lang='lat' dir='ltr'>communis</span> <span class='ocrx_word' id='word_1_272' title='bbox 1250 3825 1385 3884; x_wconf 90' lang='lat' dir='ltr'>senten-</span> 
     </span>
     <span class='ocr_line' id='line_1_31' title="bbox 209 3927 1385 4012; baseline -0.001 -21"><span class='ocrx_word' id='word_1_273' title='bbox 209 3929 256 3992; x_wconf 89' lang='lat' dir='ltr'>tia</span> <span class='ocrx_word' id='word_1_274' title='bbox 275 3928 374 3994; x_wconf 90' lang='lat' dir='ltr'>docet</span> <span class='ocrx_word' id='word_1_275' title='bbox 394 3927 471 3994; x_wconf 88' lang='lat' dir='ltr'>illos</span> <span class='ocrx_word' id='word_1_276' title='bbox 495 3928 611 3994; x_wconf 91' lang='lat' dir='ltr'>deberi</span> <span class='ocrx_word' id='word_1_277' title='bbox 635 3929 791 4012; x_wconf 90' lang='lat' dir='ltr'>emptori,</span> <span class='ocrx_word' id='word_1_278' title='bbox 808 3929 943 3994; x_wconf 88' lang='lat' dir='ltr'>etiamsi</span> <span class='ocrx_word' id='word_1_279' title='bbox 961 3929 1097 3994; x_wconf 84' lang='lat' dir='ltr'>traditio</span> <span class='ocrx_word' id='word_1_280' title='bbox 1121 3929 1275 3994; x_wconf 90' lang='lat' dir='ltr'>nondum</span> <span class='ocrx_word' id='word_1_281' title='bbox 1295 3929 1385 3992; x_wconf 87' lang='lat' dir='ltr'>iacta</span> 
     </span>
     <span class='ocr_line' id='line_1_32' title="bbox 209 4035 1384 4120; baseline -0.001 -21"><span class='ocrx_word' id='word_1_282' title='bbox 209 4037 262 4113; x_wconf 89' lang='lat' dir='ltr'>sit,</span> <span class='ocrx_word' id='word_1_283' title='bbox 275 4041 349 4100; x_wconf 91' lang='lat' dir='ltr'>tum</span> <span class='ocrx_word' id='word_1_284' title='bbox 364 4037 443 4120; x_wconf 89' lang='lat' dir='ltr'>quia</span> <span class='ocrx_word' id='word_1_285' title='bbox 453 4035 643 4119; x_wconf 90' lang='lat' dir='ltr'>periculum</span> <span class='ocrx_word' id='word_1_286' title='bbox 656 4041 690 4100; x_wconf 90' lang='lat' dir='ltr'>et</span> <span class='ocrx_word' id='word_1_287' title='bbox 701 4035 825 4101; x_wconf 90' lang='lat' dir='ltr'>damna</span> <span class='ocrx_word' id='word_1_288' title='bbox 837 4035 887 4100; x_wconf 91' lang='lat' dir='ltr'>rei</span> <span class='ocrx_word' id='word_1_289' title='bbox 902 4041 1025 4120; x_wconf 78' lang='lat' dir='ltr'>emptae</span> <span class='ocrx_word' id='word_1_290' title='bbox 1038 4043 1072 4100; x_wconf 87' lang='lat' dir='ltr'>et</span> <span class='ocrx_word' id='word_1_291' title='bbox 1086 4035 1240 4101; x_wconf 89' lang='lat' dir='ltr'>nondum</span> <span class='ocrx_word' id='word_1_292' title='bbox 1253 4035 1384 4099; x_wconf 67' lang='lat' dir='ltr'>traditae</span> 
     </span>
     <span class='ocr_line' id='line_1_33' title="bbox 209 4143 1383 4227; baseline 0 -20"><span class='ocrx_word' id='word_1_293' title='bbox 209 4143 252 4207; x_wconf 87' lang='lat' dir='ltr'>ad</span> <span class='ocrx_word' id='word_1_294' title='bbox 271 4149 463 4227; x_wconf 85' lang='lat' dir='ltr'>emptorem</span> <span class='ocrx_word' id='word_1_295' title='bbox 478 4149 644 4227; x_wconf 87' lang='lat' dir='ltr'>spectant,</span> <span class='ocrx_word' id='word_1_296' title='bbox 662 4147 697 4208; x_wconf 92' lang='lat' dir='ltr'>et</span> <span class='ocrx_word' id='word_1_297' title='bbox 710 4143 788 4208; x_wconf 92' lang='lat' dir='ltr'>ideo</span> <span class='ocrx_word' id='word_1_298' title='bbox 806 4143 988 4209; x_wconf 88' lang='lat' dir='ltr'>commoda</span> <span class='ocrx_word' id='word_1_299' title='bbox 1007 4149 1042 4208; x_wconf 94' lang='lat' dir='ltr'>et</span> <span class='ocrx_word' id='word_1_300' title='bbox 1056 4145 1186 4208; x_wconf 86' lang='lat' dir='ltr'>fructus</span> <span class='ocrx_word' id='word_1_301' title='bbox 1212 4144 1383 4227; x_wconf 91' lang='lat' dir='ltr'>pertinere</span> 
     </span>
     <span class='ocr_line' id='line_1_34' title="bbox 209 4249 1385 4336; baseline 0 -22"><span class='ocrx_word' id='word_1_302' title='bbox 209 4249 344 4328; x_wconf 88' lang='lat' dir='ltr'>debent,</span> <span class='ocrx_word' id='word_1_303' title='bbox 361 4255 435 4315; x_wconf 92' lang='lat' dir='ltr'>tum</span> <span class='ocrx_word' id='word_1_304' title='bbox 451 4251 530 4336; x_wconf 89' lang='lat' dir='ltr'>quia</span> <span class='ocrx_word' id='word_1_305' title='bbox 546 4251 704 4317; x_wconf 78' lang='lat' dir='ltr'>venditor</span> <span class='ocrx_word' id='word_1_306' title='bbox 717 4251 854 4317; x_wconf 90' lang='lat' dir='ltr'>ssctione</span> <span class='ocrx_word' id='word_1_307' title='bbox 871 4251 958 4334; x_wconf 87' lang='lat' dir='ltr'>juris</span> <span class='ocrx_word' id='word_1_308' title='bbox 974 4251 1071 4335; x_wconf 86' lang='lat' dir='ltr'>quasi</span> <span class='ocrx_word' id='word_1_309' title='bbox 1086 4251 1245 4316; x_wconf 79' lang='lat' dir='ltr'>doudnus</span> <span class='ocrx_word' id='word_1_310' title='bbox 1265 4252 1315 4315; x_wconf 90' lang='lat' dir='ltr'>rei</span> <span class='ocrx_word' id='word_1_311' title='bbox 1332 4269 1385 4314; x_wconf 89' lang='lat' dir='ltr'>re-</span> 
     </span>
     <span class='ocr_line' id='line_1_35' title="bbox 208 4357 1384 4441; baseline 0 -20"><span class='ocrx_word' id='word_1_312' title='bbox 208 4362 346 4441; x_wconf 88' lang='lat' dir='ltr'>putatur</span> <span class='ocrx_word' id='word_1_313' title='bbox 357 4363 437 4425; x_wconf 89' lang='lat' dir='ltr'>ante</span> <span class='ocrx_word' id='word_1_314' title='bbox 453 4359 680 4424; x_wconf 90' lang='lat' dir='ltr'>traditionem.</span> <span class='ocrx_word' id='word_1_315' title='bbox 697 4357 790 4422; x_wconf 92' lang='lat' dir='ltr'>ldem</span> <span class='ocrx_word' id='word_1_316' title='bbox 806 4359 988 4424; x_wconf 90' lang='lat' dir='ltr'>dicendum</span> <span class='ocrx_word' id='word_1_317' title='bbox 1003 4363 1055 4423; x_wconf 90' lang='lat' dir='ltr'>est</span> <span class='ocrx_word' id='word_1_318' title='bbox 1068 4357 1108 4424; x_wconf 89' lang='lat' dir='ltr'>de</span> <span class='ocrx_word' id='word_1_319' title='bbox 1125 4360 1291 4423; x_wconf 88' lang='lat' dir='ltr'>fructibus</span> <span class='ocrx_word' id='word_1_320' title='bbox 1307 4359 1384 4424; x_wconf 88' lang='lat' dir='ltr'>civi-</span> 
     </span>
     <span class='ocr_line' id='line_1_36' title="bbox 208 4465 1385 4544; baseline 0 -16"><span class='ocrx_word' id='word_1_321' title='bbox 208 4465 306 4544; x_wconf 89' lang='lat' dir='ltr'>libus,</span> <span class='ocrx_word' id='word_1_322' title='bbox 321 4473 360 4530; x_wconf 91' lang='lat' dir='ltr'>ut</span> <span class='ocrx_word' id='word_1_323' title='bbox 381 4471 462 4531; x_wconf 89' lang='lat' dir='ltr'>sunt</span> <span class='ocrx_word' id='word_1_324' title='bbox 481 4467 656 4531; x_wconf 89' lang='lat' dir='ltr'>mercedes</span> <span class='ocrx_word' id='word_1_325' title='bbox 676 4465 897 4542; x_wconf 87' lang='lat' dir='ltr'>locationum,</span> <span class='ocrx_word' id='word_1_326' title='bbox 912 4485 951 4532; x_wconf 90' lang='lat' dir='ltr'>ac</span> <span class='ocrx_word' id='word_1_327' title='bbox 974 4467 1015 4531; x_wconf 89' lang='lat' dir='ltr'>de</span> <span class='ocrx_word' id='word_1_328' title='bbox 1036 4467 1201 4532; x_wconf 86' lang='lat' dir='ltr'>fructibus</span> <span class='ocrx_word' id='word_1_329' title='bbox 1224 4465 1385 4532; x_wconf 88' lang='lat' dir='ltr'>naturali-</span> 
     </span>
     <span class='ocr_line' id='line_1_37' title="bbox 158 4573 1385 4660; baseline 0.002 -24"><span class='ocrx_word' id='word_1_330' title='bbox 158 4573 161 4578; x_wconf 86' lang='lat'>&#39;</span> <span class='ocrx_word' id='word_1_331' title='bbox 208 4575 284 4651; x_wconf 90' lang='lat' dir='ltr'>bus,</span> <span class='ocrx_word' id='word_1_332' title='bbox 296 4575 417 4640; x_wconf 89' lang='lat' dir='ltr'>saltem</span> <span class='ocrx_word' id='word_1_333' title='bbox 433 4575 545 4660; x_wconf 85' lang='lat' dir='ltr'>quoad</span> <span class='ocrx_word' id='word_1_334' title='bbox 559 4580 691 4657; x_wconf 91' lang='lat' dir='ltr'>partem</span> <span class='ocrx_word' id='word_1_335' title='bbox 706 4594 782 4659; x_wconf 71' lang='lat' dir='ltr'>quse</span> <span class='ocrx_word' id='word_1_336' title='bbox 795 4575 980 4658; x_wconf 89' lang='lat' dir='ltr'>respondet</span> <span class='ocrx_word' id='word_1_337' title='bbox 994 4576 1138 4659; x_wconf 90' lang='lat' dir='ltr'>tempori</span> <span class='ocrx_word' id='word_1_338' title='bbox 1151 4575 1385 4642; x_wconf 87' lang='lat' dir='ltr'>venditionem</span> 
     </span>
     <span class='ocr_line' id='line_1_38' title="bbox 210 4687 442 4769; baseline 0 -21"><span class='ocrx_word' id='word_1_339' title='bbox 210 4687 442 4769; x_wconf 87' lang='lat' dir='ltr'>consequenti.</span> 
     </span>
    </p>
   </div>
   <div class='ocr_carea' id='block_1_5' title="bbox 0 0 1772 5572">
    <p class='ocr_par' dir='ltr' id='par_1_8' title="bbox 0 0 1772 5572">
     <span class='ocr_line' id='line_1_39' title="bbox 0 0 1772 5572; baseline 0 0"><span class='ocrx_word' id='word_1_340' title='bbox 0 0 1772 5572; x_wconf 95' lang='lat' dir='ltr'> </span> 
     </span>
    </p>
   </div>
  </div>
 </body>
</html>
