3510 5574
382 549 441 616 290
843 568 895 616 rus
916 568 1095 618 asnorrcuu.

382 692 474 752 esset
485 685 593 764 locus,
610 692 691 751 tunc
701 687 809 770 judex
821 687 993 752 saecularis
1005 693 1123 771 posset
1136 687 1277 752 clericos
1290 703 1426 767 cogere,
1440 701 1560 750 eorum

380 793 503 859 horrea
512 796 644 878 aperire
658 800 693 860 et
706 796 919 862 trumentum
931 798 1026 886 justo
1045 796 1154 879 pretio
1169 795 1331 872 vendere,
1350 795 1430 878 quia
1443 811 1560 858 neces-

382 903 802 986 sitasnonbabetlegem.
1286 921 1289 926 ·

420 1011 453 1074 3⁰
469 1010 627 1094 Princeps
647 1010 754 1076 laicus
778 1031 849 1077 non
863 1017 986 1096 potest,
1004 1014 1077 1079 sine
1101 1009 1234 1078 indulto
1256 1009 1454 1096 apostolico,
1469 1011 1558 1074 terre

379 1117 492 1200 legem
507 1119 785 1196 a‘mortizationis,
798 1139 865 1205 qua
877 1121 1074 1203 prohiberet
1088 1123 1159 1186 suis
1175 1119 1318 1186 subditis
1333 1138 1376 1184 ne
1392 1137 1455 1184 sua
1469 1118 1559 1182 bona

379 1226 530 1292 vendant
539 1226 690 1292 ecclesiis
701 1232 736 1292 et
747 1229 976 1306 monasteriis,
990 1235 1092 1313 atque
1103 1229 1152 1294 ita
1166 1247 1207 1294 ea
1219 1228 1428 1294 transierant
1440 1227 1476 1290 in
1488 1243 1560 1290 rna-

379 1354 445 1400 nus
467 1340 642 1412 mortuas;
666 1355 746 1400 narn
766 1335 801 1401 id
823 1337 1027 1403 adversatur
1046 1337 1195 1406 libertati
1218 1336 1465 1410 ecclesiastieae,
1489 1333 1559 1396 imo

377 1449 457 1508 ante
467 1449 575 1508 const.
589 1443 790 1529 Apostolicsc
799 1444 899 1512 Sedis
911 1445 960 1510 Pii
971 1445 1025 1524 lll,
1039 1447 1103 1510 sub
1116 1443 1472 1512 excommunicatione
1481 1458 1559 1524 pro-

377 1551 566 1637 hibebatur.
683 1633 686 1640 Ι

418 1661 444 1742 c)
456 1659 513 1724 An
524 1660 584 1740 jus
599 1659 770 1725 vendendi
785 1667 893 1726 certas
905 1680 1029 1728 merces
1044 1664 1153 1748 possit
1171 1663 1235 1726 uni
1249 1661 1414 1726 exclusive
1429 1675 1558 1742 compr-

377 1769 474 1832 tere?
495 1768 595 1850 Resp.
614 1769 646 1832 1ο
669 1768 871 1853 Monopolia,
896 1770 1019 1854 quibus
1035 1789 1125 1836 unus
1145 1771 1209 1836 sibi
1235 1769 1454 1852 vindicatjus
1476 1783 1560 1832 ven-

378 1875 480 1940 dendi
488 1881 599 1941 certas
613 1895 756 1956 merces,
768 1877 815 1942 ita
829 1882 867 1942 ut
877 1896 999 1944 omnes
1013 1879 1056 1943 ab
1070 1877 1129 1945 illo
1144 1897 1259 1944 emere
1273 1881 1466 1956 teneantur,
1479 1878 1560 1938 sunt

320 2009 324 2017 =
376 1983 491 2048 illicita
505 1989 539 2048 et
550 1983 689 2066 injusta,
707 1985 735 2048 si
749 1985 834 2050 flant
844 1985 979 2070 privata
992 1987 1205 2063 auctoritate,
1218 1991 1252 2050 et
1266 2002 1398 2050 merces
1408 1982 1560 2048 vendan-

377 2097 432 2156 tur
446 2090 537 2156 ultra
547 2093 681 2174 justum
694 2094 863 2175 pretium:
880 2094 928 2159 ita
938 2095 1132 2160 communis
1147 2094 1319 2160 sententia
1332 2091 1390 2158 GC.

415 2198 586 2282 Respond.
604 2199 637 2264 2⁰
658 2199 692 2262 Si
712 2201 950 2284 monopolium
965 2203 1155 2284 erigeretur
1169 2203 1370 2268 auctoritate
1384 2198 1555 2284 principis,

377 2325 420 2371 ex
424 2309 528 2390 justa,
540 2306 637 2388 gravi
650 2311 685 2372 et
699 2308 1013 2389 necessariacausa,
1025 2309 1156 2374 licitum
1166 2313 1269 2385 asset,
1283 2309 1363 2392 quia
1374 2307 1459 2372 illud
1470 2323 1557 2371 onus

377 2414 468 2498 quod
482 2415 694 2498 emptoribus
715 2417 914 2500 imponitur,
931 2419 1133 2484 cohonestat
1148 2421 1243 2502 justa
1259 2435 1363 2482 causa
1378 2421 1413 2482 et
1427 2417 1557 2480 bonum

375 2521 559 2604 publicum.
586 2522 651 2588 Sed
674 2524 747 2590 haee
769 2524 838 2592 duc
861 2527 1092 2610 requiruntur,
1118 2543 1242 2610 nempe
1265 2525 1381 2608 gravis
1401 2541 1505 2588 causa
1523 2527 1558 2586 et

376 2632 559 2696 auctoritas
573 2631 751 2716 principis;
767 2652 866 2699 secus
881 2635 1036 2700 illicitum
1049 2639 1151 2700 esset.

668 2830 699 2881 11.
717 2807 833 2882 Mutuus
846 2828 1079 2882 contrahentium
1094 2839 1259 2882 consensus.

415 2971 449 3052 o)
464 2968 658 3035 Consensus
672 2969 737 3035 iste
752 2969 789 3036 in
802 2970 1021 3036 traditionem
1035 2971 1135 3053 pretii
1149 2987 1212 3053 pro
1226 2988 1275 3046 re,
1293 2976 1327 3035 at
1342 2971 1392 3034 rei
1403 2985 1466 3052 pro
1480 2985 1557 3052 pre-

376 3078 434 3155 tio,
448 3079 522 3142 sseri
536 3082 650 3162 potest
663 3077 719 3142 vel
732 3077 898 3154 absolute,
912 3077 967 3144 vel
981 3077 1224 3156 conditionate,
1239 3077 1296 3144 vel
1309 3078 1443 3161 adjecto
1457 3080 1556 3160 pacto

375 3191 435 3250 aut
456 3186 571 3262 modo,
599 3191 702 3270 prout
722 3187 825 3252 etiam
848 3187 884 3250 in
908 3186 982 3251 aliis
1005 3185 1237 3253 contractibus
1258 3185 1432 3252 fierisolet.
1457 3185 1557 3250 Pacta

297 3337 304 3358 t
376 3311 452 3376 quse
466 3293 646 3360 admisceri
658 3299 804 3377 possunt
815 3293 1016 3371 venditioni,
1035 3301 1116 3358 sunt
1127 3295 1275 3360 addictio
1285 3295 1321 3359 in
1333 3294 1435 3369 diem,
1443 3291 1554 3366 arrha,

374 3400 432 3466 lex
446 3401 692 3478 commissoris,
713 3401 960 3468 retrovenditio
975 3407 1010 3466 et
1023 3387 1308 3485 jusretrahendi.
1325 3402 1382 3466 llis
1397 3401 1557 3468 omnibns

375 3509 492 3590 pactis,
503 3527 693 3575 consensus
708 3512 747 3574 tlt
760 3511 1010 3577 conditionalis.

416 3617 447 3680 l⁰
461 3615 652 3694 Absolutus,
664 3619 700 3682 in
711 3619 922 3702 emptionem
936 3617 992 3683 vel
1006 3618 1253 3696 venditionem,
1268 3637 1458 3684 consensus
1474 3616 1555 3682 solis

376 3725 567 3790 declaratur
580 3726 715 3790 verbis:
733 3751 749 3785 (ι
764 3725 848 3792 Volo
862 3727 1026 3802 relidere,
1042 3727 1123 3792 volo
1139 3745 1270 3804 emere;
1287 3753 1302 3785 o
1322 3726 1513 3810 praesertim
1528 3725 1556 3787 si

376 3851 418 3896 ex
432 3833 696 3900 circumstantiis
711 3853 834 3898 sensus
849 3839 884 3898 et
897 3834 1042 3900 intentio
1052 3835 1335 3899 manifestentur:
1351 3833 1395 3898 ad
1405 3837 1556 3899 contrac-

375 3947 449 4004 tum
464 3941 589 4005 sulsscit
601 3946 743 4006 mutuus
757 3959 958 4018 consensus,
976 3941 1034 4025 qui
1054 3942 1136 4006 satis
1158 3942 1361 4026 exprimunt
1374 3960 1436 4026 per
1451 3940 1556 4006 verba

376 4073 391 4106 α
407 4048 486 4114 volo
501 4049 664 4126 vendere,
680 4053 743 4114 etc.
763 4073 778 4107 n
791 4047 840 4114 lta
851 4047 1059 4131 probabilior
1072 4050 1253 4115 sententia.

414 4158 446 4220 2⁰
463 4156 657 4222 consensus
680 4157 783 4222 etiam
809 4163 970 4222 censetur
996 4157 1206 4223 sufficienter
1234 4175 1428 4242 expressus,
1456 4159 1557 4240 juxta

374 4265 545 4331 veriorem
560 4265 778 4342 sententiam,
795 4266 823 4328 si
841 4267 918 4349 quis
938 4266 1033 4349 prius
1048 4267 1205 4349 promisit
1224 4266 1374 4331 vendere
1396 4283 1471 4329 rem
1494 4283 1555 4348 prc

374 4381 466 4438 certo
480 4375 601 4457 pretio,
615 4377 649 4437 et
660 4378 780 4456 postea
794 4374 942 4456 pretium
955 4372 1038 4438 illud
1053 4375 1182 4458 recepit
1192 4381 1228 4439 et
1239 4393 1390 4438 mercem
1405 4372 1552 4448 tradidit,

374 4481 447 4546 sine
462 4481 527 4546 alio
542 4481 746 4564 expressiori
761 4499 943 4546 consensu.
961 4481 1058 4546 Ratio
1072 4487 1124 4546 est
1138 4483 1218 4566 quia
1239 4483 1425 4558 laetanea
1439 4480 1554 4543 minus

374 4590 542 4667 navemn,
559 4594 640 4652 sunt
657 4589 754 4670 signa
768 4607 968 4654 consensus.

414 4697 443 4779 d)
459 4697 626 4780 Emptioni
647 4702 681 4760 et
695 4697 881 4762 venditioni
907 4697 985 4762 addi
1011 4703 1159 4782 possunt
1177 4699 1298 4776 orrico,
1323 4716 1384 4762 seu
1412 4695 1551 4780 aliquid,
