3510 5574
536 611 624 658 urnas
645 611 771 657 nunnius
793 609 1014 657 nnonnrlnmr.
1308 592 1368 657 biiii

188 729 288 794 simul
302 730 346 794 od
360 731 559 816 episcopum
583 739 619 797 et
639 734 682 798 ad
705 733 903 818 capitulum,
927 738 975 812 ut,
995 751 1027 797 v.
1044 751 1077 814 g.
1096 733 1278 798 vicariatus
1292 753 1367 817 per-

186 843 310 920 petuus
334 839 484 905 ecclesia
505 841 724 920 cathedralis,
752 843 826 908 lieri
853 847 972 926 posset
999 859 1019 906 a
1045 839 1207 925 capitulo,
1234 847 1370 907 servata

186 944 297 1009 forma
312 947 432 1031 capitis
450 948 543 1014 unici
560 949 741 1033 praesentis
757 948 847 1014 tituli
861 949 898 1014 in
917 949 964 1026 6⁰;
980 967 1002 1014 a
1018 949 1151 1014 fortiori
1169 947 1369 1014 collationes

188 1054 389 1118 necessariae
401 1055 528 1121 cadunt
546 1057 610 1122 sub
627 1062 835 1142 potestatem
851 1055 1002 1142 capituli,
1019 1057 1069 1121 uti
1090 1056 1239 1122 diximus
1254 1062 1366 1122 antea.

227 1162 260 1225 7⁰
277 1162 401 1248 Nequit
423 1164 610 1248 capitulum
633 1183 674 1232 ea
697 1183 774 1250 quse
796 1169 997 1250 competunt
1019 1165 1189 1249 episcopo,
1220 1172 1259 1230 nt
1282 1166 1370 1249 Apo-

188 1269 315 1336 stolioae
343 1270 440 1339 Sedis
461 1273 633 1356 delegato,
655 1295 689 1341 v.
716 1276 913 1357 pulsitans
939 1279 974 1340 et
995 1275 1166 1358 corrigere
1191 1280 1370 1360 exemptos

187 1382 295 1462 (cono.
316 1381 418 1461 Trid,
437 1401 521 1449 sesa.
538 1385 589 1462 93,
606 1403 635 1450 c.
652 1385 683 1464 9,
699 1385 741 1450 de
762 1385 927 1468 Referre,
952 1390 987 1450 et
1008 1385 1112 1450 (ilem.
1127 1385 1186 1450 fin.
1204 1385 1245 1450 de
1266 1383 1372 1450 Statu

185 1490 457 1576 monacbomcm13
473 1511 592 1560 necea
607 1513 683 1578 quae
697 1499 898 1579 competunt
912 1493 1072 1578 episcopo
1091 1513 1134 1558 ex
1151 1491 1289 1576 speciali
1303 1494 1370 1576 pri-

186 1595 324 1680 uilegio,
340 1599 397 1664 vel
411 1619 487 1685 quae
510 1603 585 1685 ejus
608 1602 766 1684 dignitati
780 1607 862 1668 aunt
875 1602 1023 1684 alligata.
1039 1601 1150 1686 Aliqui
1172 1607 1288 1667 tamen
1313 1601 1371 1664 do-

185 1712 276 1783 cent,
296 1713 416 1774 contra
435 1709 575 1790 multos,
590 1709 778 1794 capitulum
792 1712 931 1776 visitare
945 1729 1047 1794 posse
1069 1710 1278 1776 monasteria
1298 1727 1371 1773 mo-

186 1813 329 1882 nialium
344 1823 518 1904 exempta;
531 1819 592 1885 sed
606 1820 871 1886 communierat
884 1820 920 1883 in
933 1821 1030 1903 praxi
1040 1819 1190 1884 tenenda
1202 1818 1372 1884 sententia

186 1928 302 2006 negat,
319 1925 423 1992 etiam
437 1929 574 2012 quando
589 1929 703 2012 agitur
716 1929 759 1994 de
771 1927 990 1994 monasteriis
1003 1927 1215 1992 monialium.

634 2314 847 2392 TITULUS
879 2315 925 2390 X.

304 2490 342 2536 bn
364 2491 413 2536 uls
434 2491 501 2544 OUE
522 2491 612 2538 rium
633 2495 653 2538 Δ
674 2493 824 2540 PRAELA'l'lS
846 2493 912 2538 Slilli
935 2491 1085 2538 GONSENSU
1107 2489 1254 2536 carnuti.

229 2797 268 2862 ln
284 2798 382 2865 titulo
403 2801 579 2884 superiori,
598 2801 759 2866 delinitur
771 2806 924 2885 potestas
944 2800 1081 2884 capituli
1103 2801 1192 2864 circa
1211 2799 1373 2864 adminis-

191 2906 376 2972 trationem
396 2925 513 2972 rerum
533 2908 700 2988 Ecclesiae,
719 2929 762 2982 ne
777 2909 1014 2994 praejudicium
1036 2910 1213 2984 inferatur,
1231 2907 1303 2971 sive
1317 2905 1373 2970 Eo-

189 3013 302 3079 clesiae
317 3016 391 3080 sive
407 3015 548 3100 praelato
566 3019 698 3092 iuturo;
716 3017 753 3080 in
770 3018 942 3100 praesenti,
954 3021 1107 3100 potestas
1121 3016 1269 3100 episcopi
1288 3013 1373 3078 limi·

191 3127 296 3198 tatur,
314 3141 358 3187 ne
381 3123 580 3207 praejudicet
600 3123 758 3208 capitulo.
776 3123 815 3188 ln
837 3125 972 3189 rubrica
989 3125 1093 3208 hujus
1114 3122 1213 3199 titub,
1233 3122 1372 3187 nomine

188 3229 320 3315 praelati
331 3233 429 3296 venit
440 3229 534 3298 solus
548 3233 738 3317 episcopus,
751 3237 786 3297 et
799 3251 862 3316 per
872 3232 1059 3317 capitulum
1071 3233 1167 3297 venit
1180 3229 1372 3297 cathedrale

190 3343 336 3404 tantum.

243 3532 262 3582 1.
280 3529 404 3592 Quinem
417 3530 498 3584 aetus
512 3543 530 3584 a
542 3530 659 3596 prelato
673 3530 798 3584 exerceri
812 3529 938 3585 debeant
950 3543 1017 3584 cum
1031 3541 1174 3584 consensu
1189 3530 1337 3594 capitelli·

232 3667 264 3728 1⁰
286 3663 470 3749 Episcopus
494 3666 614 3750 nequit
639 3665 789 3730 alienare
813 3683 869 3730 res
894 3665 1115 3730 ecclesiarum
1143 3667 1271 3748 absque
1296 3682 1374 3728 con-

191 3793 297 3839 sensu
311 3775 554 3840 canonicorum
568 3773 718 3838 eeclesiae
737 3772 952 3850 cathedralis,
969 3774 1016 3838 ita
1031 3779 1069 3837 ut
1083 3771 1243 3838 alienatio
1257 3771 1373 3854 hujus-

191 3883 285 3948 modi
299 3883 394 3947 irrita
408 3883 462 3958 sit,
478 3883 507 3946 si
521 3883 582 3946 ssat
597 3880 755 3962 neglecto
772 3879 831 3945 illo
845 3899 1028 3946 consensu.
1046 3879 1185 3946 Constat
1206 3899 1250 3944 ex
1263 3898 1335 3963 cap.
1356 3883 1369 3943 l

191 3991 264 4074 huj.
281 3993 331 4055 tit.
347 3991 415 4056 Sed
428 3997 467 4056 ut
479 3991 575 4056 irrita
590 3991 633 4054 ait
646 3989 819 4066 alienatio,
836 3990 901 4054 tria
918 3989 1140 4073 requiruntur
1156 4009 1163 4051 :
1184 3989 1217 4071 α)
1232 3993 1271 4051 ut
1284 3989 1375 4052 bona

193 4101 236 4166 de
247 4119 396 4186 quorum
408 4099 613 4165 alienatione
628 4099 751 4181 agitur,
769 4099 838 4162 sint
850 4097 1049 4174 immobilia,
1067 4102 1127 4162 aut
1146 4095 1285 4161 mobilia
1296 4115 1372 4180 prs-

192 4211 295 4286 tiose,
318 4227 399 4274 nam
424 4227 480 4276 res
505 4207 650 4274 mobiles
676 4225 747 4272 non
773 4207 932 4290 pretiosae
948 4223 969 4270 a
986 4204 1128 4289 prealato
1152 4205 1226 4268 sine
1252 4203 1375 4271 solem·

193 4319 299 4385 nitate
329 4317 470 4384 alienari
497 4321 657 4402 possunt;
681 4316 710 4399 d)
739 4320 779 4379 ut
805 4316 897 4379 bona
917 4313 976 4379 illa
1002 4314 1071 4378 sint
1091 4313 1200 4398 ipsius
1224 4310 1374 4378 ecclesiae

193 4427 410 4505 cathedralis,
427 4427 550 4492 saltem
568 4430 668 4510 juxta
691 4423 894 4501 nonnullos,
912 4424 971 4508 qui
993 4423 1207 4488 contendunt
1229 4422 1272 4488 ad
1298 4421 1375 4487 alie-

194 4539 370 4604 nationem
394 4539 565 4602 bonorum
593 4535 743 4601 ecclesiae
775 4531 946 4598 interioris
978 4533 1133 4597 sulficere
1166 4549 1374 4598 consensum

195 4645 336 4712 rectoris
357 4645 447 4710 illius
471 4645 632 4712 ecclesiae.
649 4643 715 4709 Sed
729 4643 923 4708 communia
943 4641 1114 4707 sententia
1138 4647 1201 4718 eat,
1226 4640 1316 4725 quod
1338 4640 1374 4703 in

197 4755 348 4838 qualibet
372 4755 576 4822 alienatione
603 4756 645 4819 ab
672 4753 832 4836 episcopo
857 4753 947 4818 iacta
974 4750 1159 4835 requiritur
1184 4767 1375 4816 consensus
