3510 5574
572 569 660 618 crasa
680 565 808 618 rannus
826 565 1048 618 nacnamuou.
1342 550 1403 618 ise

220 685 390 770 judicialis
406 688 584 772 quoadrcs
598 689 763 774 litigiosos
784 705 901 756 coram
918 687 1078 754 tribunali
1100 687 1155 752 cui
1173 687 1298 753 addicti
1324 696 1404 754 sunt
1525 757 1527 762 ,
1552 705 1555 712 ’

223 794 314 878 (Cod.
329 795 407 872 civ„
425 801 488 860 art.
505 797 607 880 1576).

261 902 432 970 sitisses
445 905 482 969 in
495 906 679 989 provinciis
693 907 729 971 in
745 907 868 992 quibus
882 903 1039 980 militant,
1056 903 1138 970 olim
1157 915 1201 969 ex
1211 907 1290 990 jure
1304 905 1401 972 Rom.

223 1013 490 1096 prohibebantur
503 1014 566 1079 sibi
580 1033 779 1099 comparare
792 1014 935 1098 praedia;
951 1009 1012 1078 sed
1026 1013 1100 1079 haeo
1112 1013 1296 1098 prohibitio
1316 1019 1404 1098 jam-

224 1119 354 1186 dudum
364 1125 521 1188 cessavit.

262 1231 297 1292 δ’
311 1228 443 1310 Clerici,
458 1231 572 1315 quoad
586 1218 857 1314 negotiationem
869 1249 890 1296 a
901 1233 980 1313 jnre
994 1230 1159 1296 canonico
1184 1231 1400 1314 prohibitam,

223 1337 265 1402 de
280 1357 348 1422 qua
361 1357 505 1420 agemus
516 1341 552 1405 in
568 1343 617 1404 tit.
634 1341 697 1404 LX.

261 1447 294 1509 6ο
305 1446 397 1512 Inter
411 1466 557 1532 sponsos
568 1449 769 1533 prohibetur
792 1447 1098 1532 emptio-venditio,
1116 1448 1267 1532 exceptis
1294 1449 1401 1513 tribus

222 1555 356 1620 casibus
372 1556 431 1638 qui
446 1559 692 1621 enumerantur
704 1556 740 1620 in
754 1560 817 1622 art.
830 1555 910 1620 1595
922 1554 1001 1622 God.
1015 1555 1079 1621 civ.
1097 1555 1179 1620 Gall.

262 1665 294 1725 7⁰
308 1663 448 1741 Deinde,
466 1683 510 1730 cx
522 1670 585 1730 art.
602 1663 662 1730 686
676 1663 756 1730 God.
768 1665 847 1740 civ„
860 1664 993 1729 debitor
1000 1665 1100 1747 cujus
1112 1664 1203 1729 bona
1216 1647 1404 1730 immobilia

223 1774 286 1836 sub
310 1773 466 1838 custodia
489 1774 613 1842 tradita
638 1779 719 1838 sunt
747 1774 790 1856 lle
811 1775 915 1855 anisi),
939 1773 1051 1857 quoad
1072 1773 1146 1838 haec
1175 1775 1277 1852 bona,
1302 1780 1337 1838 et
1361 1793 1404 1839 ex
1531 1849 1539 1862 ,

222 1889 285 1948 art.
300 1885 359 1950 447
375 1884 454 1951 Cod.
476 1904 618 1962 comm,
635 1885 780 1962 debitor,
799 1886 857 1970 qui
878 1887 953 1951 foro
976 1884 1080 1950 cessit
1095 1885 1137 1967 (le
1159 1885 1275 1966 ferilli),
1293 1886 1403 1969 quoad

224 1992 340 2058 omnia
354 1993 455 2068 bona,
471 1995 651 2078 incapaces
666 1997 748 2058 sunt
761 1992 979 2058 venditionis.

262 2099 292 2183 b)
307 2100 362 2166 An
375 2102 451 2185 quis
464 2103 540 2186 copi
548 2101 655 2185 possit
669 2101 718 2165 ad
729 2099 945 2166 vendendum
959 2101 1016 2166 ccl
1035 2102 1245 2167 emericum?
1260 2101 1404 2184 Regula-

220 2211 304 2275 riter
316 2210 501 2296 loquendo,
516 2229 587 2277 non
602 2211 703 2276 datur
712 2209 875 2293 obligatio
890 2210 1027 2276 emendi
1040 2216 1100 2276 aut
1114 2211 1303 2288 vendendi;
1323 2229 1404 2276 nam

221 2319 421 2384 contrahere
436 2323 489 2384 est
503 2323 600 2384 actus
613 2318 790 2396 libertatis,
808 2323 843 2382 et
857 2319 1001 2403 quisque
1015 2337 1132 2382 rerum
1144 2337 1285 2384 suarum
1298 2317 1405 2383 domi-

221 2443 287 2490 nus
301 2432 363 2492 est.
381 2427 508 2493 Tamen
522 2426 707 2511 aliquando
730 2426 951 2508 magistratus
967 2425 1122 2491 subditos
1147 2425 1190 2492 ad
1218 2426 1403 2491 emendum

221 2535 278 2601 vel
292 2537 513 2603 vendendum
530 2541 645 2621 potest
657 2535 873 2620 compellere.
891 2535 1008 2602 Gausae
1025 2536 1206 2619 exquibus
1231 2535 1306 2620 quis
1325 2537 1403 2618 jure

221 2645 297 2725 cogi
311 2645 420 2728 possit
434 2649 515 2710 sunt
532 2665 540 2708 :

262 2753 293 2816 1⁰
306 2751 494 2820 Necessitas
504 2754 653 2839 publice,
669 2773 702 2818 v.
725 2772 758 2835 g.
786 2759 939 2836 tempore
960 2753 1085 2836 inopia
1107 2753 1261 2836 publica,
1280 2752 1403 2844 diuites

221 2861 378 2946 compelli
388 2867 535 2944 possunt
547 2861 591 2928 ad
604 2862 827 2938 frumentum,
845 2861 874 2924 si
889 2879 930 2925 eo
945 2879 1015 2926 non
1030 2860 1186 2942 indigent
1198 2879 1261 2944 pro
1276 2879 1312 2925 ss
1328 2880 1405 2926 sua-

223 2986 288 3052 que
310 2969 439 3034 familia
461 2966 592 3044 alenda,
607 2971 703 3051 justo
724 2969 835 3052 pretio
851 2967 1090 3043 vendendum
1105 2967 1201 3043 item,
1221 2968 1404 3048 ingruente

221 3075 320 3141 famis
332 3081 393 3142 aut
405 3076 592 3142 obsidionis
605 3075 766 3160 periculo,
783 3074 941 3158 compelli
956 3075 1082 3140 subditi
1101 3081 1246 3158 possunt
1259 3094 1320 3159 pro
1347 3075 1404 3140 tali

222 3200 300 3248 casu
317 3184 361 3249 ad
374 3201 430 3248 res
444 3183 655 3248 necessarias
666 3183 840 3248 emendas.

262 3291 294 3355 2⁰
319 3290 455 3356 Utilitas
462 3291 602 3375 publica
617 3292 721 3356 stiam
736 3288 861 3355 sufficit
884 3297 922 3355 ut
947 3292 1168 3373 magistratus
1182 3293 1293 3376 possit
1313 3310 1405 3357 conr-

222 3397 360 3482 pellere,
372 3419 405 3464 v.
419 3418 453 3480 g.
464 3403 672 3464 mercatores
684 3397 852 3464 rerumad
865 3399 1258 3481 victumpertinentium,
1271 3400 1404 3463 etiamsi

223 3526 293 3573 nou
307 3508 352 3572 sit
365 3506 502 3572 illarum
516 3507 671 3591 penuria,
685 3513 724 3572 ut
739 3525 797 3572 eas
809 3509 905 3591 justo
921 3507 1031 3590 pretio
1045 3507 1214 3583 vendant3
1230 3507 1278 3572 ita
1301 3507 1404 3572 etiam

223 3616 348 3680 subditi
363 3616 439 3697 cogi
456 3621 603 3699 possunt
616 3615 660 3681 ad
681 3615 903 3681 vendendum
917 3633 979 3698 pro
994 3617 1052 3680 via
1071 3613 1208 3698 publica
1230 3620 1264 3679 et
1289 3615 1404 3679 schola

222 3723 357 3806 publica
366 3723 699 3808 similibusquefluic
708 3723 1100 3805 saussercvocaripotest
1107 3725 1209 3804 socer
1218 3723 1401 3806 religionis,

223 3851 291 3915 quo
315 3851 348 3896 v.
365 3851 398 3914 g.
421 3832 465 3898 ad
486 3831 732 3897 exstruendam
753 3831 810 3895 vel
829 3830 1061 3914 ampliandam
1076 3831 1265 3906 ecclesiam,
1283 3831 1403 3895 vicinae

223 3939 314 4004 ades
325 3945 385 4005 aut
398 3939 496 4004 tundi
506 3941 602 4023 justo
615 3939 724 4022 pretio
739 3938 842 4002 vendi
857 3938 1039 4003 deberent.¹

263 4047 330 4114 Sed
342 4047 488 4112 dubitari
502 4051 616 4130 potest
629 4050 745 4110 utrum
756 4047 793 4108 in
809 4064 891 4110 casu
906 4046 1120 4110 necessitatis
1134 4047 1277 4130 publice
1292 4045 1403 4110 clerici

224 4159 258 4219 et
279 4155 430 4238 religiosi
443 4153 601 4238 compelli
627 4153 761 4238 possint
787 4153 830 4218 ad
858 4153 1092 4219 venditionem
1115 4172 1232 4219 rerum
1260 4173 1404 4238 quarum

222 4263 366 4345 penuria
377 4262 510 4330 laborat
524 4261 727 4344 respublica.
738 4259 977 4344 Respondetur
990 4261 1193 4326 affirmative
1211 4282 1218 4324 ;
1235 4281 1316 4326 nam
1326 4265 1404 4344 jure

222 4375 353 4435 naturas
381 4368 493 4435 clerici
518 4373 681 4434 tenentur
706 4385 884 4434 occurrere
911 4367 1055 4452 publicis
1083 4361 1343 4434 necessitatibus
1368 4369 1404 4432 in

221 4480 393 4548 delectum
407 4479 584 4548 laicorum.
610 4480 658 4544 De
678 4481 757 4562 jure
772 4479 948 4544 communi
962 4479 1121 4563 compelli
1136 4485 1281 4564 possunt
1295 4500 1316 4546 a
1330 4480 1404 4544 solo

219 4589 334 4670 judice
350 4587 590 4666 ecclesiastico,
607 4588 665 4672 qui
678 4587 772 4654 solus
791 4586 1177 4670 habetjurisdictionem
1192 4590 1228 4653 in
1239 4589 1379 4654 clericos
1395 4611 1402 4652 :

226 4703 340 4762 tamen
363 4697 390 4773 si
407 4696 516 4779 judex
538 4695 786 4761 ecclesiasticus
809 4695 843 4759 id
867 4695 1068 4776 negligeret,
1093 4695 1147 4760 vel
1166 4698 1318 4761 recursui
1336 4716 1405 4762 nou

367 4825 398 4867 u.
1226 4807 1265 4871 19
