3498 5572
372 557 433 620 tat
834 575 885 620 rus
907 575 1088 622 canonicus.

372 691 563 774 preposita
577 691 792 766 monasterii;
809 709 890 756 nam
904 693 948 756 ad
964 693 1075 758 taliter
1088 691 1357 776 praecipiendum
1371 692 1555 776 requiritur

371 802 523 881 potestas
532 799 777 881 jurisdictionis
792 797 987 882 spiritualis,
1003 806 1038 865 et
1052 819 1121 866 uon
1140 800 1265 863 suflicit
1278 805 1430 882 potestas
1447 799 1554 864 domi-

372 907 498 971 nativa.

411 1014 453 1078 At
466 1019 578 1096 potest
593 1015 761 1081 moniales
776 1015 928 1098 obligare
951 1018 995 1083 ad
1020 1018 1276 1083 observantiam
1300 1015 1497 1098 regularem
1521 1021 1555 1080 et

277 1183 280 1190 .
371 1124 662 1204 transgressiones
685 1125 818 1208 punire,
843 1145 923 1189 cum
938 1125 1061 1191 adhoc
1082 1127 1230 1191 suissciat
1250 1130 1402 1208 potestas
1419 1123 1554 1188 domes-

371 1233 446 1296 tica.
475 1233 540 1297 Sed
566 1251 636 1298 non
664 1239 778 1316 potest
803 1234 965 1299 adbibere
993 1235 1058 1300 nisi
1082 1235 1175 1300 illam
1200 1235 1449 1300 correctionem
1477 1251 1553 1315 quae

368 1339 484 1406 locum
498 1341 624 1406 habere
647 1347 761 1424 potest
779 1343 869 1408 intra
882 1343 1101 1408 latitudinem
1113 1343 1289 1408 familiaris
1305 1343 1446 1418 domus;
1462 1339 1553 1404 unde

369 1449 396 1512 si
412 1454 572 1530 ageretur
582 1449 623 1513 de
634 1468 736 1532 poena
750 1451 846 1530 gravi
855 1451 1051 1533 infligenda,
1070 1451 1211 1516 deberet
1224 1469 1399 1516 recurrere
1414 1449 1456 1514 ad
1469 1465 1553 1531 prae-

368 1556 476 1622 latum
491 1559 676 1640 proprium,
697 1559 769 1623 sive
788 1559 816 1621 is
840 1559 883 1622 sit
908 1559 1112 1636 ordinamus,
1134 1560 1206 1624 sive
1222 1560 1265 1623 sit
1279 1558 1439 1642 prelatus
1453 1575 1554 1638 regu-

368 1663 458 1728 laris.

407 1771 439 1836 3⁰
454 1771 491 1836 Vi
506 1774 685 1856 potestatis
697 1772 918 1838 dominativae
934 1781 1079 1857 possunt
1094 1776 1210 1850 etiam,
1225 1793 1294 1840 non
1308 1791 1406 1838 secus
1420 1791 1459 1836 ac
1469 1789 1553 1856 praa·

366 1877 435 1955 lati,
457 1879 588 1946 irritare
606 1887 703 1956 vota;
723 1899 793 1946 non
808 1900 891 1946 vero
906 1882 942 1946 in
957 1883 1040 1966 ipsis
1057 1883 1254 1966 dispensare
1268 1887 1327 1948 aut
1342 1899 1383 1946 ea
1397 1897 1552 1944 commu-

368 1992 450 2064 tare,
469 1990 548 2072 quia
568 1990 611 2054 ad
624 1990 850 2056 irritationem
866 1993 992 2056 suflicit
1006 1997 1161 2074 potestas
1178 1991 1400 2066 dominativa,
1415 1989 1497 2054 dum
1509 1987 1553 2052 ad

368 2095 659 2180 dispensationem
678 2098 733 2164 vel
749 2101 1054 2166 commutationem
1077 2101 1262 2184 requiritur
1284 2105 1437 2182 potestas
1448 2098 1552 2180 juris-

368 2203 535 2269 dictionis.
552 2206 644 2287 (Vide
653 2206 815 2283 Pellizari,
833 2209 901 2272 tore
914 2211 982 2288 cit,
999 2229 1032 2272 n.
1051 2209 1207 2290 134437.)
1218 2208 1292 2272 Non
1302 2211 1416 2290 potest
1429 2206 1544 2278 etiam,

367 2319 507 2396 propter
521 2314 678 2378 eamdem
692 2315 872 2391 rationem,
894 2317 1091 2399 dispensare
1107 2316 1142 2380 in
1153 2315 1306 2398 jejuniis,
1323 2313 1548 2386 abstinentiis,

369 2419 474 2484 divini
489 2423 590 2486 officii
613 2425 811 2489 recitatione
833 2431 867 2489 et
881 2425 1108 2490 observantiis
1123 2425 1348 2505 regularibus.
1374 2423 1552 2486 Verumta-

367 2546 449 2592 men
470 2535 583 2614 potest
601 2531 772 2598 declarare
795 2534 991 2615 religiosam
1013 2535 1067 2599 bic
1090 2541 1125 2598 et
1148 2552 1240 2600 nunc
1263 2551 1334 2598 non
1360 2532 1468 2596 teneri
1494 2530 1549 2594 tali

369 2638 586 2704 observantia
600 2639 758 2722 regulari.

407 2746 440 2808 4φ
453 2745 575 2830 Nequit
597 2751 781 2832 praeposita
804 2752 971 2816 moniales
995 2770 1075 2816 suas
1101 2751 1252 2831 obligare
1280 2756 1319 2814 ut
1336 2747 1550 2833 frequentius

367 2853 423 2917 vel
437 2855 551 2918 minus
566 2857 766 2940 frequenter
793 2879 925 2925 sacram
950 2861 1231 2926 communionem
1251 2859 1386 2932 faciant,
1412 2859 1491 2941 quin
1505 2855 1549 2922 ad

366 2961 430 3024 boc
456 2964 640 3045 requiritur
663 2965 830 3046 judicium
859 2968 900 3031 de
924 2968 1068 3032 internis
1082 2966 1373 3051 dispositionibus,
1394 2965 1486 3048 quod
1506 2963 1549 3026 ad

366 3071 613 3135 corriessarium
628 3073 785 3154 pertinet.
806 3075 872 3138 Sed
886 3081 1003 3158 posset
1022 3074 1122 3139 alicui
1146 3073 1285 3138 moniali
1302 3073 1483 3155 injungere
1506 3089 1549 3134 ue

367 3175 425 3240 tali
440 3177 495 3240 die
510 3177 552 3241 ad
570 3197 701 3243 sacram
714 3183 872 3262 synaxim
887 3183 1035 3258 accedat,
1053 3183 1133 3264 quia
1149 3187 1201 3245 est
1215 3199 1318 3263 poena
1331 3197 1401 3244 nou
1413 3177 1549 3260 proprie

367 3283 562 3366 spiritualis,
580 3291 619 3348 ut
630 3293 748 3352 monet
762 3288 896 3354 Suarez.
915 3289 953 3354 ln
967 3283 1215 3354 recentioribus
1230 3286 1435 3370 quibusdam
1455 3283 1550 3348 insti-

367 3391 449 3454 tutis
463 3391 658 3468 mulierum,
677 3395 859 3478 aliquando
886 3398 1120 3480 superiorissae
1140 3397 1284 3478 exigunt
1304 3393 1550 3459 manifestatio-

367 3516 458 3573 nem,
472 3517 542 3562 non
553 3499 656 3564 modo
666 3500 879 3582 publicarum
890 3503 1205 3584 transgressionum
1217 3501 1356 3584 regulae,
1370 3499 1431 3564 sed
1446 3499 1550 3564 etiam

367 3606 596 3680 tentationum
612 3613 646 3671 et
661 3614 873 3673 secretorum
889 3611 1118 3688 conscientiae,
1130 3629 1206 3694 quae
1218 3607 1455 3674 sacramentali
1470 3625 1550 3670 oon-

366 3713 507 3776 i'essioni
518 3720 748 3780 reservantur.
761 3717 857 3781 Hunc
869 3718 1016 3782 abusum
1026 3719 1200 3800 prohibuit
1213 3718 1245 3780 S.
1258 3717 1425 3797 congreg.
1438 3716 1546 3798 Episc.

368 3825 402 3882 et
418 3822 497 3900 lteg.
515 3822 561 3903 (in
577 3820 791 3888 Collectcnea
805 3824 895 3889 card.
913 3824 1066 3901 Bizzarri,
1084 3845 1116 3908 p.
1133 3825 1214 3907 832).

844 4046 1004 4108 SECTIO
1034 4047 1072 4108 V.

539 4197 586 4250 Da
603 4198 848 4252 recentioribus
864 4199 1183 4266 congregationibus
1199 4201 1376 4267 religiosis.

409 4365 441 4442 a)
459 4359 550 4440 Ouid
562 4359 652 4423 sint?
666 4359 884 4425 Recentiores
894 4361 1110 4441 distinguunt
1121 4360 1210 4426 inter
1224 4361 1408 4443 religiones
1422 4367 1456 4426 et
1471 4381 1547 4426 corr-

368 4469 581 4552 greqatr'cnes
594 4466 783 4548 religiosas,
798 4467 833 4531 in
847 4473 1014 4550 quantum
1026 4486 1087 4552 per
1098 4467 1283 4550 religiones
1296 4470 1441 4533 veniunt
1451 4471 1547 4534 insti-

369 4581 441 4641 tuta
456 4595 531 4659 quae
548 4575 733 4640 essentiam
749 4581 857 4640 status
877 4574 1026 4656 religiosi
1041 4575 1170 4640 habent
1190 4594 1269 4640 cum
1285 4577 1373 4640 votis
1389 4577 1548 4642 solemni-

368 4684 441 4758 bus
467 4689 502 4746 et
529 4701 590 4764 per
618 4683 902 4764 congregationes
929 4681 1150 4762 intelligenda
1180 4689 1260 4764 sunt
1288 4683 1443 4757 instituta
1473 4705 1554 4768 truse¹
