3498 5572
836 603 887 648 JUS
907 604 1088 650 conculcen.

773 1021 993 1130 colera
1025 1019 1162 1112 Plus

694 1235 753 1284 DE
783 1236 940 1286 CLERO
968 1237 1235 1288 REGULARI

856 1423 1069 1434 -—.—--

417 1593 586 1659 Hactenus
611 1595 652 1659 de
676 1595 766 1661 clero
791 1597 943 1662 saeculari
965 1600 1108 1683 ejusque
1129 1598 1264 1682 juribus
1287 1603 1321 1662 et
1340 1598 1554 1680 obligationi-

377 1704 440 1767 bus
455 1707 569 1768 actum
585 1709 647 1780 est;
662 1725 763 1782 nunc,
777 1707 902 1773 atitulo
913 1709 1069 1792 sequenti
1081 1708 1181 1773 adlit.
1198 1707 1367 1786 XXXVIII,
1381 1707 1554 1791 agendum

377 1817 430 1876 est
443 1813 485 1877 de
500 1813 591 1878 clero
610 1813 768 1896 regulari.
786 1814 949 1891 Quaedam
972 1821 1088 1882 tamen
1108 1817 1278 1882 habentur
1299 1817 1403 1882 etiam
1424 1815 1553 1882 clerIcis

377 1925 411 1986 et
431 1921 524 1986 laicis
546 1924 756 1999 communia,
779 1929 816 1988 ut
840 1929 920 1988 sunt
942 1927 1001 2008 jus
1026 1929 1237 2008 patronatus,
1255 1944 1391 2000 census,
1408 1925 1553 1990 exactio-

377 2047 453 2104 nes,
471 2033 547 2106 etc,
565 2049 640 2113 quae
667 2032 710 2096 ob
734 2031 885 2116 aliquam
908 2033 1118 2116 analogiam,
1140 2035 1254 2117 potius
1278 2034 1321 2100 ad
1347 2039 1553 2118 praesentem

375 2141 506 2218 partem
532 2143 709 2214 vocantur,
736 2144 771 2204 et
789 2141 963 2224 objectum
987 2140 1165 2206 titulorum
1187 2141 1344 2206 XXXVIII
1368 2146 1403 2206 et
1423 2139 1554 2204 XXXIX

375 2247 597 2311 constituunt.

416 2353 455 2419 In
468 2356 638 2438 prioribus
654 2357 771 2434 titulis,
795 2360 909 2442 agilur
922 2360 964 2425 cle
979 2361 1054 2444 ipso
1075 2365 1165 2426 statu
1181 2361 1341 2443 religioso
1356 2361 1446 2426 etde
1462 2365 1553 2424 trau·

375 2463 440 2526 situ
458 2482 497 2528 ac
510 2467 737 2531 conversione
751 2467 796 2531 ad
810 2471 938 2533 statum
955 2469 1170 2551 religiosum
1187 2470 1223 2534 in
1237 2469 1365 2534 XXXIV
1380 2473 1415 2534 et
1427 2467 1551 2544 XXXV,

376 2571 417 2635 de
427 2577 507 2637 voto
519 2574 603 2639 etde
615 2579 705 2641 stetu
715 2579 963 2644 monachorum
972 2579 1029 2664 qui
1040 2598 1083 2644 ex
1095 2584 1176 2646 voto
1187 2578 1416 2654 constituitur,
1429 2577 1554 2660 specia-

378 2681 439 2744 tirn
453 2682 654 2766 disputetur.
671 2685 709 2750 In
725 2685 858 2752 duobus
873 2690 1093 2773 sequentibus
1108 2687 1368 2755 considerantur
1383 2686 1505 2752 domus
1520 2690 1555 2749 et

377 2790 514 2873 capellae
525 2791 779 2876 religiosorum.

756 3170 980 3247 TITULUS
1018 3171 1171 3246 XXXI.

442 3341 484 3388 DE
511 3343 766 3392 REGULARIBUS
792 3347 834 3392 ΕΤ
860 3348 1157 3394 TRANSEUNTIBUS
1183 3349 1227 3394 ult
1256 3345 1488 3394 uuttclouutt.

817 3657 953 3720 seculo
980 3657 1115 3721 PRIMA.

522 3793 570 3846 De
587 3775 724 3860 natura.
743 3798 872 3864 ortatus
888 3795 924 3850 'ot
940 3801 1106 3854 varietate
1122 3802 1234 3854 statu
1249 3798 1408 3865 reuoluat.

778 3955 798 4006 1.
816 3956 856 4007 De
874 3954 978 4008 natura
994 3955 1023 4006 et
1039 3953 1156 4020 origiue.

419 4070 452 4152 a)
468 4071 600 4153 Religio
622 4075 734 4139 varias
758 4076 1024 4158 significationes
1047 4077 1170 4142 habet:
1187 4074 1348 4158 accipitur
1365 4071 1458 4138 enirn
1481 4071 1554 4134 sive

378 4195 441 4257 pro
456 4179 581 4245 virtute
595 4183 714 4248 morali
731 4203 798 4269 qua
811 4185 920 4250 Deum
935 4185 1089 4262 colimus,
1107 4185 1150 4250 oh
1165 4201 1336 4248 summam
1350 4184 1425 4265 eius
1448 4178 1554 4245 excal-

378 4283 534 4364 lentiam;
552 4287 624 4352 sive
639 4309 701 4373 pro
718 4293 962 4358 communitate
984 4313 1044 4359 seu
1060 4294 1282 4358 universitate
1302 4289 1457 4356 omniurn
1472 4285 1554 4349 tide-

378 4391 474 4471 liom‚
492 4415 559 4479 quo
585 4417 689 4488 sensu
714 4401 835 4467 dicitur
857 4403 977 4487 religio
1003 4405 1200 4479 christiana;
1224 4401 1296 4466 sive
1321 4399 1467 4482 denique
1491 4412 1553 4477 pro

379 4507 472 4568 certo
489 4507 578 4570 statu
593 4509 628 4572 in
642 4509 789 4577 Ecclesia
803 4518 927 4590 erecto,
945 4533 1012 4599 quo
1027 4533 1089 4598 per
1113 4511 1295 4596 specialem
1320 4505 1458 4573 vivendi
1481 4521 1554 4568 mc-

381 4609 462 4675 durn
476 4613 579 4699 aliqui
592 4636 628 4682 se
643 4617 712 4685 Deo
726 4624 869 4706 ejusque
882 4623 1045 4708 obsequio
1058 4623 1225 4689 dedicant.

424 4720 455 4782 l⁰
471 4721 644 4797 Quatenus
670 4727 723 4793 hle
751 4733 860 4795 sutus
886 4732 1103 4797 constituitur
1125 4750 1186 4815 per
1210 4729 1274 4794 tria
1296 4730 1377 4791 vota
1401 4723 1554 4788 substan·
