3504 5572
540 602 773 677 111111111111
795 595 1015 650 111111111111.
1312 587 1372 650 391

228 718 262 782 8⁰
276 718 463 800 Regulares
478 719 656 802 utriusque
678 736 781 783 sexus
800 716 1025 802 proprietarii,
1046 717 1076 782 si
1096 719 1253 784 monilia
1273 739 1372 804 supa-

189 827 278 891 riore
301 826 429 912 ahsque
453 826 693 892 emendatione
708 830 744 894 et
763 825 966 910 paenitentia
990 825 1198 892 decesserint
1218 827 1275 909 (ex
1295 845 1371 910 cap,

189 933 357 1013 Monochi,
374 935 419 1011 2⁰,
436 941 471 998 et
486 954 529 999 111
548 953 620 1018 cap.
637 933 714 1000 lde
729 933 834 1000 Statu
854 931 1119 1016 monachorum).
1137 933 1239 1000 Recte
1255 939 1370 1000 tamen

189 1043 373 1108 advertunt
396 1041 496 1107 multi
514 1043 700 1108 canoniatae
723 1059 793 1108 non
817 1059 893 1107 1111
920 1040 1171 1125 praecipitanter
1197 1042 1371 1124 sepultura

190 1151 416 1216 ecclesiastica
439 1151 645 1234 privandum
661 1147 873 1247 'religiosum
894 1148 1074 1215 inventum
1097 1153 1272 1215 mortuum
1291 1169 1370 1215 oum

156 1329 159 1340 ⁴
189 1261 292 1324 hursa
302 1257 524 1324 denariorum
536 1278 543 1322 :
557 1257 719 1340 praesumi
731 1261 846 1340 potest
858 1255 1018 1323 denarios
1033 1275 1104 1324 uon
1115 1276 1190 1323 esse
1203 1258 1368 1342 proprios.

105 1367 107 1374 ’
188 1368 282 1433 Unde
298 1372 391 1432 certo
405 1372 562 1434 constare
578 1367 680 1432 dehet
694 1365 785 1450 quod
799 1365 951 1448 religiosi
973 1383 1056 1432 vera
1068 1367 1274 1450 proprietate
1290 1385 1371 1432 one·

188 1477 250 1542 rati
267 1480 349 1540 sunt
362 1477 498 1540 mortui.

228 1587 261 1650 9ο
277 1585 474 1650 occidentes
499 1585 631 1666 seipsos
653 1601 696 1648 ex
710 1581 887 1659 industria,
911 1599 973 1646 seu
989 1581 1126 1648 suicidae
1139 1582 1197 1666 qui
1211 1583 1273 1648 sihi
1288 1583 1372 1666 ipsis

189 1699 337 1760 mortem
360 1697 481 1776 sponte
502 1691 702 1756 intulerunt.
726 1691 974 1776 decipiuntur:
997 1691 1029 1754 1ο
1050 1691 1106 1756 ille
1128 1692 1186 1775 qui
1202 1691 1246 1758 ad
1264 1692 1371 1758 vitan-

190 1805 273 1868 dum
287 1801 417 1866 malum
428 1801 492 1866 sihi
506 1799 710 1884 impendens
725 1819 761 1864 se
774 1799 983 1882 praecipitem
997 1798 1090 1864 dedit
1100 1804 1134 1864 et
1148 1799 1184 1864 in
1194 1801 1324 1864 flumen
1333 1818 1371 1868 se

189 1911 342 1996 projecit.
359 1911 392 1972 1ο
406 1907 547 1986 Quando
560 1926 630 1974 non
640 1912 776 1973 constat
791 1907 882 1992 quod
894 1907 1016 1991 aliquis
1028 1907 1179 1990 seipsum
1189 1909 1368 1987 interiecit,

189 2020 237 2084 illi
263 2037 333 2084 non
356 2023 409 2082 111
439 2017 642 2099 deneganda
670 2015 1306 2100 1111111111111111111111.3001111111
1328 2037 1371 2083 ex

189 2129 314 2202 furore,
338 2127 463 2191 mentis
482 2124 700 2200 alienatione,
717 2123 839 2208 aliquis
861 2123 925 2187 sihi
947 2127 1095 2189 mortem
1118 2124 1242 2200 intulit,
1257 2128 1372 2208 potest

190 2235 324 2318 sepeliri
338 2236 374 2300 iu
385 2234 461 2300 loco
474 2251 581 2311 sacro,
599 2234 670 2298 imo
683 2237 718 2297 et
732 2233 843 2297 dehet.
862 2232 957 2298 Unde
975 2233 1011 2296 in
1030 2232 1154 2298 Rituali
1180 2233 1277 2298 Rom.
1305 2239 1368 2298 act.

189 2342 335 2425 negatur
356 2342 532 2426 sepultura
545 2339 774 2406 ecclesiastica
788 2341 920 2424 seipsos
936 2340 1167 2406 occidentibus
1186 2343 1229 2406 oh
1254 2341 1371 2424 despe-

189 2451 368 2524 rationem,
385 2450 441 2515 vel
461 2449 673 2515 iracundiam
689 2450 770 2532 (non
784 2453 900 2514 tamen
918 2449 946 2512 11
966 2469 1009 2516 ex
1023 2450 1156 2516 insania
1169 2448 1203 2514 id
1218 2449 1368 2531 accidat),

188 2561 254 2624 nisi
270 2564 349 2626 ante
364 2563 511 2625 mortem
527 2557 684 2624 dederint
697 2559 796 2640 signa
809 2559 1030 2641 ponitentiae.

228 2668 266 2733 ln
279 2668 391 2744 dubio,
405 2685 499 2732 mors
509 2685 580 2732 non
596 2666 816 2750 presumitur
825 2666 1028 2742 voluntaria,
1041 2671 1080 2730 ut
1094 2667 1372 2758 animadvertunt

188 2777 417 2842 communiter
426 2777 614 2841 canonistae
623 2795 630 2838 ε
640 2794 721 2840 nam
731 2775 862 2840 crimen
872 2793 943 2840 non
956 2777 1185 2859 presumitur,
1198 2777 1259 2841 sed
1270 2777 1370 2861 plene

187 2885 324 2968 probari
335 2885 445 2962 dehet,
460 2885 534 2949 sive
545 2883 658 2967 quoad
665 2885 804 2960 iactum,
818 2883 890 2949 eive
905 2884 1017 2968 quoad
1026 2883 1251 2948 voluntatem.
1262 2884 1368 2963 Unde,
1448 2911 1450 2916 ’

188 3011 221 3056 v.
239 3011 286 3074 g,
304 2993 332 3056 si
346 2991 402 3058 ille
417 2993 475 3078 qui
492 2993 645 3076 seipsum
659 2991 839 3067 interiecit,
855 2992 1116 3058 animadversus
1130 2992 1195 3056 11111
1215 2991 1318 3075 defigi
1334 2993 1371 3057 in

156 3113 161 3128 ·
190 3099 430 3177 melancholia,
452 3100 590 3182 signum
619 3103 671 3165 est
695 3099 870 3166 sufficiens
894 3099 1088 3184 suspicandi
1109 3101 1200 3185 quod
1223 3101 1372 3165 adiuerit

189 3207 348 3274 alienatio
376 3205 548 3272 mentalis.
575 3207 829 3282 Verumtamen,
860 3206 997 3291 quando
1024 3207 1177 3272 constitit
1191 3207 1371 3272 suicidium

189 3316 414 3379 commissum
427 3333 515 3392 asse,
524 3333 595 3380 non
610 3333 748 3398 semper
760 3316 921 3398 praesumi
931 3319 1045 3398 potest
1058 3316 1148 3400 quod
1158 3315 1241 3380 illud
1251 3315 1371 3380 accidit

190 3441 233 3487 ex
256 3423 399 3499 insania,
419 3427 457 3486 ut
476 3423 580 3506 aliqui
603 3423 822 3500 recentiores,
846 3423 923 3506 plus
937 3442 1037 3508 aequo
1050 3425 1182 3507 placitis
1196 3423 1370 3489 hodiernis

188 3531 417 3612 indulgentes,
440 3531 537 3596 iacile
551 3531 745 3595 concedunt
759 3535 797 3594 ut
810 3531 971 3596 omnihus
987 3531 1125 3595 suicidis
1143 3531 1243 3596 detur
1260 3530 1371 3613 sepul-

191 3642 266 3702 tura
281 3639 520 3704 ecclesiastioa.
537 3638 607 3702 Etsi
624 3637 806 3702 suicidium
823 3639 867 3702 111
882 3639 924 3703 11
939 3657 976 3702 11
987 3639 1120 3702 insania
1133 3639 1282 3714 moralis,
1300 3656 1370 3702 non

190 3747 344 3828 sequitur
358 3745 450 3828 quod
462 3763 599 3828 semper
610 3745 758 3810 abluerit
767 3746 981 3811 advertentis
993 3751 1028 3810 et
1039 3746 1210 3812 voluntas.
1228 3747 1374 3824 Quando·

189 3871 258 3917 non
273 3857 387 3935 potest
401 3852 535 3917 excludi
548 3853 692 3928 insania,
707 3852 788 3918 licet
801 3852 844 3918 de
859 3871 941 3918 vero
963 3854 1104 3919 suicidio
1125 3874 1196 3920 uon
1224 3859 1367 3931 constet,

189 3958 301 4024 danda
316 3965 368 4024 est
382 3961 557 4043 sepultura
572 3961 646 4026 sino
660 3963 795 4026 funebri
807 3979 934 4044 pompa
943 3967 978 4026 et
992 3963 1065 4028 sine
1080 3963 1210 4040 funeris
1223 3963 1370 4028 celebra-

191 4067 294 4143 tione,
311 4087 354 4131 ex
368 4067 490 4133 declar.
509 4067 540 4131 S.
557 4067 654 4134 Univ.
671 4068 743 4152 lnq.
760 4069 800 4134 18
812 4087 891 4134 nov.
914 4070 1004 4146 1819,
1027 4075 1061 4135 11
1077 4069 1109 4134 S.
1127 4069 1248 4152 Gongr.
1268 4069 1369 4156 (lonc.

189 4160 301 4256 lengi.
319 4176 407 4240 1835.
425 4174 565 4250 Deinde,
585 4175 644 4259 qui
655 4177 853 4258 poenituerit
866 4181 945 4242 ante
960 4182 1118 4254 mortem,
1137 4182 1252 4262 potest
1266 4179 1370 4242 etiam

190 4281 325 4365 sepeliri
339 4283 374 4346 in
389 4281 464 4347 loco
479 4301 585 4358 sacro,
600 4285 701 4366 juxta
715 4285 969 4366 supracitatum
979 4284 1111 4350 Rituale
1123 4286 1326 4351 Romanum.

229 4391 279 4454 10⁰
296 4390 359 4466 Qui
374 4391 582 4455 occumbunt
594 4391 630 4454 in
645 4389 758 4456 duello
769 4392 874 4456 etiam
888 4393 1034 4476 privato,
1047 4411 1109 4458 seu
1124 4411 1194 4458 non
1210 4393 1366 4468 solemni,

190 4499 262 4563 sive
276 4497 442 4562 decedant
454 4498 490 4562 iu
500 4497 574 4564 loco
584 4497 698 4575 duelli,
712 4499 785 4564 sive
795 4505 893 4565 extra
901 4499 1026 4578 locum,
1038 4520 1079 4566 ex
1089 4501 1231 4566 vulnere
1242 4501 1368 4566 ibidem

189 4610 326 4688 recepto
345 4606 404 4688 (ita
421 4605 532 4689 quoad
550 4605 696 4688 primam
714 4607 931 4690 hypothesim
944 4627 1038 4674 conc.
1056 4608 1165 4684 Trid.;
1187 4609 1299 4692 1111111
1318 4628 1368 4674 11·

190 4713 481 4791 cundemssencd.
494 4713 618 4790 xlv‚in
628 4720 736 4780 const.
748 4715 1006 4798 detestabilem).
1024 4715 1060 4780 ld
1075 4717 1220 4782 hahetur
1235 4717 1367 4783 etiamsi
