3510 5574
565 599 652 644 ussa
673 599 801 645 rsarrus
822 599 1041 645 nncnsrsrruu.
1334 583 1394 646 233

215 717 393 790 obtentum
408 732 529 782 vacare
546 715 664 798 incipit
683 715 805 780 eodem
822 715 964 782 instanti
986 735 1054 800 quo
1074 718 1215 784 obtenta
1233 721 1287 782 est
1305 717 1394 802 peci-

214 825 277 889 ssca
295 823 467 907 possessio
482 821 633 899 alterius,
651 823 754 888 etiam
770 824 882 908 quoad
896 824 1027 890 tructus
1041 825 1081 907 (c.
1097 825 1185 890 2811.
1207 825 1257 889 tit.
1280 827 1314 890 in
1336 827 1391 906 6⁰).

214 933 330 1016 ltaque
353 929 505 1007 collator,
521 949 544 996 a
557 929 610 996 die
625 931 813 997 vacationis
828 950 896 1016 quo
910 933 1082 1016 possessio
1096 932 1236 1016 pacifica
1255 933 1394 999 alterius

214 1039 369 1106 beneficii
392 1040 532 1105 obtenta
555 1045 618 1116 est,
635 1039 719 1105 illud
739 1041 833 1124 prius
857 1041 973 1106 statim
988 1043 1143 1107 conferre
1167 1047 1298 1127 potest;
1324 1043 1393 1108 imo

214 1147 315 1214 debet
333 1149 424 1213 intra
444 1165 506 1212 sex
526 1165 674 1225 menses,
696 1148 780 1214 elias
801 1153 954 1232 potestas
977 1149 1175 1215 conferendi
1200 1149 1395 1216 devolvitur

213 1256 256 1322 ad
271 1256 493 1340 superiorem.
511 1253 639 1320 Tamen
659 1256 692 1320 Ψ
715 1275 827 1322 novus
850 1257 1073 1323 beneficiatus
1087 1257 1123 1322 in
1140 1257 1394 1342 possessionem

211 1364 379 1430 introduci
401 1384 473 1430 non
497 1363 609 1440 debet,
626 1363 733 1429 altero
748 1382 819 1430 non
832 1369 954 1430 vocato
970 1365 1058 1448 (eod.
1074 1367 1172 1450 cap).
1189 1365 1298 1442 Ratio,
1314 1369 1394 1450 quia

211 1473 316 1556 priori
325 1473 515 1558 possessori
525 1475 583 1556 jus
595 1473 711 1538 forsan
726 1479 921 1558 competere
933 1481 1052 1558 posset
1063 1473 1232 1539 retinendi
1241 1494 1248 1550 ;
1258 1493 1391 1550 verum,

213 1582 241 1645 si
255 1581 390 1648 notoria
403 1586 495 1646 esset
508 1582 681 1665 possessio
695 1583 836 1666 pacifica
847 1583 988 1649 alterius
1003 1582 1170 1660 beneficii,
1184 1584 1279 1666 prior
1292 1584 1393 1648 bene-

213 1691 346 1756 tieiatus
365 1709 436 1756 non
451 1695 543 1756 esset
558 1691 744 1757 vocandus.
763 1693 797 1756 3ο
818 1691 958 1759 Constat
981 1711 1024 1758 ex
1048 1692 1147 1757 dictis
1172 1710 1243 1757 non
1265 1691 1393 1776 requiri

214 1799 419 1866 sententiam
435 1800 692 1866 declaratoriam
706 1801 750 1867 ad
763 1801 1047 1868 introducendam
1061 1801 1276 1867 vacationem
1292 1801 1393 1865 bene·

213 1909 378 1985 siciorum,
396 1909 424 1972 si
446 1909 559 1990 agitur
581 1908 622 1974 de
644 1909 754 1992 primo
769 1911 947 1985 beneflcio,
965 1913 1000 1974 et
1014 1909 1190 1974 obtinetur
1204 1891 1394 1974 secundum

213 2017 417 2082 beneficium
431 2017 694 2100 incompatibile.
710 2017 749 2082 ln
763 2019 829 2084 hoe
843 2019 936 2082 enim
954 2017 1088 2082 nullum
1103 2022 1156 2084 est
1170 2017 1342 2092 delictum,
1359 2021 1394 2080 et

212 2125 289 2190 ideo
307 2125 402 2191 nulla
423 2125 509 2192 ratio
532 2125 665 2192 ferendi
688 2111 894 2193 sententiam
916 2127 1019 2192 etiarn
1041 2125 1309 2192 declaratoriam.
1327 2123 1393 2189 Sed

212 2233 247 2297 in
261 2253 342 2298 casu
358 2246 436 2319 quo,
453 2239 572 2300 contm
583 2237 652 2318 jus,
668 2235 891 2301 beneficiatus
905 2235 1010 2302 vellet
1023 2241 1208 2320 utrumque
1231 2233 1390 2308 retinere,

212 2341 254 2405 ad
268 2341 494 2424 privationem
518 2342 658 2437 secundi
680 2343 914 2428 requireretur
936 2345 1118 2411 sententia.
1136 2342 1219 2408 Nam
1236 2343 1309 2406 hae‘c
1327 2341 1392 2425 pri-

212 2449 303 2515 vatio
317 2450 388 2514 vim
401 2451 504 2515 habet
523 2469 635 2534 poerrae
656 2457 794 2534 propter·
816 2452 1082 2519 inobedientiam
1104 2455 1223 2518 contra
1242 2467 1392 2515 canones

212 2575 440 2624 commissam.

702 2735 838 2797 seculo
860 2735 898 2794 V.

513 2889 561 2942 De
583 2889 826 2944 memororum
850 2891 1091 2944 reservatione.

605 3077 625 3128 1.
643 3073 715 3136 Quid
730 3074 760 3128 et
773 3075 925 3141 quotuplex
939 3075 995 3128 etti

251 3212 283 3294 a)
300 3211 498 3277 Reservatio
518 3211 653 3295 proprie
669 3209 758 3276 dicta
776 3215 830 3277 est
843 3211 988 3294 alicrrjus
1002 3211 1159 3276 beneficii
1174 3209 1391 3276 ecclesiastici

210 3321 361 3387 vacaturi
383 3339 445 3405 per
468 3320 679 3406 superiorem
701 3322 745 3388 ad
766 3340 803 3386 se
825 3323 915 3388 facta
937 3321 1103 3390 avocatio.
1120 3320 1203 3386 Inde
1217 3325 1392 3387 reservate

211 3429 368 3494 dicuntur
393 3430 560 3497 beneficia
588 3449 735 3516 quorum
765 3431 984 3497 collationem
1020 3430 1190 3516 superior,
1220 3429 1390 3514 precipue

210 3537 242 3602 S.
253 3539 420 3614 Pontifex,
430 3539 478 3604 ita
489 3541 554 3605 sibi
565 3541 726 3618 vindicet,
739 3547 778 3605 ut
790 3541 962 3607 interioris
973 3540 1144 3607 collatoris
1158 3557 1283 3606 manus
1294 3539 1388 3621 liget,

210 3649 393 3732 quominus
406 3651 448 3716 ab
468 3651 543 3735 ipso
563 3669 605 3717 ea
618 3650 730 3717 valide
744 3651 892 3716 conferri
906 3651 1051 3735 possint.
1067 3649 1250 3715 -Dicitur
1271 3673 1287 3708 a
1303 3665 1407 3736 prae-¹

208 3755 306 3838 cipue
327 3757 420 3822 Sum.
437 3757 533 3824 Pont.
550 3784 578 3837 »,
593 3777 675 3826 nam
688 3760 876 3826 reservatio
890 3759 1094 3841 regulariter
1107 3758 1180 3824 lita
1196 3757 1269 3823 solo
1285 3757 1387 3841 Papa,

209 3881 252 3927 err
270 3865 373 3930 variis
387 3867 515 3944 causis;
532 3867 661 3932 etenim
675 3865 718 3933 ad
733 3867 857 3932 sedam
871 3867 1062 3933 Romanam
1076 3865 1234 3950 primitus
1244 3865 1390 3949 pertine-

209 3971 291 4036 bant
305 3974 421 4039 omnia
435 3975 610 4051 beneficia,
629 3991 776 4058 quorum
790 3973 1009 4040 collationem
1022 3973 1208 4039 liberaliter
1221 3973 1391 4039 concessit

208 4080 375 4166 episeopis
396 4081 538 4168 aliisque
559 4083 708 4168 praelatis
728 4101 790 4148 seu
813 4083 1030 4148 interioribus
1055 4081 1284 4148 collatoribus.
1307 4081 1389 4146 Inde

205 4188 298 4270 juste
313 4187 426 4274 eliqua
440 4191 504 4256 sibi
517 4209 694 4257 reservare
708 4195 837 4275 potest;
853 4191 924 4256 imo
945 4189 1044 4256 valde
1066 4208 1219 4272 congrua
1233 4193 1286 4254 est
1299 4191 1390 4273 ejus-

208 4295 302 4360 modi
316 4299 515 4376 reservatio,
530 4303 670 4383 propter
684 4299 796 4366 varias
810 4299 961 4365 rationes
976 4317 997 4364 a
1010 4298 1196 4364 canonistis
1210 4295 1387 4372 indicatas,

208 4400 298 4466 inter
322 4423 406 4488 quas
428 4405 574 4471 habetur
595 4411 669 4471 tum
689 4407 883 4472 reverentia
904 4406 1017 4473 debita
1030 4405 1186 4472 Ecclesia
1207 4405 1387 4480 Romanae,

209 4514 283 4574 tum
307 4515 419 4596 major
446 4513 648 4581 interiorum
671 4513 892 4582 ecelesiarum
919 4533 999 4581 cum
1025 4515 1179 4581 Romana
1199 4511 1388 4580 communi-

210 4619 310 4684 catio.

250 4725 279 4810 b)
294 4727 493 4798 Reservatio
509 4733 601 4799 varie
618 4733 790 4812 dividitur,
810 4733 1001 4820 prasertim
1019 4753 1025 4797 :
1044 4735 1075 4798 1ο
1089 4735 1124 4798 in
1140 4732 1332 4818 perterritam
1355 4733 1390 4794 et
1438 4807 1447 4828 .
