3504 5566
631 619 721 698 utari
743 619 931 666 nocauenri.
952 675 955 684 ‚

653 970 825 1047 SEGTIO
856 973 905 1046 tl.

591 1147 635 1192 DE
664 1148 968 1193 incantatione.

725 1312 845 1324 ——-

515 1468 534 1516 1.
553 1463 755 1518 (inmutatio
773 1465 945 1518 Benedicti
960 1463 1045 1518 XIV.

229 1603 264 1661 ln
283 1603 402 1661 constit.
422 1601 574 1660 Benedicti
585 1603 627 1660 lit
631 1603 652 1661 V
664 1603 706 1660 hd
727 1602 896 1674 militantis
913 1607 948 1660 30
965 1604 1072 1662 mortib
1093 1609 1172 1674 itii,
1194 1605 1371 1678 cesemntm·

192 1697 348 1767 sequentes
367 1707 475 1760 consa,
496 1693 652 1766 inquibus
672 1693 842 1766 appellatio·
856 1708 924 1752 crim
943 1692 1123 1752 inhibitione
1145 1695 1178 1752 in
1196 1697 1370 1769 suspensivo

193 1785 312 1844 concedi
325 1785 507 1858 prohibetur,
526 1799 586 1844 non
611 1785 747 1845 obstante
764 1801 948 1861 quocumque
970 1788 1126 1850 contrane
1146 1788 1368 1860 consuetudine,

193 1878 285 1936 etiem
299 1877 539 1948 immemorabili,
551 1883 606 1937 oni
617 1878 785 1952 privilepio,
799 1879 854 1938 sub
866 1893 952 1952 poeno
962 1877 1115 1938 nollitoiis
1125 1881 1370 1952 manumittere

192 1967 291 2043 osmod
302 1969 460 2027 citationes
474 1967 609 2042 expediri
622 1969 728 2028 solitos
750 1984 851 2028 eorem
865 1969 1039 2043 Sipnctnra
1055 1970 1208 2042 prasecto,
1225 1970 1265 2028 od
1287 1969 1370 2042 effec-

194 2066 256 2118 tam
272 2058 472 2132 comparendi,
491 2063 545 2118 oni
558 2057 689 2117 omittant
703 2057 836 2117 eamdem
847 2059 1066 2131 Sipnotucom:

228 2169 282 2226 tt
298 2166 563 2240 decretisquorum
578 2165 731 2225 exsecutio
746 2181 764 2224 a
779 2165 909 2223 trident.
924 2164 1104 2224 demandata
1118 2172 1165 2225 est
1177 2167 1311 2226 locorum
1323 2183 1371 2225 or-

84 2291 88 2300 ·
193 2257 331 2329 dinariis,
347 2257 436 2316 etiam
456 2257 499 2315 uti
517 2256 602 2315 Sedis
616 2260 719 2328 Apost.
734 2255 890 2330 delegatis,
906 2255 1115 2329 appellatione,
1132 2257 1178 2314 vel
1193 2257 1373 2316 inhibitione
1472 2334 1475 2344 Ι

194 2360 385 2420 quacumque
399 2344 578 2420 postposite.

229 2435 441 2494 thebeorum
465 2433 593 2494 decretis
617 2441 676 2492 tarn
701 2435 732 2492 in
748 2433 916 2493 visitatione
932 2448 1023 2506 quam
1048 2438 1141 2505 extra,
1160 2435 1241 2494 circa
1258 2437 1373 2496 cultum

194 2526 328 2584 divinum
357 2523 596 2585 conservandum
627 2524 671 2583 vel
704 2523 892 2597 augendum3
923 2528 952 2582 et
985 2524 1135 2598 praecipue
1162 2525 1243 2584 circa
1270 2528 1373 2586 misse

195 2615 436 2674 celebrationem.

231 2707 276 2764 ltt.
299 2709 322 2764 h
342 2705 471 2764 decretis
496 2705 674 2780 cogentibus
696 2705 821 2764 clericos
844 2710 904 2764 tam
919 2704 1079 2764 seculares
1093 2720 1183 2778 quam
1207 2706 1372 2781 regulares,

195 2797 283 2855 etiarn
297 2795 473 2867 monachos,
494 2799 523 2854 et
537 2801 702 2868 exemptos,
725 2796 761 2854 ad
778 2795 989 2868 processiones
1010 2795 1165 2868 publicas3
1192 2803 1309 2856 servata
1330 2803 1372 2856 ta-

196 2899 264 2946 men
287 2887 382 2945 torma
412 2886 534 2946 constit.
558 2885 600 2942 Pii
622 2885 728 2944 VEtsi
752 2884 999 2956 mendicantium,
1014 2890 1044 2943 et
1067 2885 1146 2944 circa
1160 2886 1374 2959 precedentias

195 2977 226 3035 in
241 2976 356 3036 eisdem
376 2973 565 3034 interdictos
580 2975 714 3044 clericos,
730 2975 777 3034 vel
802 2975 1000 3034 associatione
1022 2973 1211 3045 cadaverum,
1227 2975 1375 3035 delatione

195 3065 413 3134 unianimem.
438 3081 473 3124 ac
496 3079 588 3138 super
610 3064 800 3124 observantia
815 3080 1023 3135 censurarum,
1041 3067 1130 3124 etiarn
1145 3067 1374 3140 episcopalium,

195 3162 224 3214 et
243 3157 388 3216 festorum
403 3156 591 3215 dioecesium.

230 3250 276 3306 tv.
291 3251 314 3304 Α
329 3247 457 3306 decretis
471 3245 551 3304 circa
564 3261 668 3304 curam
682 3247 850 3304 animarum
866 3251 895 3304 et
909 3251 1166 3305 sacramentorum
1182 3247 1375 3307 administra-

195 3337 451 3410 commatisque
467 3333 648 3410 parochialia
662 3350 798 3405 munera,
814 3335 903 3394 etiam
919 3335 1017 3409 quoad
1028 3342 1194 3410 exemptos,
1206 3344 1266 3396 tarn
1281 3353 1376 3399 saecu·

197 3429 274 3486 lares
288 3441 380 3500 quam
392 3427 559 3502 regulares.

232 3519 265 3574 V.
282 3519 305 3574 h
327 3515 521 3588 deputatione
533 3515 726 3588 vicariorum,
742 3517 831 3600 etiam
848 3521 1072 3588 perpetuorum,
1086 3531 1155 3574 curn
1170 3515 1377 3592 assignatione

197 3621 337 3682 congruae
361 3605 392 3663 in
426 3603 648 3677 parochialibus
673 3611 817 3679 perpetuo
844 3606 938 3665 unitis
966 3605 1210 3680 quibuscumque
1239 3609 1376 3666 ecclesiis

197 3701 250 3756 aut
263 3697 338 3756 locis
359 3697 428 3768 piis.

232 3790 278 3847 vt.
294 3787 499 3846 hvisitatione
510 3787 656 3846 dictarum
667 3787 862 3846 ecclesiarum
877 3787 1104 3860 parochialium,
1118 3794 1147 3846 et
1161 3789 1289 3846 aliarum
1303 3803 1376 3862 qua·

198 3893 395 3952 cuneumque
417 3876 641 3952 quomodolibet
654 3884 874 3951 exemptarum
889 3883 919 3935 et
937 3893 954 3936 a
968 3877 1095 3936 decretis
1111 3879 1191 3937 circa
1205 3879 1377 3937 earumdem

199 3969 417 4042 reparationem
433 3973 462 4026 et
476 3983 580 4030 curam
594 3968 774 4026 animarum.

237 4061 293 4118 Vll.
318 4060 341 4116 li
364 4057 492 4116 decretis
517 4058 629 4130 quibus
654 4057 799 4130 episcopi,
822 4058 910 4116 etiam
938 4058 982 4117 uti
1005 4059 1090 4118 Sedis
1114 4061 1218 4132 Apost.
1239 4059 1379 4133 delegati,

200 4154 313 4223 cogunt
336 4153 466 4208 rectores
488 4148 684 4207 ecclesiarum
703 4147 920 4220 parochialium
939 4153 991 4207 aut
1015 4149 1251 4221 baptismalium,
1274 4148 1312 4207 ob
1327 4165 1379 4222 po-

200 4239 263 4312 puli
284 4239 541 4309 numerositatem,
561 4237 618 4296 sibi
634 4241 678 4294 tot
698 4237 870 4296 sacerdotes
889 4239 1063 4313 adjungere,
1084 4245 1158 4312 quot
1172 4239 1326 4298 sufficiant
1343 4241 1379 4298 ad

201 4333 457 4386 sacramentorum
473 4327 778 4396 administrationem
799 4333 851 4385 aut
866 4327 978 4400 quihus
993 4328 1031 4386 ob
1047 4343 1136 4404 grave
1149 4330 1251 4402 populi
1266 4330 1380 4388 incom-

201 4417 323 4475 modum
335 4417 372 4476 ad
386 4417 450 4476 haec
465 4416 666 4490 percipienda,
682 4415 758 4488 ipsis
778 4415 867 4473 etiam
888 4417 1001 4487 invitis,
1020 4431 1113 4475 novas
1130 4419 1288 4490 parochias
1310 4433 1381 4477 con·

200 4507 331 4565 stituunt
346 4519 414 4564 cum
427 4507 632 4580 assignatione
645 4505 842 4578 competentis
856 4505 1016 4578 portionis3
1026 4505 1071 4564 vel
1084 4505 1196 4579 quihus
1208 4507 1328 4564 tandein
1343 4507 1382 4565 ob

201 4601 415 4669 paupertatem,
431 4600 461 4652 et
474 4595 504 4652 iu
520 4595 636 4653 ceteris
650 4593 773 4654 casibus
784 4609 802 4652 a
812 4594 880 4668 jure
895 4595 1066 4668 permissis,
1083 4601 1225 4668 perpetuo
1236 4595 1295 4653 alia
1308 4596 1381 4654 siur-

200 4685 290 4758 plicia
303 4683 447 4744 beneficia
462 4685 580 4744 uniunt.

239 4776 308 4834 llll.
325 4773 549 4846 Adeputatione
563 4773 782 4846 coadjutorum,
798 4776 849 4830 aut
862 4771 1043 4867 vicariorum
1059 4772 1274 4908 ρατοοὴίῗξυω
1289 4773 1381 4832 cccle-

365 4864 397 4908 u.
