3498 5572
572 619 660 666 urnae
681 619 807 664 rnarrus
828 619 1049 664 bnonemuuu.
1343 599 1400 662 437

226 739 321 804 nium
345 755 585 804 consummare
610 756 679 803 non
705 741 876 812 tenentur,
894 755 937 799 ex
952 755 980 801 o.
1000 737 1066 799 711.
1086 740 1107 800 t,
1124 735 1251 801 Tamen
1274 736 1305 798 l⁰
1319 733 1402 799 illud

226 853 361 937 tempus
383 866 454 913 non
477 845 686 922 conceditur,
700 848 801 928 juxte
821 845 991 910 veriorem
1016 845 1233 920 sententiam,
1249 844 1315 909 nisi
1337 843 1404 906 illis

226 955 283 1038 qui
298 957 451 1038 cogitant
462 973 524 1020 seu
541 959 701 1020 asserunt
715 972 752 1018 se
772 953 860 1018 velle
876 953 1009 1036 ingredi
1031 953 1246 1035 religionem,
1266 957 1305 1016 ut
1326 970 1404 1018 oon·

226 1067 294 1129 stat
307 1083 350 1129 ex
362 1065 418 1129 eit.
435 1063 556 1148 eapite.

265 1174 298 1237 θ’
315 1173 402 1238 lllnd
417 1177 553 1258 tempus
567 1175 609 1238 ab
624 1173 763 1238 arbitrio
775 1172 900 1256 judicis
921 1171 1073 1256 protrahi
1093 1175 1222 1254 potest;
1236 1188 1304 1254 quo
1324 1189 1406 1236 oasu

225 1283 372 1347 liberum
387 1282 451 1347 erit
464 1286 543 1364 post
555 1281 717 1346 bimestre
732 1281 775 1346 ad
787 1280 991 1363 religionem
1005 1279 1200 1356 convolare,
1215 1297 1295 1344 eum
1308 1280 1406 1344 favor

225 1391 289 1454 iste
313 1408 333 1454 a
354 1387 484 1456 Christo
508 1407 693 1454 conoessus
717 1389 761 1453 sit
785 1389 945 1456 omnibus
974 1388 1032 1472 qni
1057 1387 1212 1454 nondum
1233 1389 1406 1452 matrimo-

226 1499 322 1562 nium
337 1503 631 1563 oonsummarunt.
648 1497 743 1562 Unde
760 1501 1074 1581 quantumcumque
1096 1501 1232 1579 tempus
1251 1495 1406 1580 elapsum

224 1607 278 1683 sit,
294 1605 373 1671 lieet
396 1605 507 1671 adhue
530 1606 674 1671 transire
703 1605 747 1670 ad
777 1605 991 1688 religionem,
1008 1604 1226 1670 matrimonio
1251 1602 1405 1669 nondum

224 1719 474 1780 consummato.

232 1861 236 1868 ·
264 1824 298 1887 3ο
311 1823 475 1888 Bimestre
491 1825 602 1906 ajuro
616 1823 829 1905 assignatum
848 1842 985 1888 eurrere
1000 1823 1127 1907 incipit,
1142 1825 1242 1906 juxta
1261 1819 1404 1904 aliquos,

225 1951 246 1996 a
268 1931 322 1996 die
345 1933 509 1997 oontreoti
528 1931 753 2007 matrimonii;
767 1934 868 2014 juxta
889 1931 985 2008 alios,
1000 1911 1023 1996 a
1041 1930 1095 1995 die
1114 1929 1321 2014 praeilxionis
1342 1933 1407 1991 ter-

225 2041 310 2104 mini
324 2041 423 2104 laetae
438 2059 459 2105 a
468 2040 600 2124 judiee;
618 2045 653 2104 et
672 2041 745 2105 haeo
767 2041 937 2105 sententia
955 2041 1066 2123 magis
1083 2039 1269 2122 respondet
1290 2036 1406 2101 sensui

223 2169 252 2212 e.
269 2151 298 2226 7,
313 2149 350 2213 in
366 2167 433 2234 quo
449 2148 540 2233 Papa
556 2148 697 2214 mandat
716 2149 875 2232 episeopo
894 2154 934 2213 nt
948 2150 1134 2214 terminum
1149 2148 1297 2213 duorum
1310 2164 1407 2210 men-

223 2257 317 2321 sium
331 2257 484 2338 assignet
494 2257 594 2322 uxori
609 2275 684 2340 quae
696 2259 769 2340 jam
785 2256 970 2322 diverterat
981 2275 1002 2321 a
1012 2257 1087 2321 viro
1102 2274 1176 2322 suo.

263 2365 296 2429 d·
311 2365 443 2449 Sponsa
463 2384 540 2449 quae
562 2366 709 2430 asseruit
730 2383 766 2428 se
782 2355 869 2429 velle
891 2363 1078 2428 deliberare
1095 2363 1137 2428 de
1151 2365 1310 2446 ingressu
1329 2361 1407 2428 reli-

226 2473 349 2554 gionis,
367 2473 395 2537 si
409 2473 514 2538 luerit
526 2461 588 2557 per
601 2473 683 2550 vim,
695 2473 807 2557 primo
819 2473 984 2548 bimestri,
996 2490 1017 2536 a
1031 2490 1158 2557 sponso
1172 2472 1320 2554 cognita,
1331 2489 1406 2554 pro·

225 2581 371 2646 babilins
389 2587 503 2666 potest
523 2583 627 2648 etiam
642 2581 775 2664 ingredi
789 2581 1002 2663 religionem.
1019 2581 1116 2646 Ratio
1132 2586 1194 2658 est,
1212 2579 1292 2665 quia
1306 2597 1406 2663 spon-

227 2709 285 2756 sus
299 2691 346 2755 illi
363 2707 505 2786 gravem
518 2689 600 2754 feeit
612 2690 785 2772 injuriam,
803 2707 846 2754 ex
861 2707 929 2774 qna
947 2689 1168 2754 commodum
1189 2688 1316 2754 sentire
1337 2706 1405 2752 non

227 2800 343 2877 debet;
358 2816 461 2884 porro
473 2799 694 2866 commodum
706 2801 859 2875 sentiret,
874 2799 902 2864 si
912 2802 970 2883 jus
984 2817 1117 2884 sponsae
1133 2799 1330 2885 eripuisset:
1341 2799 1406 2864 hoe

106 2913 109 2921 “
225 2927 307 2974 oesu
321 2909 580 2974 matrimonium
595 2907 651 2973 vel
664 2909 800 2992 proprie
815 2925 886 2973 non
904 2912 1210 2983 consummaretur,
1228 2912 1267 2970 ut
1284 2905 1406 2972 volunt

226 3017 341 3102 aliqui,
350 3016 407 3082 vel
420 3018 546 3093 verius,
557 3018 637 3102 quia
649 3016 773 3082 modus
787 3015 960 3081 violentus
972 3016 1278 3082 consummationis
1293 3017 1405 3082 exolu-

225 3126 326 3191 ditur.
343 3125 481 3202 Tamen,
498 3143 577 3191 oum
602 3144 645 3189 ex
671 3125 730 3190 tali
752 3126 910 3207 ingressu
922 3144 1049 3208 magna
1067 3125 1270 3210 plerumque
1284 3145 1404 3211 seque-

225 3239 346 3299 rentur
369 3232 653 3308 incommodant
675 3231 839 3298 desolatio
862 3233 986 3308 mariti,
1006 3234 1064 3317 qui
1086 3233 1160 3297 sine
1185 3251 1245 3317 spe
1263 3233 1404 3299 alterins

226 3343 383 3426 eonjugis
412 3341 552 3407 deberet
572 3359 713 3405 manere
729 3341 765 3404 in
780 3341 916 3418 saeoulo,
931 3346 1071 3426 praestat
1093 3341 1265 3406 abstinere
1284 3341 1402 3407 abillo

223 3450 393 3532 ingressu.

265 3559 295 3641 d)
312 3557 459 3623 Effectus
481 3557 571 3622 illius
590 3558 753 3622 transitus
768 3557 803 3620 in
818 3557 1021 3640 religionem
1038 3563 1073 3623 et
1084 3561 1307 3642 professionis
1326 3568 1405 3645 post

225 3666 482 3732 matrimonium
501 3671 615 3731 ratum
638 3667 783 3743 emissae,
802 3671 854 3730 est
870 3665 1048 3732 dissolutio
1063 3669 1282 3747 matrimonii,
1300 3670 1405 3736 etiam

227 3775 339 3858 quoad
352 3775 538 3840 vinoulum.
556 3775 623 3841 Sed
644 3775 902 3840 matrimonium
923 3757 996 3840 non⁴
1015 3775 1212 3841 dissolvitur
1232 3779 1297 3842 nisi
1316 3779 1405 3845 taeta

226 3883 372 3948 solemni
385 3883 610 3967 professione,
626 3887 729 3969 prout
747 3885 813 3948 fuit
825 3884 861 3948 in
878 3883 1044 3968 superiori
1067 3885 1165 3950 titulo
1181 3885 1342 3952 delinita:
1358 3889 1406 3956 ite

180 3985 181 3989 ’
227 4009 321 4056 oeno.
339 3991 426 4057 Trid.
441 3993 538 4076 (sess.
555 3993 605 4069 il,
623 4011 651 4057 o.
669 3993 743 4058 tide
758 3993 912 4058 Sacram.
929 3995 1105 4074 matrimi.
1121 3993 1216 4058 Unde
1231 4000 1312 4063 vota
1327 3997 1404 4062 sim·

225 4099 324 4184 plioia
334 4102 427 4166 hune
440 4120 510 4166 non
523 4101 651 4167 habent
665 4101 837 4178 effectum,
854 4107 893 4166 ut
907 4105 1042 4168 constat
1056 4103 1159 4168 etiam
1174 4123 1217 4167 ex
1230 4104 1262 4168 S.
1280 4105 1401 4189 Congr.

226 4227 330 4292 super
344 4215 434 4275 statu
448 4210 609 4294 regular„
627 4213 666 4276 95
678 4214 750 4294 jan.
767 4212 857 4275 l86l.
876 4211 993 4296 ltaque
1005 4212 1058 4275 vis
1074 4212 1281 4279 dissolvendi
1292 4217 1407 4280 matri-

226 4317 382 4382 monium
398 4318 511 4401 potius
527 4319 735 4384 solemnitati
750 4319 821 4384 voti
838 4337 941 4403 quam
955 4320 1020 4401 ipsi
1034 4325 1116 4384 voto
1131 4319 1297 4403 alligatur.

266 4427 359 4490 Tune
382 4428 510 4510 eonjux
534 4425 671 4490 relietus
699 4427 733 4489 in
760 4427 884 4491 saeoulo
911 4407 1016 4492 libere
1044 4428 1187 4492 transire
1213 4431 1338 4512 poterit
1363 4433 1405 4496 ad

227 4535 294 4599 elia
311 4540 407 4610 vota,
429 4539 468 4601 ut
486 4539 621 4601 oonstat
644 4555 687 4601 ex
711 4553 738 4600 o.
765 4537 794 4612 d,
820 4535 859 4600 ld
879 4535 982 4620 hujus
1005 4537 1054 4599 tit.
1079 4541 1113 4601 et
1136 4555 1177 4600 ex
1199 4556 1292 4603 eone.
1316 4538 1404 4604 Trid.

228 4643 309 4713 (loco
324 4643 403 4725 citi.
