3488 5564
548 594 635 646 tinuit
656 593 808 642 stacteus
829 593 1052 643 DECRETAHUH.

700 811 835 876 seculo
857 813 909 876 lll.

582 973 630 1026 lto
650 975 794 1028 materis
814 974 1025 1039 indictorum.

253 1147 405 1224 Materia,
429 1165 492 1214 seu
516 1149 689 1232 objectum
706 1149 836 1234 judicii,
861 1157 942 1216 sunt
957 1152 1117 1237 quaelibet
1138 1171 1262 1232 causa,
1287 1111 1391 1222 modo

214 1273 361 1340 quaeque
376 1274 491 1323 coram
507 1275 570 1324 suo
582 1258 697 1341 judice
721 1257 937 1346 disceptetur,
960 1279 1021 1326 seu
1039 1266 1239 1346 apotestate
1258 1281 1392 1348 compo-

214 1370 310 1430 tente
331 1366 514 1449 iudicetur.
542 1367 636 1433 Unde
660 1369 837 1453 inprimis
862 1370 968 1454 queri
990 1375 1107 1454 posset
1131 1372 1323 1453 generatim
1348 1391 1392 1437 an

213 1472 363 1542 Ecclesia
371 1474 535 1540 divinitus
543 1477 1097 1562 habeatpotestatemjudioiariam
1105 1479 1223 1545 infcro
1234 1484 1394 1546 externo?

216 1581 284 1648 Sed
293 1584 419 1649 veritas
429 1601 491 1649 seu
500 1586 865 1670 existentiapotestatis
870 1586 1058 1670 judiciariae
1069 1587 1105 1651 in
1118 1587 1236 1653 ordine
1249 1593 1390 1655 externo

216 1694 253 1754 et
265 1691 389 1757 iisibili
402 1695 598 1778 probatura
614 1695 792 1778 theologis,
808 1697 929 1762 etideo
946 1697 988 1762 de
1003 1695 1076 1762 sola
1091 1697 1290 1762 extensione
1302 1695 1392 1762 illius

214 1802 395 1882 potestatis
409 1804 531 1884 agitur.
553 1803 630 1869 llaec
643 1807 795 1888 potestas
809 1805 910 1870 hodie
924 1804 1141 1872 conculcatur
1154 1823 1172 1870 a
1185 1805 1392 1889 principibus

217 1908 446 1988 sacularibus,
465 1916 499 1976 et
511 1914 551 1978 tlt
563 1913 706 1980 materia
716 1915 827 1996 magis
841 1915 948 1980 ardua
961 1915 1254 1981 concordatorum.
1269 1913 1364 1980 Unde

258 2017 443 2102 Spectatr'm
466 2024 725 2107 queriturque
756 2025 800 2088 stt
822 2025 969 2090 materia
997 2023 1123 2106 judicit
1156 2023 1394 2088 ecclesiastici?

217 2127 318 2209 llesp.
336 2127 455 2194 Causa
472 2129 761 2216 sontmultiplicis
775 2133 912 2220 generis
928 2153 935 2194 ε
953 2132 1036 2204 ,aliae
1051 2150 1144 2196 mere
1159 2130 1393 2197 ecclesiasticae

219 2251 281 2300 seu
295 2236 495 2319 spirituales,
524 2239 599 2304 aliae
622 2258 717 2306 mere
733 2241 884 2324 proianae
909 2259 971 2306 seu
986 2238 1202 2324 temporales,
1218 2239 1293 2305 aliae
1314 2243 1395 2304 sunt

218 2342 346 2420 mixtae,
363 2348 426 2411 etc.
444 2345 525 2414 lude

561 2540 581 2590 1.
596 2541 634 2592 De
649 2538 742 2592 causis
753 2549 833 2592 mere
847 2535 1054 2594 ecclesiasticis.
1106 2585 1109 2594 ,

260 2675 292 2756 α’)
304 2673 390 2740 Sunt
403 2693 452 2740 ese
462 2693 537 2760 qnae
547 2694 661 2742 exsuo
672 2679 806 2761 objecto
816 2693 920 2743 sacrae
931 2681 1021 2754 sunt,
1039 2693 1100 2742 seu
1114 2680 1296 2743 versantur
1307 2676 1396 2742 circa

203 2800 293 2848 rem
307 2801 438 2849 sacram
453 2788 488 2848 et
502 2785 721 2869 spiritualem.
738 2785 778 2849 Et
790 2787 981 2850 indubitata
996 2786 1167 2852 sententia
1176 2785 1395 2869 apudomnes

219 2893 377 2978 estquod
391 2893 457 2959 illae
469 2911 581 2960 causae
597 2897 779 2961 uectandae
790 2900 995 2961 suntcoram
1006 2895 1079 2960 solo
1091 2895 1206 2978 judice
1223 2894 1396 2960 ecclesias-

220 2999 297 3079 tico,
322 3001 416 3068 laicis
440 3005 579 3070 omnino
595 3005 752 3084 exclusis,
773 3005 821 3070 ita
835 3011 874 3070 ut
887 3005 962 3071 laici
979 3004 1147 3070 decausis
1163 3003 1395 3087 spiritualibus

215 3111 369 3195 judicare
384 3117 558 3198 nequeant
571 3133 683 3200 neque
693 3103 933 3200 principaliter,
948 3133 1060 3198 neque
1072 3111 1271 3190 incidenter,
1283 3131 1396 3198 neque

220 3224 385 3304 tanquam
407 3221 523 3286 arbitri
542 3223 828 3307 compromissarii
844 3223 928 3306 (cap.
944 3223 965 3286 i
979 3223 1013 3286 l1.
1030 3222 1094 3296 tit.;
1110 3239 1182 3304 cap.
1199 3221 1229 3296 8,
1248 3219 1289 3284 de
1301 3219 1397 3286 Ardi-

221 3328 304 3408 trir).
320 3327 417 3394 Ratio
441 3333 494 3394 est
517 3331 596 3416 quia
616 3331 765 3413 cognitio
787 3329 956 3414 judicialis
971 3347 1088 3394 rerum
1109 3327 1344 3411 spiritualium,
1362 3331 1397 3392 et

223 3433 265 3498 de
283 3434 325 3498 iis
341 3435 528 3520 dispositio,
546 3443 599 3502 est
612 3443 707 3504 actus
729 3439 908 3522 potestatis
928 3435 1112 3520 spiritualis
1133 3453 1208 3518 quae
1229 3434 1395 3501 aGhristo
1478 3423 1485 3436 ’

222 3560 386 3608 concessa
400 3545 570 3622 estPetro,
579 3548 723 3630 ejusque
736 3545 999 3619 successoribus,
1014 3561 1084 3609 non
1094 3561 1176 3608 vero
1190 3543 1397 3628 principibus

224 3655 261 3714 et
278 3650 450 3733 judicibus
468 3651 573 3718 laicis.

266 3757 332 3822 Sed
367 3759 448 3842 quid
485 3761 599 3826 stricte
634 3761 751 3827 veniat
790 3779 852 3844 per
894 3777 950 3825 res
987 3757 1206 3842 spirituales?
1240 3759 1398 3825 Doctrina

224 3866 399 3949 proposita
417 3865 560 3950 intelligi
591 3869 692 3934 debet
712 3887 783 3934 non
809 3869 920 3934 solum
955 3867 997 3932 de
1030 3866 1142 3930 causis
1166 3884 1242 3950 quae
1272 3867 1314 3932 ah
1348 3867 1397 3932 in-

227 3973 372 4039 trinseco
398 3979 479 4040 sunt
501 3974 702 4059 spirituales,
729 3995 762 4040 v.
788 3995 820 4058 g.
842 3976 996 4052 virtutes,
1013 3974 1104 4039 dona
1118 3975 1396 4056 supernaturalia,

225 4086 448 4158 sacramenta,
466 4082 527 4148 sed
548 4083 652 4148 etiam
673 4083 715 4148 de
737 4083 778 4150 iis
805 4101 881 4167 quse
908 4082 1091 4147 intrinsece
1112 4097 1181 4145 non
1206 4083 1287 4144 sunt
1305 4081 1399 4163 spiri-

227 4187 347 4266 tuales,
371 4189 431 4256 sed
453 4191 618 4275 spirituali
642 4194 775 4256 tantum
798 4208 952 4266 annexae,
971 4193 1010 4252 ut
1033 4192 1115 4253 sunt
1138 4204 1250 4252 causae
1270 4188 1398 4254 benefl-

225 4295 339 4372 ciales,
354 4296 547 4377 decimales,
558 4302 616 4383 J'us
629 4303 839 4386 patronatus,
856 4297 1050 4381 sepulture,
1068 4299 1131 4362 etc.
1148 4295 1245 4362 Ratio
1256 4300 1309 4360 est
1320 4297 1400 4381 quia

225 4403 337 4485 magis
361 4403 502 4486 dignum
526 4409 629 4472 trahit
651 4409 695 4473 ad
717 4427 754 4472 se
777 4408 892 4472 minus
908 4405 1061 4487 dignum,
1079 4407 1114 4468 et
1133 4420 1188 4468 res
1203 4401 1399 4488 temporalis

228 4510 352 4576 desinit
364 4530 439 4578 esse
456 4513 541 4590 talis,
559 4515 694 4598 quando
719 4513 883 4599 spirituali
897 4529 1032 4578 annexa
1045 4515 1107 4577 est.

273 4619 305 4700 b)
318 4618 413 4686 Nunc
434 4639 478 4686 ex
493 4621 590 4687 dictis
604 4627 750 4708 quatuor
763 4621 953 4706 praesertim
965 4619 1067 4686 dubia
1081 4618 1278 4687 solvuntur:

270 4723 412 4790 metium
421 4729 585 4813 primum.
612 4730 759 4810 Quaestio
774 4733 849 4796 orta
863 4745 966 4814 super
976 4731 1053 4812 jure
1073 4727 1255 4812 sepultura
1271 4731 1400 4814 spectat
