3504 5566
495 631 582 674 ,LlBER
603 630 751 676 SECUNDUS
772 633 989 676 bucuurautuu.

491 851 508 924 5
526 853 548 908 l.
568 851 609 910 De
627 853 838 910 instrumentis
853 852 991 924 mitten.

418 1039 436 1086 t.
455 1035 525 1097 Quid
544 1035 601 1088 sint
617 1037 646 1088 at
663 1035 804 1099 quomodo
821 1036 921 1088 eouilai
938 1036 1081 1090 uenerati

196 1183 229 1262 a)
247 1181 514 1246 Instrumentum
526 1181 699 1265 publicum
715 1182 798 1247 illud
812 1183 964 1267 estquod
977 1184 1112 1266 publiea
1130 1185 1329 1250 auctoritate

157 1307 218 1352 seu
240 1289 373 1354 notario
389 1289 524 1371 publiea
545 1289 672 1354 laetum
696 1294 797 1372 atque
821 1291 995 1354 firmatum
1016 1296 1078 1354 est.
1105 1289 1331 1372 Distinguitur

156 1396 370 1481 inadaequate
384 1399 426 1461 ab
435 1397 875 1477 instrumentoautlrentiao,
887 1401 1330 1488 quatenusinstrumentum

156 1505 327 1588 privatum
351 1510 463 1587 potest
487 1506 589 1570 etiam
612 1505 748 1587 plenam
766 1507 1005 1587 probationem
1028 1507 1151 1582 lacere,
1168 1524 1229 1570 seu
1253 1524 1329 1570 esse

155 1611 411 1676 authenticum:
427 1613 505 1677 hino
519 1631 621 1677 omne
644 1613 911 1678 instrumentum
929 1612 1102 1697 publicum
1118 1619 1170 1677 est
1184 1615 1329 1679 authen-

156 1719 272 1796 ticum,
290 1719 351 1784 sed
366 1738 435 1784 non
449 1721 522 1784 vieo
537 1739 646 1786 versa.

192 1825 464 1892 Instrumentum
472 1828 645 1911 publicum
656 1819 851 1914 duplarem,
861 1829 1087 1914 protaoollum
1098 1835 1132 1894 et
1140 1836 1331 1914 transump-

155 1939 240 1999 turn.
264 1935 499 2013 Protoeollmn²
526 1937 616 2020 quod
639 1939 742 2003 etiam
758 1939 879 2003 dioilur
892 1939 1140 2014 abbreviatore,
1158 1943 1210 2002 est
1229 1940 1331 2022 sarip-

154 2047 232 2108 tura
263 2044 430 2126 primast
459 2045 573 2108 brevis
599 2046 796 2110 summatim
819 2046 1000 2111 continens
1023 2045 1258 2110 substantialia
1282 2049 1332 2110 rei

152 2155 272 2230 gestae.
288 2150 365 2216 llaeo
377 2152 542 2234 scriptura
552 2153 599 2216 sio
611 2158 732 2218 vocata
744 2153 808 2216 luit
822 2173 866 2216 ex
880 2152 1028 2237 quodam
1043 2153 1141 2233 signo
1156 2153 1191 2216 in
1206 2153 1331 2218 abartae

152 2259 262 2342 capite
278 2257 359 2322 alim
373 2259 544 2342 imposito.
562 2261 824 2345 Transumptum
840 2265 893 2324 est
908 2261 1176 2324 instrumentum
1190 2261 1332 2324 authen·

154 2365 260 2430 tiaum
280 2367 445 2448 originale
466 2368 556 2451 quod
576 2369 800 2433 transumitur
814 2387 857 2432 ex
870 2366 1068 2450 pratanella,
1087 2373 1121 2432 et
1134 2369 1210 2432 lusa
1223 2373 1331 2432 toturn

153 2491 228 2537 rem
244 2478 378 2555 gestum
392 2476 554 2540 eontinet.
575 2475 623 2540 Ex
641 2478 706 2540 hoo
722 2477 898 2540 transcribi
914 2476 1025 2540 solent
1040 2476 1206 2560 exempla,
1225 2474 1330 2557 vulgo

154 2582 272 2666 copies.

193 2690 224 2766 b)
238 2690 347 2754 Manu
361 2693 489 2756 notorii
501 2691 631 2776 publici
647 2693 768 2756 oonssoi
790 2692 916 2756 debent
939 2693 1168 2756 instrumenta
1183 2691 1327 2774 publiea.

155 2797 258 2862 Porro
273 2797 305 2860 1ο
324 2803 480 2880 exparte
504 2799 626 2862 notarii
649 2799 805 2882 quaedam
829 2799 1050 2881 requiruntur
1063 2797 1277 2862 conditiones
1292 2803 1330 2862 ut

154 2905 421 2969 instrumentum
443 2923 504 2988 pro
525 2905 679 2987 legitimo
700 2907 875 2972 habeatur.
900 2905 1096 2989 Requiritur
1120 2923 1202 2986 ergo
1225 2910 1263 2968 ut
1287 2907 1330 2968 sit

155 3012 269 3088 laicus,
287 3031 369 3078 nam
391 3014 503 3078 cleriei
524 3014 747 3096 probibentur
761 3014 827 3078 tale
850 3014 1000 3078 albolum
1021 3030 1179 3078 exeruere
1200 3015 1239 3094 (o.
1254 3014 1274 3076 8
1289 3014 1330 3078 de

156 3118 242 3183 Olor.
265 3121 320 3184 ael
333 3122 489 3203 manee.);
507 3127 544 3185 ut
557 3122 601 3184 sit
620 3121 716 3198 liber,
732 3121 883 3204 legitime
903 3126 1015 3198 natuS,
1029 3121 1247 3203 jurisperitus
1263 3126 1330 3184 eta

154 3225 308 3308 legitima
320 3233 488 3311 potestate
503 3230 718 3293 constitutus.
732 3229 778 3294 De
789 3232 866 3312 jure
876 3228 970 3292 solus
981 3247 1161 3311 supremus
1174 3229 1330 3311 princeps

155 3336 305 3400 notorias
316 3354 431 3400 oreare
439 3342 562 3420 potest,
572 3355 650 3402 oum
660 3337 734 3401 istis
748 3337 1020 3402 communicetur
1030 3334 1172 3400 laaultas
1186 3335 1330 3399 faciendi

155 3441 258 3506 iidem
275 3443 446 3526 publicam
467 3463 639 3528 persuum
659 3446 871 3528 scripturam,
897 3445 958 3506 etsi
977 3444 1043 3508 boe
1056 3447 1226 3526 repugnet
1239 3461 1330 3506 oom-

156 3551 316 3614 munibus
331 3552 581 3618 conditionibus
589 3553 851 3628 testificationis;
866 3556 981 3616 tamen
993 3550 1171 3634 privilegio
1187 3549 1242 3614 vel
1252 3570 1329 3615 eou-

155 3659 336 3724 suetudine
350 3661 423 3725 baeo
436 3667 587 3743 potestas
606 3660 743 3726 creandi
764 3660 913 3725 notarios
931 3663 1125 3740 competere
1139 3657 1242 3722 eliam
1255 3657 1329 3723 aliis

154 3771 283 3848 potest;
300 3786 332 3830 v.
348 3786 382 3848 g.
397 3769 573 3852 episeopis.

194 3873 397 3939 9⁰Notarius
428 3875 582 3959 publioua
608 3875 759 3958 legitime
787 3875 993 3940 constitutus
1020 3877 1134 3956 potest
1161 3875 1329 3939 oonllaere

156 3981 382 4047 instrumenta
394 4001 498 4066 super
511 4002 724 4067 quocumque
739 3983 878 4066 negotio
892 3983 1049 4044 honesto.
1065 3979 1191 4044 Tamen
1205 3981 1330 4045 oousti-

158 4093 249 4152 tutus
263 4108 325 4172 pro
340 4108 409 4154 uno
428 4109 554 4171 genere
574 4091 880 4154 instrumentorum
904 4106 974 4151 non
988 4091 1102 4170 potest
1116 4105 1152 4152 se
1172 4087 1329 4168 ingerere

156 4196 198 4260 ad
211 4198 422 4262 conficienda
436 4199 664 4264 iustrumenta
675 4200 710 4262 in
723 4197 789 4262 alio
800 4215 942 4278 genere3
957 4196 1005 4260 sio
1019 4195 1075 4260 alii
1088 4195 1210 4260 notarii
1225 4195 1331 4278 depu-

159 4309 271 4368 tantur
288 4305 331 4368 ad
353 4307 564 4372 oonsseienda
581 4307 809 4372 instrumenta
830 4323 933 4387 super
951 4303 1034 4369 aotis
1051 4303 1249 4386 judiciariis,
1273 4303 1330 4368 alii

158 4431 259 4496 super
272 4413 510 4490 eontraotibus,
527 4420 590 4479 eto.

196 4521 228 4584 3·
244 4521 399 4587 Olssaium
421 4523 544 4588 notarii
567 4523 788 4589 constrictum
812 4527 864 4586 est
888 4519 1056 4587 territorio
1077 4521 1327 4596 constituentis,

158 4629 220 4692 etsi
235 4629 501 4695 instrumentum
516 4631 550 4694 in
565 4649 634 4695 uno
648 4630 723 4696 looa
731 4631 882 4712 legitime
897 4630 1090 4694 oouleotum
1099 4628 1212 4694 valeat
1226 4629 1330 4693 etiam

159 4735 193 4799 in
206 4735 280 4802 aliis
293 4736 375 4802 loeis
392 4755 453 4803 sau
468 4743 564 4803 extra
578 4737 785 4804 territorium
797 4737 903 4823 ipsius
918 4735 1166 4802 constituentis.
1182 4735 1254 4800 lma
1270 4755 1329 4800 no·
