3498 5572
547 599 633 648 uranu
656 601 784 648 rubrius
806 565 1027 650 nncnurruuu.
1320 592 1381 655 473

238 719 323 784 3⁰·ln
338 719 442 784 Clem.
461 720 492 782 1·
502 709 536 782 li.
553 722 577 781 t.
595 719 757 784 statuitur
767 717 949 802 Beguinas,
968 739 1043 806 quae
1056 721 1380 792 nulliobedieutiam

196 828 408 914 promittunt,
436 844 500 892 nec
532 827 678 912 propriis
704 829 915 905 renuntiant,
945 847 1008 894 nec
1040 830 1190 915 aliquam
1223 832 1380 915 regulam

197 936 420 1020 approbatam
442 935 657 1019 profitentur,
679 954 751 1000 non
776 953 852 1000 esse
878 955 959 1001 vere
981 937 1170 1019 religiosas,
1199 944 1235 1005 et
1257 959 1378 1006 earum

197 1049 305 1110 status
333 1046 396 1108 sub
416 1044 779 1108 excommunicationis
803 1063 906 1127 poena
929 1045 1140 1128 prohibetur.
1164 1047 1316 1114 Tandem
1337 1051 1379 1114 ab
1438 1133 1440 1138 ,

198 1155 321 1222 eodem
343 1153 446 1217 illem.
463 1152 490 1215 V
512 1153 548 1216 in
563 1153 706 1218 concilio
726 1154 860 1230 vienn,
875 1159 910 1218 et
923 1155 1026 1238 paulo
1039 1161 1118 1238 post
1133 1157 1261 1222 aloen.
1279 1159 1377 1234 xxii,

199 1278 395 1328 successore
408 1261 561 1344 praedioti
583 1260 766 1326 Clementis
781 1262 818 1339 V,
836 1262 1020 1328 damnatur
1037 1263 1156 1345 religio
1172 1265 1379 1332 Fratricello-

198 1389 277 1435 rum
287 1389 348 1434 seu
362 1369 518 1434 Fratrum
530 1368 572 1434 de
586 1387 737 1454 paupere
749 1370 830 1446 vita,
848 1371 920 1434 sive
936 1371 1179 1454 Beguinorum,
1193 1373 1251 1456 qui
1262 1392 1298 1438 se
1307 1377 1380 1456 jac-

199 1478 344 1542 tiiabant
356 1476 602 1562 perfectissime
617 1476 733 1540 vivere
744 1479 844 1560 juxta
858 1476 1015 1558 regulam
1029 1478 1061 1542 S.
1078 1477 1256 1556 Francisei,
1278 1475 1380 1564 ati'pue

200 1586 338 1650 tertium
353 1585 509 1649 ordinem
523 1584 681 1668 ejusdem
704 1584 736 1648 S.
760 1585 927 1650 Francisci
941 1587 1149 1652 constituere
1163 1607 1170 1663 ;
1188 1593 1307 1653 contra
1322 1607 1381 1652 eos

200 1695 298 1758 eteis
310 1693 467 1758 faventes
481 1711 584 1778 piena
596 1678 959 1758 excommunicationis
978 1695 1097 1760 fertur.

570 2079 784 2154 TITULUS
811 2077 1009 2154 xxxvll.

345 2257 383 2304 ba
407 2257 546 2302 CAPEbLlS
566 2255 772 2302 monachentur
792 2257 831 2302 Er
852 2255 986 2303 attondit
1007 2257 1238 2305 antrctosonuu.

706 2413 877 2430 ἡ

241 2557 340 2622 Nom..
367 2555 405 2620 ln
432 2556 664 2640 superioribus
685 2554 804 2634 titulis,
828 2561 943 2620 ectum
967 2559 1021 2620 est
1044 2557 1086 2621 de
1109 2556 1324 2638 regularibus
1348 2563 1383 2623 et

201 2669 358 2734 domibus
374 2685 509 2744 eurum;
534 2687 636 2752 porro
656 2667 831 2749 regulares
856 2685 926 2734 non
946 2685 1083 2750 semper
1106 2669 1142 2732 in
1165 2669 1382 2734 monasteriis

200 2777 364 2854 habitant,
382 2777 442 2841 sed
456 2775 595 2860 quidam
611 2775 731 2839 exiliis
747 2793 837 2858 sape
856 2773 1014 2858 capellas,
1036 2777 1213 2859 parochias
1227 2777 1384 2840 obtinent

200 2884 434 2968 dependentes
462 2902 483 2949 a
508 2883 736 2950 monasteriis.
765 2884 873 2965 igitur
901 2884 1020 2948 ordine
1045 2902 1116 2949 non
1141 2885 1332 2966 incongruo
1362 2903 1383 2949 a

201 2993 359 3058 domibus
385 2991 627 3078 principalibus
655 3011 717 3058 seu
746 2994 964 3060 monasteriis
999 2993 1154 3076 pergitur
1185 2989 1228 3058 ad
1262 2992 1382 3058 domos

201 3102 315 3168 minus
333 3102 535 3188 principales
550 3119 611 3167 seu
627 3101 670 3167 ad
685 3101 843 3186 capellas.

639 3295 660 3345 i.
677 3291 748 3354 Quid
764 3292 801 3346 sit
815 3293 940 3358 capella?

243 3433 274 3494 l·
288 3431 419 3495 Nomen
433 3429 582 3514 capelle,
603 3431 704 3512 juxta
730 3430 908 3514 quosdam,
935 3431 1114 3497 deducitur
1133 3433 1273 3496 averbo
1288 3433 1383 3517 cupio

200 3537 388 3622 (populum)
401 3557 408 3612 ;
424 3539 524 3620 juxta
538 3536 634 3611 alios,
646 3535 741 3599 venit
756 3536 930 3620 apellibus
945 3537 1091 3621 caprinis
1107 3539 1231 3622 quibus
1246 3538 1327 3602 oiim
1348 3539 1383 3602 in

200 3645 237 3709 V.
253 3645 341 3710 Test.
361 3643 619 3708 tabernaculum
635 3644 832 3724 tegebatur3
849 3645 987 3709 tandem
1002 3645 1158 3710 nonnulli
1175 3664 1296 3710 vocem
1310 3645 1385 3710 lati-

201 3769 282 3816 nam
298 3751 507 3816 deducunta
526 3768 611 3815 voce
634 3749 756 3833 gellica
773 3750 934 3834 chapelle,
958 3769 1034 3836 quae
1053 3751 1136 3817 olim
1153 3757 1284 3818 tectum
1305 3753 1384 3816 sim-

200 3859 279 3943 plex
302 3859 525 3940 significabat,
552 3875 619 3942 qno
637 3858 786 3922 oratorie
809 3860 1024 3942 campestria,
1048 3859 1212 3926 lateribus
1230 3859 1381 3944 undique

200 3969 406 4050 patentibus,
424 3967 639 4048 tegebantur,
656 3969 696 4030 ut
711 3964 830 4031 altaria
844 3967 1004 4032 omnibus
1019 3974 1234 4052 apparerent.

240 4077 274 4140 2⁰
288 4075 407 4154 Quoad
427 4092 503 4138 rem
517 4075 552 4138 in
567 4091 673 4137 sensu
694 4074 782 4156 juris
797 4075 962 4150 canonici,
989 4075 1120 4158 capella
1140 4075 1310 4158 significat
1328 4078 1383 4142 vel

200 4183 305 4248 altare
320 4184 355 4246 in
368 4182 441 4247 aede
456 4199 553 4246 sacra
567 4185 789 4254 exstructum,
806 4185 866 4246 aut
887 4183 1085 4258 oratorium,
1102 4184 1174 4248 sive
1190 4183 1234 4247 sit
1248 4203 1383 4250 socrum

200 4290 381 4355 aedicnlum
396 4309 417 4354 a
431 4289 558 4372 templo
574 4293 781 4372 separatum,
796 4289 868 4354 sive
881 4290 916 4352 in
930 4289 1005 4374 ipsa
1017 4289 1159 4356 ecclesia
1169 4297 1383 4356 exstructum

200 4405 235 4468 et
249 4399 360 4463 eidem
374 4398 567 4474 adnexum;
591 4395 774 4480 aliquando
797 4397 945 4482 denique
961 4397 1087 4464 indicat
1103 4401 1260 4484 quamvis
1275 4399 1380 4465 eccle-

202 4507 298 4583 siam,
314 4507 416 4572 etiom
428 4505 668 4590 parochialem,
686 4504 873 4572 dummodo
888 4524 958 4571 non
974 4507 1018 4572 sit
1028 4505 1218 4588 collegiata.

202 4657 205 4664 »
241 4615 279 4680 ln
294 4615 428 4680 rubrica
437 4615 615 4698 praesentis
630 4613 729 4690 tituli,
742 4633 804 4697 per
817 4613 982 4699 capellam
992 4615 1210 4699 potissimum
1225 4617 1381 4699 intelligi-

200 4731 257 4792 tur
270 4725 412 4792 ecclesia
429 4730 556 4802 curata,
573 4726 762 4810 praesertim
777 4725 990 4810 parochialis,
1008 4727 1105 4792 unita
1117 4731 1152 4791 et
1165 4729 1381 4811 incorporata
