3488 5568
380 573 442 642 eat
841 597 895 645 rus
915 599 1096 646 1111111111.

380 719 499 797 septos
520 715 700 780 restituere
719 719 904 800 jubentur:
930 719 1064 793 deiude,
1087 720 1115 782 si
1136 724 1319 802 postquam
1339 717 1559 802 abepiscopo

382 827 503 890 moniti
522 829 660 902 luerint,
683 830 772 894 intra
793 831 988 913 quindecim
1006 831 1089 906 dies,
1114 848 1184 894 nou
1209 831 1262 893 bis
1287 828 1408 894 saltem
1437 829 1558 894 1111111-

382 941 506 998 verunt
520 936 632 1013 boras,
647 938 814 1020 jubentur
828 941 1129 1015 excommunicari,
1155 939 1319 1024 suspendi
1337 945 1371 1002 et
1393 939 1561 1003 beneficio

383 1043 519 1124 privari,
548 1065 590 1109 ex
613 1049 809 1134 praescripto
832 1069 927 1114 oono.
950 1051 1020 1114 Lat.
1041 1052 1105 1114 sub
1120 1052 1232 1115 Leone
1253 1046 1561 1131 Χ11111.9>,1Ῑι1(111

382 1153 597 1218 eonttrmarit
610 1155 689 1219 Pius
704 1157 739 1232 V,
757 1165 865 1222 eonst.
882 1157 1113 1244 Exprorimo.

422 1263 469 1325 Ex
483 1264 545 1326 bae
555 1271 663 1328 const.
681 1267 871 1332 benelloiati
884 1287 1016 1344 omnes,
1028 1270 1132 1334 etiam
1143 1269 1292 1352 parochi,
1304 1273 1382 1351 post
1394 1271 1561 1330 semestre

382 1371 579 1436 omittentes
611 1381 720 1438 totum
742 1377 904 1452 oiilcium,
934 1379 1113 1462 privantur
1145 1379 1311 1442 fructibus
1337 1377 1440 1441 totius
1468 1375 1560 1448 diei;

383 1481 588 1545 matutinum
603 1483 800 1550 omittentes
815 1505 894 1551 oum
907 1487 1065 1553 laudibus
1077 1488 1134 1552 rel
1148 1507 1269 1552 omnes
1283 1487 1384 1550 horas
1396 1487 1559 1558 minores,

381 1588 565 1652 medietate
575 1591 749 1656 fruetuum
761 1615 769 1668 ;
781 1613 885 1658 unam
899 1614 942 1658 ex
950 1597 1090 1678 reliquis
1102 1595 1207 1670 boris,
1216 1599 1313 1658 sexta
1322 1598 1418 1677 parte
1427 1609 1562 1656 eorum-

382 1694 460 1758 dem
476 1698 660 1771 fruetuum,
683 1703 740 1784 qui
763 1705 897 1784 erogari
918 1704 1094 1768 debentia
1109 1705 1253 1767 fabricas
1267 1705 1420 1784 ipsorum
1434 1701 1562 1763 beneti-

380 1804 511 1866 ciorum
525 1805 580 1868 vel
593 1827 783 1891 pauperum
799 1811 1047 1894 eleemosynas.
1070 1813 1119 1875 Ex
1139 1811 1276 1875 decreto
1292 1810 1324 1872 S.
1347 1809 1468 1889 Congr.
1491 1809 1558 1872 itit.

380 1909 400 1972 1
415 1919 501 1994 sept.
519 1913 607 1989 1111,
623 1918 778 1982 canonici
794 1937 862 1982 non
879 1925 1040 1984 tenentur
1065 1925 1162 1983 extra
1182 1919 1324 1982 chorum
1346 1916 1387 1980 ad
1408 1915 1562 1999 psalmos

380 2018 572 2098 graduales,
589 2024 852 2104 paenitentiales,
867 2027 1018 2090 officium
1033 2027 1284 2100 detunctorum,
1297 2041 1376 2088 oum
1385 2021 1562 2086 recitanda

381 2127 449 2189 sint
462 2129 498 2190 111
510 2127 625 2206 choro,
642 2133 700 2194 ubi
715 2138 769 2196 est
781 2135 1006 2200 consuetudo.

808 2512 994 2586 TITULUS
1022 2515 1127 2588 XLll.

660 2689 701 2730 tta
728 2690 904 2734 BAPTISMO
930 2691 1085 2742 Ett'soua
1112 2691 1280 2735 EFFECTl'.

888 2853 1052 2867 *ι

422 2989 516 3052 Nom.
533 2991 615 3056 Tota
630 2995 772 3058 matoria
792 2997 895 3078 hujus
918 2997 1004 3060 tituli
1027 2999 1172 3062 traditur
1198 2997 1233 3060 in
1263 2994 1443 3076 theologia,
1473 3010 1561 3074 pree-

382 3097 499 3159 sertim
515 3097 635 3162 morali
648 3120 655 3175 ;
670 3101 796 3184 itaque,
811 3103 938 3166 relictis
952 3103 1018 3168 illis
1028 3105 1070 3167 de
1086 3106 1209 3188 quibus
1222 3105 1347 3168 directe
1365 3106 1471 3181 agunt
1482 3097 1558 3175 Π,

382 3204 507 3288 aliquid
524 3213 657 3272 tantum
672 3218 829 3294 superest
843 3213 1026 3277 dicendum
1037 3214 1078 3278 de
1089 3214 1289 3296 probatione
1298 3211 1455 3294 baptismi
1472 3215 1505 3273 et
1515 3209 1559 3272 de

381 3313 536 3379 ministro
552 3315 734 3381 ordinario.

467 3507 487 3555 1.
505 3507 543 3557 be
558 3505 724 3570 probatione
739 3511 876 3576 requisita
888 3513 923 3564 ut
936 3511 1095 3576 baptismus
1110 3511 1263 3565 censeatur
1276 3510 1329 3562 rite
1343 3509 1471 3561 collatus.

422 3641 453 3701 1ο
468 3639 660 3723 Baptismus
672 3663 742 3708 non
756 3651 870 3729 potest
889 3647 998 3730 repeti
1017 3649 1083 3711 nisi
1106 3649 1142 3710 in
1163 3645 1386 3730 sequentibus
1399 3643 1558 3707 casibus:

381 3745 522 3820 Quando
537 3754 669 3814 eertum
682 3759 735 3815 est
748 3753 784 3816 in
801 3755 904 3836 priori
917 3756 1086 3838 baptismo
1105 3754 1232 3838 aliquid
1252 3751 1431 3816 essentiale
1457 3751 1559 3814 omis-

298 3897 300 3901 s
382 3872 458 3916 sum
473 3856 590 3932 luisse,
621 3863 701 3924 tuno
715 3880 785 3925 non
799 3863 953 3938 iteratur,
971 3863 1032 3927 sed
1043 3863 1085 3926 de
1102 3881 1194 3926 novo
1209 3861 1394 3925 confertur.
1416 3858 1558 3935 Quando

382 3961 523 4025 ‹lulrium
538 3969 591 4028 est
605 3984 648 4030 an
668 3969 799 4050 primus
815 3970 1005 4053 baptismus
1024 3989 1146 4034 revera
1163 3971 1208 4032 sit
1228 3967 1496 4040 administratae,
1520 3973 1560 4028 ut

381 4070 407 4130 si
428 4070 539 4133 intans
561 4072 605 4135 sit
624 4077 800 4157 expositus
825 4079 899 4142 sine
922 4080 1082 4162 baptismi
1104 4079 1241 4154 indicio,
1266 4077 1320 4140 vel
1348 4095 1369 4139 a
1396 4079 1504 4138 matre
1523 4075 1557 4136 in

380 4178 575 4258 captivitate
598 4182 789 4247 infidelium
808 4187 993 4250 constituta
1021 4193 1133 4262 natus,
1162 4192 1225 4250 eto.
1256 4183 1398 4262 Quando
1425 4185 1559 4245 constat

382 4287 519 4368 quidem
535 4291 743 4373 baptismum
758 4301 956 4378 susceptum
971 4315 1059 4373 esse,
1078 4296 1139 4360 sed
1155 4296 1329 4360 dubitatur
1345 4293 1466 4356 aurite
1485 4309 1559 4352 sus-

382 4400 500 4474 ceptus
511 4397 573 4472 sit;
591 4399 681 4481 quia,
691 4420 723 4464 v.
736 4421 783 4483 g„
797 4403 941 4468 collatus
950 4409 1088 4468 esteurn
1101 4403 1245 4468 materia
1254 4406 1314 4465 aut
1323 4402 1433 4464 torma
1443 4397 1556 4472 dubie,

383 4501 438 4564 vel
463 4503 499 4565 in
518 4511 613 4586 parte
628 4527 699 4572 non
713 4512 902 4595 prinoipali‚
918 4512 975 4576 vel
989 4511 1081 4597 quod
1101 4531 1191 4595 aqua
1209 4509 1342 4573 nudum
1358 4525 1427 4571 non
1449 4505 1555 4569 oonti·

383 4607 481 4688 gerit,
498 4612 564 4674 nisi
574 4613 608 4676 in
623 4622 719 4697 parte
733 4619 886 4696 minima,
903 4625 963 4684 aut
976 4621 1056 4704 quia
1075 4619 1132 4703 qui
1144 4617 1241 4681 illum
1252 4615 1405 4688 eontulit,
1425 4631 1466 4676 ΒΧ
1481 4617 1560 4694 POSi

382 4717 471 4779 tacto
493 4721 670 4786 consessus
690 4731 749 4790 aut
774 4727 950 4792 conmotus
977 4727 1042 4791 fuit
1071 4726 1162 4810 quod
1190 4725 1355 4810 plurimos
1381 4719 1558 4800 illegitime
