3510 5574
549 573 634 618 11111111
657 573 782 618 rannus
805 571 1026 618 nuenamuuu.
1316 554 1373 618 131

202 711 277 768 nus,
295 692 355 758 sed
384 691 608 776 dispensator,
627 692 684 776 qui
708 709 778 756 non
801 693 915 774 potest
937 690 1134 774 dispensare
1157 692 1248 756 bona
1272 691 1375 758 eccle-

201 801 328 866 siarum
342 821 403 886 pro
419 801 568 876 arbitrio,
585 801 645 866 sed
661 805 793 866 tantum
808 801 843 865 in
858 819 977 865 aarum
992 799 1183 865 utilitatem.

240 911 319 974 1181
336 911 595 974 verobenellcia
613 911 682 975 sint
699 912 777 992 jure
799 909 945 974 naturali
966 908 1022 974 vel
1044 908 1159 974 divino
1181 910 1377 994 incompati-

201 1019 290 1094 bilia,
308 1022 346 1082 ut
359 1024 441 1083 sunt
454 1019 522 1084 duo
543 1020 769 1103 episcopatus,
787 1023 822 1102 11
843 1019 1005 1082 Summus
1026 1019 1181 1084 Pontifex
1203 1019 1379 1103 dispenset

200 1133 296 1194 motu
311 1130 448 1213 proprio
462 1147 540 1194 oum
555 1134 647 1194 certa
659 1131 810 1206 scientia,
820 1130 1028 1214 dispensatio
1039 1129 1258 1212 praesumitur
1266 1129 1379 1194 valida

200 1236 236 1302 in
255 1238 330 1302 loro
353 1243 511 1314 externo;
529 1257 610 1303 nam
624 1239 713 1304 facta
724 1239 944 1323 praesumitur
958 1256 1002 1302 ex
1012 1241 1107 1322 justa
1119 1255 1233 1314 causa,
1251 1241 1287 1302 et
1307 1256 1380 1304 1111-

197 1347 306 1428 jestas
321 1365 360 1412 ao
374 1349 535 1413 sanctitas
550 1349 674 1412 summi
689 1348 907 1432 pontificatus
921 1351 1046 1430 purgat
1059 1365 1198 1412 omnem
1218 1346 1379 1430 suspicio-

200 1473 280 1520 nem
295 1455 452 1520 invalidae
469 1457 742 1541 dispensationis.
758 1457 888 1522 Deinde
909 1457 1010 1540 Papa,
1027 1456 1137 1542 quiin
1159 1455 1258 1520 terris
1279 1473 1380 1539 supe·

198 1565 327 1628 riorem
341 1565 539 1640 nonhabet,
556 1565 715 1646 redargui
739 1567 868 1650 nequit,
892 1570 927 1632 et
946 1566 1024 1631 ideo
1043 1583 1165 1630 omnes
1189 1568 1264 1648 ejus
1284 1569 1379 1630 actus

199 1671 398 1738 firmitatem
411 1673 538 1738 habent
552 1675 587 1738 in
601 1675 676 1740 loro
692 1678 846 1740 externo.
864 1675 930 1741 Sed
944 1675 1088 1740 ulterius
1103 1674 1267 1758 quaeritur

239 1780 273 1842 3⁰
287 1781 339 1844 dn
361 1781 464 1846 etiam
485 1782 520 1846 in
543 1784 618 1849 loro
640 1784 774 1848 interno
800 1783 875 1849 talis
899 1784 1108 1868 dispensatio
1132 1782 1176 1848 sit
1201 1781 1323 1858 valida,
1340 1800 1380 1848 ao

198 1891 343 1973 proinde
364 1910 408 1956 an
438 1891 645 1977 dispensatio
672 1893 813 1978 papalis,
827 1895 921 1977 justa
943 1894 1120 1959 dellcieute
1142 1911 1254 1970 eausa,
1272 1892 1380 1975 prosit

198 1999 401 2064 beneficiato
416 2001 451 2064 in
464 2001 539 2066 soro
554 2002 770 2067 conscientie
783 2021 899 2069 coram
913 2003 1006 2068 Deo?
1402 1997 1406 2004 ’

237 2105 371 2190 Duplex
386 2111 439 2172 est
450 2110 630 2194 sententia.
642 2110 743 2176 Juxta
749 2111 914 2196 primam,
926 2111 1040 2176 valida
1051 2115 1144 2176 esset
1157 2110 1377 2195 dispensatio,

196 2225 232 2286 et
246 2221 462 2306 dispensatus
476 2221 565 2288 licite
586 2230 704 2307 posset
721 2224 886 2290 benellcia
904 2223 963 2290 illa
983 2224 1086 2288 simul
1106 2224 1265 2299 retinere,
1283 2223 1380 2288 dum-

196 2330 302 2395 modo
315 2351 378 2415 per
392 2351 428 2396 se
446 2332 501 2398 vel
520 2351 583 2418 per
600 2333 685 2398 alios
700 2353 770 2399 ase
786 2334 968 2418 deputatos
988 2333 1046 2399 illa
1065 2333 1129 2398 rite
1151 2331 1376 2397 administret.

197 2439 307 2516 Ratio,
334 2441 413 2524 quia
432 2439 520 2525 Papa
544 2441 740 2526 dispensare
763 2447 878 2526 potest
900 2443 936 2506 in
956 2445 1035 2526 Jure
1057 2440 1217 2518 naturali,
1242 2439 1379 2524 quando

197 2569 270 2616 uon
290 2550 403 2632 agitur
419 2551 461 2616 de
486 2553 628 2635 objectis
649 2553 832 2618 intrinsece
853 2551 952 2618 malis
974 2556 1045 2618 tarn
1067 2549 1256 2648 formaliter
1276 2567 1379 2634 quam

196 2657 428 2724 materialiter.
447 2661 565 2736 Quoad
586 2659 644 2726 illa
664 2681 740 2746 quae
763 2663 805 2728 ab
827 2662 1011 2726 intrinseco
1037 2660 1129 2726 mala
1155 2663 1236 2726 suut
1254 2660 1380 2725 forma-

196 2768 285 2844 liter,
299 2768 359 2833 sed
375 2787 444 2834 non
457 2771 687 2848 materialiter,
701 2773 898 2855 dispensare
910 2776 1039 2855 potest;
1051 2757 1132 2836 nam
1145 2769 1289 2836 materia
1303 2767 1380 2832 sub-

198 2879 277 2944 ducl
292 2883 405 2962 potest
418 2899 439 2945 a
451 2884 633 2963 praeoepto,
650 2880 733 2946 dum
748 2879 875 2946 scilicet
889 2879 965 2946 talis
985 2880 1156 2964 dependet
1169 2897 1190 2944 a
1201 2878 1378 2943 voluntate

196 2987 371 3073 principis,
389 2993 424 3053 et
441 2989 580 3072 ponitur
595 2989 631 3052 in
651 2989 704 3052 bis
723 2987 986 3054 circumstantiis
1004 2987 1040 3052 in
1059 2987 1182 3072 quibus
1201 2989 1259 3070 jus
1281 2989 1378 3050 natu·

197 3098 269 3164 rele
280 3097 322 3162 ad
332 3097 389 3162 illa
399 3113 436 3161 se
447 3115 518 3162 non
528 3097 691 3162 extendit.
702 3096 1126 3182 Aliaratiotdispensando
1138 3100 1172 3161 11
1182 3093 1378 3180 recipiendo

196 3207 298 3290 plura
312 3207 486 3283 beneficia,
502 3205 614 3272 solum
629 3213 788 3290 peccatur
801 3213 920 3274 contra
930 3207 1099 3292 justitiam
1114 3205 1377 3281 distributivam,

198 3317 298 3398 cuius
312 3313 451 3381 violatio
466 3315 509 3381 ad
523 3317 776 3381 restitutionem
790 3335 861 3382 non
874 3315 1013 3400 obligat.

240 3421 400 3490 Secundo
414 3426 595 3502 sententia,
609 3427 834 3504 communior,
851 3431 956 3510 negat
977 3407 1126 3492 ualidam
1150 3444 1226 3491 esse
1247 3425 1283 3489 in
1303 3425 1378 3490 loro

198 3536 335 3600 interno
357 3534 645 3618 dispensationem
668 3535 826 3620 papalem
848 3537 885 3600 in
905 3535 1098 3621 pluralitate
1121 3535 1376 3608 beneficiorum,

199 3647 324 3709 natura
340 3662 403 3708 sua
417 3643 734 3727 incompatibilium,
748 3647 843 3728 justa
858 3644 1037 3714 deficiente
1051 3663 1170 3722 oausa;
1187 3645 1266 3729 quia
1279 3661 1377 3728 papa,
1460 3683 1464 3694 -

201 3754 320 3834 utpote
346 3750 499 3826 interior,
536 3751 609 3815 sine
639 3753 734 3834 justa
754 3769 858 3818 cause
883 3751 1081 3836 dispensare
1105 3751 1225 3836 nequit
1247 3751 1379 3834 injure

200 3857 348 3923 naturali
365 3863 400 3923 et
413 3857 540 3936 divino,
563 3877 642 3924 oum
657 3859 807 3924 Christus
828 3861 859 3924 ei
880 3879 951 3925 non
972 3858 1154 3926 contulerit
1174 3863 1380 3943 potestatem

201 3968 476 4035 irrationabiliter
502 3969 679 4035 relaxandi
710 3971 768 4054 jus
794 3969 964 4048 naturale3
994 3969 1116 4036 deinde
1139 3973 1197 4054 jus
1225 3967 1379 4035 naturale

201 4080 320 4164 nequit
344 4077 489 4144 relaxari
509 4097 571 4144 seu
596 4079 722 4144 mutari
742 4079 808 4143 nisi
831 4099 875 4144 ex
897 4085 993 4165 parte
1018 4079 1179 4156 materiae,
1201 4083 1240 4143 ut
1260 4097 1379 4146 omnes

201 4187 362 4252 latentur.
379 4185 445 4251 Sed
467 4191 563 4252 extra
583 4185 874 4252 circumstantiam
888 4189 991 4272 justae
1012 4205 1135 4264 causae,
1152 4185 1296 4252 materia
1310 4205 1380 4251 non

203 4295 403 4361 subducitur
416 4314 436 4360 a
448 4300 619 4379 praeoepto
630 4295 718 4378 juris
731 4294 906 4373 naturalis,
925 4301 959 4361 et
972 4295 1050 4361 ideo
1064 4297 1123 4380 jus
1137 4295 1221 4360 illud
1237 4293 1380 4360 relaxari

136 4423 141 4434 ·
204 4423 274 4470 non
294 4407 408 4489 potest
425 4403 490 4468 nisi
510 4404 790 4470 concurrentibus
811 4404 1073 4470 circumstantiis
1087 4403 1266 4470 materiam
1280 4403 1381 4470 cobo-

206 4511 430 4578 nestantibus.
445 4511 540 4576 Nunc
552 4495 775 4596 quarendum
788 4517 955 4588 remanet,

247 4620 276 4702 b)
290 4620 455 4701 0111111111
471 4622 539 4685 sint
552 4639 662 4686 ocosse
670 4622 775 4703 justae
790 4621 1031 4706 dispensando
1040 4619 1121 4686 Tres
1131 4624 1222 4696 sunt,
1236 4637 1379 4706 nempe:

209 4729 504 4808 retrocesserunt
527 4729 554 4794 si
576 4727 691 4813 plures
715 4727 828 4795 desint
854 4729 999 4794 ministri
1024 4728 1154 4805 idonei,
1177 4728 1325 4793 maxime
1346 4726 1382 4790 in
