3504 5572
489 605 492 610 Α
540 585 1014 638 1199919111999991191111191.
1306 567 1366 636 313

189 725 280 786 nem,
295 707 368 772 sive
382 725 480 792 aquo
494 709 643 792 primum
656 709 799 774 seudum
813 708 880 774 tale
889 725 1093 774 concessum
1109 711 1171 784 991,
1189 709 1237 772 ita
1250 711 1289 770 ut
1303 723 1363 770 99-

189 813 303 880 991919
329 814 470 893 dicetur,
493 817 585 901 quod
606 817 718 900 primo
741 834 943 884 concessum
966 837 987 885 9
1014 817 1165 901 principe
1192 815 1357 890 99991911,

189 925 323 992 etiamsi
336 925 558 1009 postmodum
572 927 615 990 ab
634 927 777 992 ecelesia
795 927 986 993 laudatoria
1005 927 1041 992 in
1061 925 1167 992 alium
1182 923 1368 990 transferu-

190 1032 315 1114 19111ο
338 1033 490 1116 Denique
511 1034 547 1098 in
565 1033 803 1112 masculinum,
821 1033 913 1119 quod
931 1032 975 1098 ed
993 1031 1364 1107 991999191991199911,

190 1145 225 1204 et
237 1139 273 1204 in
285 1141 502 1223 femininum,
519 1139 611 1226 quod
623 1141 727 1209 etiam
738 1140 774 1206 in
787 1142 934 1208 19911999
949 1139 1081 1207 transit.

285 1351 316 1405 11.
334 1355 387 1406 1199
401 1353 531 1408 Ecclesia
546 1363 610 1420 qua
624 1353 655 1408 ln
669 1351 788 1490 leulduflr
800 1352 862 1490 dutrii
876 1354 1010 1420 possunt,
1023 1355 1053 1408 et
1067 1353 1145 1408 leudi
1160 1351 1277 1410 99119919

679 1447 882 1492 memo

232 1583 264 1668 9)
282 1583 348 1651 Res
366 1603 478 1652 sacras
497 1590 531 1649 et
552 1583 746 1668 spirituales
763 1585 800 1650 in
822 1584 967 1650 19911991
991 1585 1135 1652 concedi
1158 1603 1229 1652 uon
1252 1603 1368 1670 posse,

191 1709 271 1757 cum
285 1710 356 1757 non
369 1694 437 1758 sint
448 1693 484 1756 in
495 1693 701 1760 commercio
715 1693 908 1770 hominum,
925 1713 969 1758 ex
986 1693 1084 1760 dictis
1096 1697 1170 1778 jam
1184 1697 1288 1777 patet,
1304 1693 1371 1759 9191

191 1803 378 1867 accessorio
396 1807 530 1869 tantum
553 1803 602 1866 rei
624 1802 723 1868 911991
737 1801 905 1868 immobili
920 1802 1073 1868 99991911
1085 1802 1277 1868 1919911991
1291 1820 1372 1867 con-

191 1925 296 1974 99999
311 1910 415 1974 99119
431 1910 509 1986 9191,
525 1915 560 1975 91
577 1929 656 1975 9991
671 1911 893 1976 universitate
916 1913 1220 1994 11999999191991
1244 1909 1371 1994 injure

190 2021 391 2100 patronatus
421 2023 532 2084 castro
555 2017 656 2083 alicui
678 2022 737 2084 aut
760 2019 888 2102 praedio
917 2037 1052 2084 9999119
1081 2017 1276 2084 concedunt
1303 2016 1369 2080 Ad.

190 2123 265 2190 Alia
273 2143 355 2190 vero
364 2127 454 2191 bona
464 2124 700 2202 ecclesiastiea,
720 2127 793 2191 sine
809 2125 1082 2193 solemnitatibus
1093 2125 1137 2192 ad
1147 2125 1370 2192 alienandum

190 2231 266 2298 1199
281 2232 361 2299 talia
374 2233 546 2317 requisitis
561 2237 681 2317 ajuro,
698 2234 734 2298 in
748 2233 889 2300 19911991
902 2235 1043 2300 concedi
1062 2253 1134 2301 uon
1154 2252 1267 2318 posse,
1290 2251 1370 2298 cum

192 2339 269 2404 talis
292 2340 479 2406 infeudatio
506 2342 550 2406 sit
569 2339 741 2418 alienatio,
772 2341 935 2408 9111119119
966 2342 1069 2408 etiam
1090 2347 1194 2426 patet,
1219 2341 1285 2407 nisi
1309 2341 1370 2406 flat
1470 2372 1476 2392 ι

192 2446 269 2512 talis
288 2447 475 2514 infeudatio
493 2448 535 2514 de
554 2448 653 2514 bouis
670 2451 744 2532 jam
764 2450 806 2515 ab
825 2451 966 2534 antiquo
986 2450 1155 2516 infeudari
1173 2449 1292 2526 solitis,
1314 2450 1369 2513 hie

193 2559 228 2620 et
241 2573 334 2622 nunc
351 2561 465 2621 tamen
482 2556 527 2634 Ι911
545 2555 723 2623 9991991991
737 2558 895 2635 reversis,
917 2563 1022 2642 prout
1041 2577 1145 2642 supra
1167 2557 1209 2623 de
1231 2555 1372 2640 emphy-

193 2662 282 2727 teusi
296 2663 498 2740 dictumest,
516 2667 550 2730 et
565 2665 775 2749 exsequenti
789 2665 1003 2749 paragrapho
1018 2665 1096 2750 plus
1109 2666 1248 2750 patebit.

233 2769 263 2852 d)
277 2770 430 2836 Feudum
450 2771 687 2855 patrimoniolo
705 2771 867 2837 clericum
883 2771 1141 2857 delinquentem
1160 2777 1279 2838 contra
1300 2771 1372 2836 feu·

193 2877 316 2944 dorum
342 2878 437 2962 leges
465 2888 536 2946 noa
559 2881 674 2946 minus
703 2882 860 2947 emittere
885 2901 990 2967 quam
1016 2882 1153 2960 laicum,
1180 2881 1263 2949 certi
1283 2882 1371 2966 juris

195 2991 257 3064 est,
274 3005 353 3052 oum
366 2987 402 3052 in
412 2987 535 3054 talibus
553 2990 664 3054 iendis
677 2988 820 3056 clericus
838 2992 1028 3056 aestimetur
1042 2996 1081 3056 nt
1093 2991 1220 3068 laicus;
1236 2991 1265 3055 si
1288 3008 1371 3055 vero
1482 3039 1484 3046 .
1522 2981 1525 2996 ’

193 3095 336 3159 feudum
350 3097 395 3160 sit
408 3097 684 3176 ecclesiasticum,
697 3099 789 3184 quod
798 3097 927 3164 elerico
940 3101 1105 3183 competit
1119 3101 1251 3164 ratione
1270 3099 1371 3174 sedis,

195 3207 254 3266 ant
269 3201 443 3284 dignitatis
461 3204 710 3284 ecclesiasticae,
731 3211 766 3270 et
782 3206 872 3290 quod
886 3207 930 3272 ad
945 3225 1112 3284 mensam,
1130 3225 1163 3272 v.
1180 3227 1213 3290 g.
1228 3205 1370 3291 praeleti,

194 3310 352 3393 pertinet,
367 3331 438 3378 uon
450 3313 576 3377 99111111
590 3311 730 3397 quidem
744 3313 899 3379 absolute
914 3315 1058 3379 feudum
1072 3313 1138 3381 1919
1161 3313 1314 3391 99919919,
1332 3313 1375 3380 ob

195 3417 357 3484 delictum
380 3419 531 3503 praelati3
552 3439 584 3486 v.
608 3441 642 3504 g.
663 3422 743 3507 quia
763 3421 925 3487 delictum
944 3440 1101 3506 personas
1124 3441 1195 3488 uon
1216 3421 1318 3487 debet
1339 3421 1376 3485 111

196 3525 347 3592 ecclesiae
365 3528 610 3594 detrimentum
623 3529 827 3606 redundare,
842 3531 943 3614 juxta
962 3549 1033 3613 reg.
1056 3551 1149 3596 11111111
1167 3531 1203 3594 19
1217 3531 1260 3594 6⁰.
1278 3530 1376 3594 Fruc-

196 3637 252 3698 tus
273 3639 389 3702 tamen
406 3635 577 3720 prelatus,
600 3637 658 3720 qui
682 3636 833 3722 deliquit,
858 3655 929 3703 non
945 3637 1099 3721 percipit,
1117 3638 1178 3703 sed
1199 3637 1243 3703 ad
1264 3638 1377 3702 domi-

197 3759 282 3808 uum
296 3742 462 3808 directum
475 3744 632 3820 redeunt,
649 3745 732 3808 dum
747 3744 832 3808 vivit
849 3744 926 3810 talis
940 3743 1122 3828 praelatus3
1139 3749 1277 3811 mortuo
1292 3759 1376 3810 vero

196 3847 265 3927 illo,
295 3851 351 3917 vel
365 3851 531 3936 deposito,
558 3853 601 3918 ad
625 3871 859 3919 successorem
881 3855 916 3918 in
939 3855 1121 3938 praelatura
1144 3857 1374 3930 revertuntur,

197 3963 299 4040 prout
311 3961 457 4026 habetur
470 3961 506 4027 iu
519 3961 577 4026 lib.
595 3961 624 4025 ll
639 3961 844 4040 Feudostcm,
859 3963 910 4026 111.
927 3963 1020 4028 111119
1033 3961 1200 4048 Capitulis
1220 3961 1376 4042 09119911,

195 4067 318 4149 §Item
336 4069 531 4134 siclericus.
552 4069 595 4134 Ut
619 4071 667 4135 sic
691 4071 783 4135 enim
805 4071 996 4154 puniuntur
1014 4076 1250 4156 competenter
1273 4071 1379 4136 delin-

199 4181 354 4261 quentes,
364 4177 526 4244 delictum
536 4183 652 4245 191999
665 4197 822 4263 personas
838 4199 908 4245 non
924 4185 977 4244 est
994 4179 1145 4245 99919919
1160 4181 1376 4246 damnosum.

239 4293 267 4366 c)
284 4285 332 4351 De
349 4286 524 4371 prohibito
546 4295 580 4351 et
598 4285 830 4369 illicitoscudi
852 4287 1069 4352 elimatione.
1092 4287 1141 4352 Ex
1160 4287 1379 4370 generalibus

198 4393 381 4460 feudorum
400 4393 574 4479 principiis
591 4395 769 4478 responsio
789 4394 910 4460 adhoc
935 4395 1117 4480 quaesitum
1130 4395 1265 4461 desumi
1280 4395 1381 4460 debet

199 4503 288 4587 (quae
308 4500 452 4584 intelligi
473 4501 599 4567 debent
622 4509 692 4568 tarn
719 4501 761 4567 de
781 4501 1009 4569 ecclesiastico
1033 4503 1197 4587 quamde
1227 4502 1380 4568 99991911

198 4609 324 4691 leudo),
338 4611 438 4692 juxta
455 4627 531 4693 quae
546 4609 583 4674 in
597 4627 725 4692 genere
739 4609 881 4676 docetur
894 4610 985 4694 quod
1005 4611 1173 4676 vassallus
1188 4629 1259 4676 non
1272 4609 1381 4693 possit

198 4715 309 4782 valide
333 4717 474 4814 feudum
493 4716 653 4794 91199919,
678 4718 751 4782 sive
774 4737 915 4794 novum,
935 4719 1007 4784 sive
1022 4721 1201 4805 antiquum
1219 4719 1302 4782 illud
1324 4718 1378 4792 sit,
