3504 5572
548 587 636 632 niuea
657 587 782 634 rennos
802 585 1025 636 numeremur.
1317 569 1377 632 297

199 703 362 780 venditio,
379 705 441 770 sed
455 707 679 789 permutatim
691 708 837 788 jmtnm,
855 725 936 773 nam
951 701 1076 778 solutio
1090 708 1195 790 hujus
1215 711 1269 773 est
1281 713 1378 783 aetus

195 813 337 894 Justitiae
351 816 618 894 eommuntivae,
635 819 670 882 et
685 817 763 883 ideo
778 833 849 882 non
874 822 928 882 est
947 817 983 881 in
1005 819 1175 901 potestate
1189 815 1378 881 venditoris

199 939 326 1004 augere
340 923 498 1007 pretium,
509 943 574 990 nee
587 931 640 992 est
655 926 820 1011 emptoris
838 927 1041 1002 diminuere,
1055 929 1222 1009 quantum
1237 925 1379 1008 quilibet

199 1029 282 1108 vult,
297 1030 357 1096 sed
371 1034 500 1098 servari
516 1033 619 1100 debet
630 1034 807 1120 aequalitss
821 1035 919 1119 pretii
935 1053 1015 1100 oum
1031 1053 1080 1100 re.

237 1139 270 1202 2·
285 1137 435 1204 Pretium
453 1159 570 1207 rerum
591 1148 644 1207 est
657 1143 795 1227 duplex,
811 1143 921 1224 legale
943 1148 978 1208 et
995 1142 1151 1208 naturale
1168 1162 1175 1206 :
1193 1142 1301 1226 lepale
1316 1161 1377 1208 seu

199 1247 388 1331 [epitimam
401 1249 523 1315 dieitur
538 1252 629 1335 quod
645 1271 665 1317 a
679 1251 757 1334 lege
772 1256 927 1316 taxatum
943 1255 1012 1328 est3
1028 1255 1063 1314 et
1074 1249 1210 1315 statutis
1229 1249 1378 1334 pretium

198 1357 394 1422 taxantibus
415 1363 578 1425 tenentur
592 1361 695 1426 etiem
716 1359 839 1438 cleriei,
867 1360 948 1444 quia
966 1359 1136 1443 ejusmodi
1158 1361 1287 1424 statuta
1307 1377 1378 1424 non

198 1461 327 1528 laedunt
340 1465 594 1532 immunitatem
609 1467 883 1544 ecelesiasticam,
899 1471 933 1532 et
942 1465 1136 1532 necessaria
1149 1470 1231 1530 sunt
1245 1465 1288 1530 ad
1300 1485 1378 1530 eon-

199 1576 369 1636 traetuum
388 1573 620 1658 aequalitatem
640 1581 675 1640 et
692 1576 921 1660 quorumdam
941 1574 1107 1639 damnum
1122 1573 1349 1638 avertendum
1368 1593 1375 1635 :

198 1681 356 1746 naturale
364 1683 635 1767 seuvnlpareeet
645 1685 748 1769 quod,
758 1688 890 1751 attenta
897 1688 1152 1760 rerumnatura,
1160 1682 1375 1758 neoessitate,

199 1788 786 1874 utilitate,aliisqueoiroumstantiis,
798 1811 841 1857 ex
849 1793 1023 1858 communi
1031 1791 1377 1876 privatorumJudioio

199 1900 343 1962 taxatur.
366 1896 463 1964 Prius
486 1901 642 1966 consistit
664 1902 700 1965 in
722 1900 932 1978 indivisibili,
961 1919 1024 1966 neo
1047 1919 1068 1964 a
1089 1899 1231 1984 privatis
1251 1900 1377 1964 mutari

197 2009 318 2087 potest,
340 2011 509 2090 quatenus
527 2008 631 2073 habet
649 2009 867 2074 latitudinem
884 2029 891 2072 :
908 2027 990 2074 nam
1013 2007 1135 2092 triplex
1149 2005 1378 2072 eommuniter

197 2113 403 2195 assignatur,
421 2134 606 2191 summum,
630 2117 794 2194 medium,
819 2117 988 2192 intimum,
1004 2119 1040 2180 et
1061 2113 1238 2199 quodlibet
1258 2133 1302 2178 ex
1321 2114 1375 2178 hie

194 2221 327 2303 justum
355 2228 417 2287 est.
447 2223 655 2310 Supremam
684 2224 807 2290 dieitur
839 2223 923 2289 illud
949 2223 1039 2290 tdtra
1065 2222 1157 2308 quod
1189 2221 1253 2286 viri
1280 2221 1377 2305 probi

196 2347 328 2395 meroes
344 2349 424 2396 suos
438 2349 508 2396 uon
522 2332 697 2408 vendunt;
712 2335 881 2416 infimum,
895 2334 984 2398 inira
994 2330 1086 2416 quod
1097 2333 1270 2412 emptores
1278 2329 1376 2413 probi

197 2457 267 2503 non
283 2445 420 2516 emunt;
436 2440 587 2506 medinm
600 2441 692 2525 quod
707 2442 798 2507 inter
811 2445 996 2524 utrumque
1012 2437 1177 2504 oonsistit.
1193 2438 1294 2502 Fines
1304 2440 1377 2520 jus-

196 2545 278 2612 titiae
291 2547 382 2613 intra
389 2548 605 2614 latitudinem
616 2551 767 2634 supremi
782 2553 817 2614 et
827 2549 937 2614 infimi
952 2547 1053 2632 pretii
1063 2549 1318 2622 mensurantur,
1333 2565 1377 2611 ex

195 2655 371 2720 communi
382 2655 608 2721 aetimatione
623 2657 800 2722 mercium.
813 2655 891 2720 Haeo
900 2655 1045 2720 latitudo
1054 2657 1169 2738 potest
1179 2669 1255 2718 esse
1265 2655 1378 2736 major

196 2763 251 2826 vel
261 2763 383 2840 minor,
393 2767 659 2848 juxtanaturam
670 2767 836 2830 mersium
849 2785 856 2827 :
867 2783 900 2828 v.
911 2783 945 2846 g.
957 2761 1069 2848 quoad
1079 2781 1135 2827 res
1143 2761 1375 2846 pretiosiores,

196 2889 272 2954 quae
298 2871 457 2938 dieantur
480 2891 550 2938 non
568 2874 695 2938 babere
718 2873 879 2957 pretium,
902 2875 941 2936 ιιι
960 2855 1100 2936 vveteres
1123 2869 1274 2954 pieturae,
1299 2867 1375 2932 libri

195 2979 273 3056 rari,
298 2982 411 3064 major
437 2981 629 3046 admittitur
651 2980 796 3046 latitudo
819 2980 910 3046 intra
934 2996 1135 3063 supremum
1158 2982 1193 3042 et
1217 2977 1375 3042 intimum

195 3088 353 3170 pretium.
369 3089 435 3154 Sed
450 3091 613 3173 quaritur
629 3110 636 3152 :

237 3195 268 3278 b)
283 3197 339 3263 An
354 3200 385 3262 si
400 3199 552 3282 pretinm
568 3199 676 3282 lepale
688 3199 733 3262 sit
749 3199 865 3282 majus
878 3199 934 3262 vel
945 3197 1059 3262 minus
1083 3195 1229 3280 sulpuri,
1247 3195 1375 3260 licitum

194 3305 237 3367 sit
254 3306 351 3388 sequi
363 3306 504 3390 vnlnere
520 3307 555 3370 in
568 3307 746 3392 emptione,
760 3307 976 3372 venditione?

234 3412 334 3498 Resp.
348 3415 380 3477 lt
390 3413 424 3478 Si
433 3415 582 3497 pretium
594 3415 759 3499 sitmajus
767 3415 912 3497 vulgari,
923 3413 1079 3480 illicitum
1088 3413 1372 3489 estillovendere,

196 3521 344 3605 quando,
367 3526 406 3586 ut
427 3523 657 3588 communiter
680 3523 735 3600 ιιι,
763 3523 820 3588 lex
842 3523 992 3608 pretium
1014 3527 1136 3588 taxans
1157 3523 1193 3586 in
1220 3523 1375 3586 favorem

196 3634 390 3713 emptorum
403 3630 473 3696 lata
487 3635 540 3695 est
554 3651 561 3694 :
578 3632 706 3696 etenim
719 3632 747 3696 ei
758 3632 918 3697 venditor
930 3649 1001 3696 non
1012 3635 1214 3716 sequeretur
1226 3630 1376 3716 pretium

193 3735 315 3818 legale,
341 3743 421 3804 tuno
440 3738 498 3804 lex
522 3759 597 3825 quae
624 3741 741 3805 lavere
764 3739 912 3804 intendit
941 3740 1163 3824 emptoribus,
1190 3739 1227 3805 in
1255 3756 1375 3804 eorum

196 3843 360 3910 damnum
377 3847 649 3931 detorqueretur.
667 3846 700 3912 Si
714 3847 841 3913 taxatio
857 3851 950 3912 esset
962 3848 999 3911 in
1013 3847 1159 3929 gratiam
1173 3845 1372 3922 venditoris,

196 3955 234 4015 ut
246 3953 285 4016 tit
295 3951 330 4018 in
340 3953 538 4020 venditione
549 3973 728 4032 rensuum,
739 3953 870 4020 lieitum
880 3956 970 4021 foret
980 3955 1118 4038 exigere
1128 3953 1281 4037 vulgare,
1293 3972 1374 4020 nam

195 4059 354 4125 venditor
367 4061 484 4126 levore
500 4062 611 4144 alege
623 4062 756 4129 indulto
772 4063 922 4145 gaudere
934 4067 1058 4147 potest.

235 4167 335 4251 Resp.
351 4169 384 4232 2·
412 4169 446 4233 Si
461 4170 610 4255 pretium
624 4170 734 4252 legale
748 4176 840 4236 esset
851 4172 967 4235 minus
981 4170 1131 4254 vulgari,
1142 4175 1280 4236 tenetur
1292 4189 1375 4234 ven-

195 4275 285 4339 ditor
299 4278 395 4360 sequi
407 4277 529 4360 legale,
545 4297 627 4343 narn
639 4279 926 4363 princeps'potest
939 4284 1055 4344 taxare
1074 4297 1191 4343 rerum
1212 4279 1371 4362 pretium,

196 4387 231 4446 et
241 4401 304 4448 sna
324 4383 400 4465 lege
413 4389 552 4450 taxante
566 4385 718 4468 obligare
734 4387 900 4452 subditos.
916 4387 1044 4452 Tamen
1063 4387 1092 4450 si
1110 4385 1373 4452 circumstantie

194 4489 230 4554 in
244 4491 368 4575 quibus
392 4491 449 4557 lex
471 4491 541 4558 lata
555 4493 631 4570 tuit,
646 4499 873 4570 mutarentur,
889 4495 937 4559 ita
961 4498 1000 4559 ιιι
1019 4493 1167 4578 pretium
1181 4494 1291 4576 legale
1313 4495 1374 4558 flat

194 4599 373 4683 injustum,
382 4605 500 4684 posset
510 4601 639 4684 negligi
647 4604 796 4685 pretium
804 4602 934 4687 legale3
951 4621 1032 4668 nam
1042 4603 1202 4669 voluntas
1211 4603 1372 4690 principis

196 4712 298 4774 estut
311 4709 459 4794 pretium
475 4709 519 4772 sit
529 4711 673 4792 justum.
