3504 5572
838 575 889 622 itte
909 574 1090 622 CAKOMCUU.

681 766 713 818 n.
730 763 920 830 obligationes
934 765 963 817 et
973 765 1041 830 jura
1057 764 1247 818 conductoris.

416 909 449 990 a)
467 909 658 976 conductor
669 931 793 977 rerum.
810 949 850 960 -
864 914 984 990 Quoad
993 913 1249 990 conductorem,
1260 915 1366 978 etiam
1376 914 1554 979 attonden-

375 1015 459 1082 dum
471 1024 525 1084 eet
537 1023 617 1084 ante
629 1021 747 1086 omnia
757 1020 801 1086 ad
815 1019 980 1104 speciales
994 1023 1243 1088 conventiones
1258 1027 1294 1087 et
1306 1021 1460 1088 locorum
1473 1040 1553 1088 con·

375 1125 586 1192 suetudinea.
603 1128 670 1192 Sed
683 1127 725 1192 de
736 1131 815 1210 jure
827 1131 1001 1194 communi
1010 1130 1126 1214 plures
1136 1130 1549 1212 cannabitobligationee.

374 1235 407 1297 t·
419 1233 531 1301 Prima
540 1237 593 1300 661
602 1242 641 1301 61
653 1237 826 1320 integrum
836 1242 986 1324 pretium
996 1239 1145 1304 fldeliter
1155 1237 1427 1312 eclvatlocatori,
1438 1243 1473 1303 et
1483 1239 1553 1322 qui·

375 1341 455 1408 dem
469 1347 623 1428 tempore
638 1363 699 1428 per
710 1352 923 1413 contractum
939 1349 1080 1414 detlnito
1095 1368 1103 1412 :
1116 1365 1159 1412 ex
1172 1365 1271 1412 mora
1283 1345 1443 1430 culpabili
1458 1351 1553 1412 1666-

374 1455 471 1516 retur
483 1451 587 1516 etiem
601 1453 643 1518 ed
658 1473 781 1520 usuras
798 1475 805 1518 :
822 1456 870 1521 ita
879 1459 938 1539 166
952 1457 1049 1522 Rom.

413 1558 447 1624 1·
460 1559 544 1624 Rem
559 1562 764 1627 conductam
776 1563 938 1629 adbibere
952 1564 1072 1648 nequit
1085 1562 1243 1629 adolium
1254 1580 1357 1628 usum
1366 1579 1406 1628 ae
1415 1563 1451 1626 in
1464 1562 1553 1628 leca-

375 1666 468 1732 ticne
491 1675 701 1736 conventum
725 1677 788 1748 661,
819 1673 885 1737 6161
912 1675 1029 1738 torean
1056 1671 1303 1737 rationabiliter
1329 1675 1553 1756 praesumeret

374 1773 561 1842 locatorem
576 1797 646 1846 non
661 1797 738 1846 6666
751 1781 900 1846 invitum
917 1801 925 1844 :
942 1782 989 1846 ita
999 1783 1058 1864 jue
1072 1781 1169 1845 Rom.

413 1884 446 1948 3ο
460 1885 839 1954 Remconductamante
854 1889 990 1954 linitum
1000 1889 1235 1954 conductionis
1245 1893 1381 1973 tempus
1393 1888 1551 1954 deserere

374 1993 494 2076 nequit
510 1995 584 2060 aine
596 1999 691 2080 juata
711 2015 835 2074 cauaa3
851 1998 908 2062 vel
924 1999 953 2062 61
971 1998 1109 2074 deserit,
1127 1999 1403 2081 totumpretium
1418 1997 1551 2062 solvere

375 2099 476 2167 debet
492 2122 500 2166 τ
516 2105 564 2169 ita
574 2107 632 2189 jue
647 2105 743 2171 Rem.
759 2105 886 2172 Tamen
903 2108 932 2170 61
948 2111 1040 2170 esset
1051 2109 1147 2190 justa
1161 2124 1265 2171 causa
1278 2105 1469 2182 deserendi,
1481 2124 1553 2172 non

375 2215 550 2277 teneretur
562 2213 605 2278 ed
618 2215 766 2299 pretium
781 2216 846 2280 nisi
861 2233 923 2299 pro
938 2221 1011 2280 rata
1026 2215 1202 2299 temporis.

413 2321 446 2386 ⁴⁰
461 2322 570 2388 Finito
584 2322 763 2390 locationis
778 2330 949 2408 tempore,
969 2329 1105 2390 tenetur
1118 2343 1193 2390 rem
1206 2324 1364 2390 eamdem
1382 2325 1419 2388 in
1439 2325 1552 2408 speeie

375 2430 555 2496 restituere
574 2435 610 2496 et
631 2437 794 2516 praestare
816 2433 949 2509 dolum,
973 2433 1110 2517 culpam
1126 2433 1232 2499 latam
1255 2437 1290 2497 et
1304 2433 1418 2498 levem
1437 2437 1497 2498 aut
1516 2432 1553 2495 in

375 2539 499 2622 quibua
518 2539 683 2606 damnum
698 2547 877 2608 causatum
900 2547 953 2608 661
970 2543 1133 2609 locatori:
1163 2543 1210 2608 ita
1230 2545 1288 2626 jus
1309 2541 1407 2606 Rem.
1432 2541 1498 2606 Sed
1523 2541 1553 2604 61

374 2664 456 2712 caan
469 2649 609 2715 fortuito
623 2669 679 2714 res
691 2657 809 2733 pereat
823 2657 883 2717 aut
896 2652 1046 2716 deterior
1058 2653 1189 2727 evadat,
1207 2651 1395 2716 conductor
1409 2649 1453 2715 ad
1467 2648 1552 2712 nibil

375 2760 522 2832 tenetur,
537 2761 575 2823 ut
587 2764 860 2825 monentcmnee
874 2761 954 2836 bb,
969 2760 1035 2825 nisi
1049 2761 1218 2844 suaeulpa
1230 2759 1552 2824 levissimacausam

375 2864 762 2946 dederitcasuitortuito,
778 2873 812 2933 61
822 2868 992 2934 locatorid
1002 2865 1552 2952 probarepcssit:itacemmunior

376 2974 556 3038 sententia.
575 2974 641 3039 Sed
655 2977 847 3058 generatim
861 2995 931 3042 666
945 2981 1082 3040 tenetur
1097 2980 1261 3060 praestare
1275 2975 1411 3058 culpam
1421 2971 1552 3038 levissi-

373 3081 1549 3165 mam,quialoeatio-conducticesicontractusingratiamutriusque;
1630 3100 1634 3108 ·

373 3204 471 3252 66666
487 3188 515 3253 ai
531 3207 692 3272 expresse
706 3196 916 3256 conventum
932 3196 1024 3257 66661
1037 3191 1127 3256 inter
1140 3193 1381 3258 contrahentes
1397 3189 1438 3256 de
1453 3185 1551 3272 culpa

372 3292 546 3362 levissima
559 3301 619 3362 aut
635 3298 676 3364 de
690 3317 772 3365 casu
786 3301 938 3366 tortuitc.

412 3403 444 3466 5⁰
460 3403 651 3472 conductor
661 3427 732 3473 non
745 3413 882 3473 tenetur
895 3406 1550 3492 66366666666161661[6666166166-

374 3512 452 3576 tatis
466 3531 505 3578 ac
518 3513 699 3580 tertilitatia
720 3519 870 3598 majores
892 3516 993 3582 solito
1007 3517 1138 3581 tructus
1160 3517 1303 3600 percipit
1318 3534 1362 3580 ex
1383 3513 1552 3580 conducta

373 3637 410 3684 re
421 3621 595 3702 frugifera,
610 3623 697 3688 sicut
707 3629 844 3690 tenetur
853 3624 983 3690 locator
993 3625 1105 3690 eidem
1115 3625 1289 3690 remittere
1304 3624 1509 3698 mercedem,
1522 3623 1551 3686 si

373 3727 416 3792 ob
437 3729 651 3796 sterilitatem
671 3731 843 3800 deiectum
862 3710 899 3798 16
919 3734 1086 3799 fructibus
1108 3734 1246 3817 patitur.
1269 3732 1366 3798 Ratio
1388 3732 1552 3797 discrimi-

373 3837 426 3900 nie
439 3840 500 3914 est,
513 3839 917 3923 quiaincaeusterilitatis
932 3843 1119 3908 conductor
1126 3843 1197 3924 agit
1208 3842 1249 3908 de
1261 3843 1387 3908 damno
1397 3841 1548 3916 vitando,

373 3945 502 4012 locator
528 3965 610 4014 varo
635 3949 671 4014 in
692 3968 774 4015 casu
794 3951 960 4016 ubertatis
986 3955 1105 4032 ageret
1135 3951 1178 4015 16
1198 3950 1293 4015 lucro
1317 3950 1549 4033 acquirendo:

374 4057 596 4139 atquepotiua
611 4059 821 4124 succurritur
836 4060 952 4142 agenti
964 4059 1005 4126 de
1018 4059 1144 4124 damno
1159 4058 1310 4137 vitandc,
1324 4077 1428 4143 quam
1435 4058 1550 4140 agenti

375 4160 416 4228 de
431 4162 527 4229 lucro
539 4165 757 4250 acquirendo.

414 4271 445 4336 6·
459 4271 652 4338 Notandum
668 4278 720 4339 661
735 4275 827 4360 quod
841 4276 1041 4342 conductori
1056 4275 1219 4359 competit
1233 4275 1320 4340 66116
1335 4293 1377 4340 ec
1390 4273 1551 4339 conducto

374 4377 416 4444 61
437 4397 477 4446 66
490 4385 613 4448 666616
634 4383 874 4467 prosequenda
887 4383 932 4450 ad
946 4403 1021 4469 quae
1032 4383 1145 4448 eidem
1156 4382 1327 4464 obligatur
1341 4382 1490 4449 locator:
1505 4384 1552 4448 sic

374 4489 567 4554 communis
578 4491 758 4556 sententia.
775 4491 825 4558 lta
839 4493 943 4558 etiam
953 4495 1032 4576 jura
1047 4495 1081 4556 61
1095 4489 1321 4573 obligationes
1335 4491 1552 4556 conductoris

375 4599 554 4663 transeunt
563 4598 606 4664 ad
618 4601 694 4682 ejus
707 4600 872 4666 baeredes.

416 4705 445 4788 b)
469 4705 660 4774 Conductor
680 4728 871 4796 operarum,
888 4711 976 4777 61661
994 4710 1125 4778 locator
1146 4727 1281 4788 rerum,
1299 4710 1401 4778 debet
1419 4709 1551 4777 solvere
