3440 5568
424 557 484 621 660
864 571 866 578 “
881 579 932 626 777
953 579 1132 626 7777777777.

422 783 480 840 lcm
495 783 710 873 parochialium
725 786 1121 845 munorumtranslationcm
1136 787 1167 844 in
1182 785 1271 846 aliam
1280 786 1438 846 ecclesiam
1450 789 1568 864 77177777,

423 871 620 932 nihilominus
641 873 728 934 dehet
750 873 815 932 fieri
834 873 991 933 translatio
1009 874 1056 932 771
1077 873 1114 934 ad
1130 876 1285 936 matricem
1309 875 1475 950 ecclesiam,
1487 879 1527 936 rel
1541 879 1570 936 ad

423 959 512 1020 aliam
525 963 711 1035 viciniorem,
725 965 812 1038 juxta
827 963 1037 1038 praescriptum
1052 980 1137 1024 cono.
1152 964 1295 1038 trident,
1317 979 1396 1026 sess.
1412 969 1456 1039 rt,
1470 984 1493 1026 o.
1509 971 1532 1036 7,
1544 965 1571 1024 de
1642 969 1643 1020 7

423 1050 552 1122 Reform.
569 1051 653 1126 (Fir,
665 1055 723 1113 1777.
739 1059 769 1112 77
785 1053 905 1124 transt,
921 1055 956 1112 att
970 1053 1042 1112 maii
1059 1056 1137 1125 7787,
1153 1054 1220 1128 777.

459 1144 595 1202 Potestas
624 1142 738 1202 tributa
765 1141 918 1216 episcopis
939 1156 957 1200 a
976 1142 1148 1202 Tridentino
1176 1142 1294 1203 ridetur
1316 1145 1415 1205 solum
1437 1144 1484 1205 uhi
1502 1149 1573 1202 votus
1642 1139 1643 1222 7

423 1231 602 1304 parochialis
615 1231 742 1292 ecelesia
756 1238 825 1306 post
837 1233 955 1292 ruinam
964 1231 1046 1292 retici
1058 1231 1172 1306 nequit,
1185 1233 1223 1292 oh
1238 1234 1370 1308 inopiam
1379 1249 1478 1294 eorum
1492 1232 1572 1308 quiad

424 1319 490 1394 ejus
501 1321 718 1395 reparationem
733 1327 905 1382 tenerentur
920 1323 1037 1396 (Ficta,
1054 1323 1183 1394 1777777,
1196 1327 1230 1380 ht
1246 1323 1321 1382 lehn.
1337 1327 1416 1396 7137,
1429 1325 1446 1398 5
1458 1327 1491 1398 77.
1642 1325 1643 1398 7

459 1411 569 1469 1777777
582 1411 663 1470 hunc
681 1425 797 1481 casum,
813 1425 874 1470 uon
893 1417 993 1485 potest
1004 1411 1167 1486 episcopus
1184 1412 1253 1488 jure
1267 1429 1324 1474 suo
1339 1415 1493 1474 transferre
1504 1427 1574 1488 paro·
1642 1401 1643 1490 7

424 1497 532 1570 chiam,
548 1499 632 1558 seda
649 1503 679 1558 S.
696 1499 840 1560 Pontidcc
855 1499 983 1561 facultas
997 1501 1179 1574 postulanda
1190 1507 1237 1560 est
1251 1502 1347 1576 (lttd,
1362 1503 1380 1578 5
1395 1508 1433 1573 47.
1642 1491 1643 1582 7

459 1593 534 1648 lium
559 1589 659 1665 agitur
682 1590 718 1649 de
745 1589 874 1662 simplici
903 1591 1099 1649 translatione
1117 1591 1231 1664 jurium
1257 1591 1535 1664 parochialiumtam
1551 1590 1574 1646 iu
1642 1583 1643 1668 7

423 1677 579 1754 spirituale
598 1679 732 1740 levamen
751 1681 845 1754 partis
865 1680 978 1752 populi,
1000 1694 1091 1754 quam
1106 1681 1222 1739 ratione
1243 1681 1416 1754 asperitatis
1431 1681 1538 1740 viarum
1554 1686 1577 1734 77
1642 1679 1643 1758 7

423 1769 606 1828 incommodi
621 1783 781 1840 accessor,
800 1770 885 1830 utilis
903 1784 938 1828 ac
955 1769 1126 1830 necessaria
1144 1777 1300 1844 reputatur
1315 1771 1471 1832 translatio
1491 1768 1576 1840 (Fato,
1642 1819 1643 1860 7

426 1858 543 1918 Tradat.
556 1874 637 1932 par,
655 1862 687 1916 ltt
702 1865 792 1919 mart.
808 1860 915 1932 {7825
929 1861 970 1932 t);

1642 463 1643 494 l

1642 509 1643 548 l

459 695 542 764 Quod
557 693 584 753 sl
598 695 782 767 parochialis
796 693 924 756 ecclesia
935 697 967 756 iu
987 703 1066 756 statu
1081 695 1230 757 interdicti
1246 697 1345 770 tuerit,
1361 704 1395 757 ut
1409 699 1567 773 provisione·

1642 821 1643 872 l

1642 883 1643 930 7

1642 933 1643 966 7

460 1951 532 2006 ltem
552 1949 668 2008 ratione
692 1947 834 2008 decentia
857 1955 886 2006 ct
909 1949 1129 2008 commoditatis
1151 1966 1236 2011 novae
1260 1951 1440 2024 parochialis
1464 1948 1577 2010 ecclesia
1642 1909 1643 1968 7

424 2037 534 2112 (iridi.

460 2128 490 2186 Si
513 2129 645 2190 ecclesiae
669 2129 855 2204 parochiales
879 2131 974 2189 nimia
996 2137 1130 2205 egestate
1152 2129 1298 2202 lahorcnt,
1322 2129 1360 2188 ad
1378 2129 1516 2188 matrices
1537 2139 1577 2183 seu

423 2217 586 2280 viciniores
601 2219 744 2280 ecclesias
763 2219 919 2280 transferri
933 2220 1059 2290 dehent;
1077 2221 1183 2278 dirutae
1198 2225 1309 2290 autem,
1331 2234 1393 2278 non
1410 2219 1442 2278 in
1457 2217 1580 2292 prolatos

425 2313 454 2366 et
468 2308 607 2368 sordidos
618 2324 705 2380 usus,
722 2315 821 2369 erecta
835 2325 934 2382 cruce,
946 2316 1019 2369 suut
1028 2309 1234 2368 convertenda
1247 2311 1346 2381 (Corn,
1358 2309 1488 2379 Proust,
1503 2303 1578 2378 77777.
1642 2341 1643 2388 7

425 2397 599 2472 ttttd,5ttt.
1642 2415 1643 2464 7

459 2490 503 2545 lix
517 2489 582 2548 sola
595 2504 706 2566 magna
720 2491 894 2550 dillicultate
908 2490 1036 2560 riarum,
1049 2494 1083 2548 ut
1095 2488 1170 2546 dixit
1182 2488 1265 2547 lllex.
1281 2491 1328 2560 lll,
1341 2487 1387 2546 vel
1401 2488 1441 2547 ob
1456 2496 1581 2560 magnum
1642 2557 1643 2576 7

424 2577 659 2650 incommodum,
675 2585 709 2638 77
720 2580 796 2638 dixit
809 2579 981 2651 concilium,
996 2594 1074 2638 sess.
1090 2582 1136 2649 at,
1148 2593 1214 2652 cap.
1230 2581 1258 2649 l,
1271 2593 1331 2636 non
1347 2577 1449 2638 solum
1463 2575 1582 2636 ecclesia·
1642 2577 1643 2666 7

424 2681 491 2725 rum
520 2667 686 2738 translatio,
710 2669 762 2728 sed
789 2670 878 2728 etiam
900 2668 1048 2742 parochiae
1068 2667 1234 2726 incolarum
1263 2667 1372 2727 divisio
1393 2667 1531 2726 mandata
1549 2667 1584 2719 nst
1642 2671 1643 2736 ξ

425 2755 553 2830 lldt'd.,5
570 2757 626 2830 rt).
1642 2755 1643 2812 l

460 2849 537 2905 Dum
551 2849 699 2919 parochiae
713 2849 819 2909 incolae
833 2863 953 2909 summa
970 2851 1103 2922 egestate
1118 2845 1264 2918 laborant,
1278 2847 1446 2906 remedium
1462 2844 1586 2906 7711717777-
1642 2845 1643 2896 7

425 2937 495 2996 dum
509 2942 554 2995 est
567 2937 772 2996 translationis
786 2938 884 3012 (dicit.
902 2939 993 3007 Cast,
1007 2937 1138 3008 177777,
1156 2939 1189 2992 tr
1197 2936 1261 3010 jan.
1274 2941 1354 3008 7767,
1368 2937 1386 3010 5
1399 2937 1438 3012 37.

461 3026 585 3084 Maxime
609 3027 636 3085 si
651 3027 730 3086 adsit
744 3027 869 3102 longum
884 3026 941 3084 iter
962 3041 979 3084 a
995 3025 1158 3100 parochiali
1171 3025 1300 3084 ecclesia
1320 3031 1349 3084 et
1363 3027 1551 3100 impervium,
1562 3027 1587 3080 77
1642 3029 1643 3042 ’

424 3115 621 3174 difficillimus
636 3121 665 3175 et
678 3115 764 3175 valde
785 3115 994 3174 incommodus
1016 3120 1115 3188 pateat
1128 3115 1165 3173 ad
1189 3115 1270 3174 illam
1284 3130 1446 3189 accessus,
1462 3117 1492 3175 id
1508 3111 1587 3187 pluri·

424 3220 508 3265 mum
523 3205 638 3265 confert
652 3205 689 3264 ad
704 3205 838 3264 ecclesiae
853 3204 1034 3278 parochialis
1049 3203 1277 3263 translationem
1294 3203 1403 3280 (itit).

459 3294 545 3353 Nulla
559 3293 695 3354 habenda
709 3301 757 3354 est
770 3294 846 3354 ratio
859 3295 896 3353 de
919 3293 1115 3353 translatione
1128 3293 1191 3367 jam
1206 3297 1319 3366 secuta,
1334 3293 1428 3356 711117
1441 3301 1588 3354 7777777777
1642 3341 1643 3374 7

424 3383 502 3443 lacto
517 3385 674 3458 processit,
695 3399 755 3444 non
778 3389 878 3443 autem
893 3399 930 3442 77
952 3381 1097 3458 legitimo*
1109 3383 1242 3457 episcopi
1258 3385 1388 3456 decreto,
1407 3385 1493 3459 quod
1508 3385 1591 3442 hatte

424 3487 484 3532 nus
498 3473 622 3533 allatum
645 3479 781 3546 nonest,
803 3479 832 3532 et
846 3487 907 3532 non
931 3473 1087 3546 precessit
1109 3473 1243 3548 legitima
1262 3472 1412 3546 7777717177
1438 3473 1588 3533 incolarum
1642 3483 1643 3558 7

424 3562 527 3621 citatio
541 3563 664 3622 omnino
678 3563 824 3638 requisita
837 3560 937 3637 (leid,
952 3563 969 3636 5
981 3566 1019 3631 t).

461 3651 661 3712 Translationi
683 3651 863 3726 parochialis
878 3651 1013 3710 ccclesiae
1027 3651 1113 3710 locus
1132 3657 1188 3723 est,
1204 3653 1325 3726 quando
1339 3653 1472 3713 ecclesia
1492 3657 1590 3710 restau-

426 3741 485 3800 rari
500 3740 620 3815 nequit;
631 3741 676 3798 vel
692 3741 807 3800 ratione
816 3739 988 3813 asperitatis
997 3740 1053 3799 7177
1066 3745 1095 3799 et
1108 3741 1290 3801 incommodi
1306 3756 1456 3802 accessus
1467 3741 1505 3801 ad
1517 3737 1591 3798 77777
1642 3737 1643 3804 7

426 3829 503 3888 siam
517 3829 727 3902 parochialem,
750 3829 797 3887 vel
818 3828 932 3888 ratione
957 3829 1038 3888 illius
1064 3829 1249 3898 1777777777,
1259 3830 1361 3889 lormae
1384 3831 1490 3905 (civit.
1515 3829 1591 3891 cort-t
1642 3833 1643 3914 7

428 3919 559 3990 Taceat,
576 3923 608 3978 ts
624 3924 711 3978 mart.
728 3921 808 3990 7777,
822 3919 839 3994 5
853 3919 889 3992 s).
1642 3917 1643 3998 Ῐ

462 4009 518 4068 Sed
533 4009 619 4082 prius
633 4009 761 4085 cogendi
784 4013 856 4069 sunt
876 4010 915 4069 ad
932 4009 1013 4069 illam
1033 4011 1230 4083 reparandam
1253 4008 1305 4082 qui
1319 4012 1470 4068 tenentur
1484 4011 1520 4069 dc
1540 4009 1594 4082 7777
1642 3999 1643 4082 7

426 4097 554 4172 (thid.,5
572 4100 610 4172 s).

462 4185 587 4254 Quando
609 4186 689 4245 tituli
707 4192 737 4245 et
751 4187 866 4261 jurium
887 4189 1042 4247 translatio
1062 4204 1099 4246 77
1116 4188 1296 4247 necessitate
1315 4187 1362 4258 lit,
1383 4203 1453 4248 non
1476 4191 1596 4248 eximun-

426 4281 475 4332 tur
489 4273 554 4332 alla
567 4289 584 4333 a
596 4274 696 4335 dehito
710 4276 793 4336 illiali
803 4282 1006 4353 ergamatrem
1018 4277 1187 4350 ecclesiam,
1202 4291 1270 4351 quae
1283 4277 1386 4336 eadem
1404 4294 1530 4353 semper
1542 4275 1595 4336 erit,
1642 4275 1643 4326 1

427 4363 460 4416 77
473 4365 559 4418 antea
574 4359 747 4436 7717707777,
761 4363 890 4438 Transi,
908 4372 941 4426 79
954 4367 1010 4440 jul.
1028 4369 1109 4439 77776,
1121 4367 1138 4441 5
1152 4368 1190 4442 87.
1642 4367 1643 4372 ’

463 4449 515 4507 1777
530 4454 576 4507 777
595 4449 719 4511 ollactus
739 4452 880 4528 legitima
904 4456 1122 4529 translationis,
1151 4464 1185 4517 ut
1204 4458 1306 4518 omnia
1330 4473 1440 4520 secum
1470 4459 1596 4536 portent
1642 4417 1643 4510 7

426 4551 494 4610 quaa
509 4537 578 4596 alibi
590 4539 734 4599 habuerat
746 4541 851 4612 7177777.
1642 4537 1643 4544 ¹
