3504 5572
384 570 445 638 sal
844 587 894 636 rus
915 587 1096 640 arsenicon.

385 709 459 774 sine
471 725 643 775 consensu
662 706 791 773 domini
808 707 936 785 directi,
960 728 1003 774 ne
1018 709 1079 775 llal
1092 713 1309 792 conlemptus
1324 711 1385 773 aut
1403 707 1561 792 praejudi-

383 819 476 883 aium
498 817 639 884 domino
660 817 810 895 direct03
836 835 915 885 eum
937 836 1108 884 consensu
1133 823 1248 883 tamen
1275 817 1404 882 domini
1431 817 1561 894 directi,

384 926 457 992 sive
471 927 593 994 taeiius
609 927 664 992 hio
674 927 728 1003 sit,
741 927 814 991 sive
826 945 1020 1011 expressus,
1034 927 1126 1012 quod
1138 925 1228 992 lieils
1243 931 1278 990 el
1289 925 1400 990 valide
1421 925 1562 990 feudum

383 1033 533 1100 alienare
551 1033 661 1118 possit
674 1032 852 1110 vassallus,
874 1052 1036 1118 expresse
1050 1035 1196 1099 habetur
1210 1034 1252 1096 in
1270 1033 1424 1117 pluribus
1444 1032 1563 1097 leudo-

346 1212 348 1218 ,
383 1160 461 1206 rum
476 1142 636 1226 juribus:
659 1129 842 1227 exquibus
860 1143 964 1208 etism
985 1148 1080 1226 pelet
1104 1143 1196 1226 quod
1211 1141 1380 1207 vassallus
1401 1142 1437 1206 in
1459 1139 1561 1205 leudo

383 1249 475 1336 quod
489 1250 602 1328 habet,
621 1249 768 1318 altarum
782 1249 943 1334 (similam
960 1251 1023 1314 sibi
1047 1251 1160 1335 quoad
1182 1249 1425 1332 conditionem)
1448 1248 1563 1313 subin-

381 1357 521 1424 leudare
535 1357 654 1442 possit,
671 1357 775 1424 eiiam
790 1357 864 1425 sine
878 1375 1050 1424 consensu
1066 1357 1195 1423 domini
1209 1356 1328 1422 directi
1342 1357 1433 1440 (oum
1447 1355 1482 1418 in
1504 1353 1562 1418 lali

381 1484 463 1532 oasu
478 1465 563 1532 nihil
576 1465 725 1551 poliatur
743 1464 903 1530 dominus
926 1464 1085 1540 directus,
1109 1465 1164 1529 aui
1185 1465 1279 1548 prior
1300 1463 1478 1538 vassallus,
1504 1463 1559 1546 qni

380 1573 435 1639 hio
455 1578 490 1639 et
503 1592 596 1640 nune
620 1573 662 1639 de
676 1573 780 1640 leudo
796 1591 860 1640 suo
874 1573 1129 1638 subinleudavit
1143 1572 1260 1650 alium,
1275 1572 1376 1656 plene
1391 1571 1560 1654 obligatus

380 1683 543 1766 maneat),
552 1682 617 1748 nisi
631 1681 769 1748 aliunde
783 1682 1015 1768 prohibeatur.

416 1884 458 1937 lll.
477 1884 518 1938 An
532 1883 637 1946 oleriol,
651 1884 797 1948 monaehi,
812 1884 917 1950 allique
932 1884 1075 1950 regulares
1089 1882 1241 1937 sulaedere
1258 1883 1368 1948 possint
1382 1883 1412 1936 in
1428 1883 1529 1945 leudis,

834 1965 879 2020 vel
894 1978 929 2018 aa
942 1965 1109 2030 anquirere?

423 2111 457 2192 α)
471 2108 606 2176 Cleriels
622 2109 810 2176 universim
823 2109 1094 2192 jussuaoedendi
1109 2110 1145 2174 in
1159 2109 1262 2174 leudo
1278 2115 1382 2191 negat
1395 2111 1454 2192 jus
1471 2127 1563 2174 eom-

384 2234 489 2282 mune
505 2216 651 2294 laudale,
666 2221 706 2282 ul
719 2220 855 2282 constat
873 2235 916 2282 ex
929 2215 951 2279 l.
966 2215 993 2280 ll
1006 2216 1211 2292 Fortunam,
1230 2218 1280 2280 tii.
1296 2237 1370 2292 xxx,
1385 2235 1458 2300 esp.
1471 2217 1559 2280 unic.

383 2323 425 2387 de
447 2323 562 2388 Feudo
579 2325 732 2406 semina,
757 2328 792 2389 et
807 2324 962 2408 pluribus
984 2323 1058 2388 aliis
1082 2323 1264 2389 feudorum
1282 2325 1417 2406 juribus
1440 2331 1562 2406 (neque

384 2432 477 2497 enim
491 2431 550 2516 qui
564 2430 664 2496 miles
677 2429 799 2496 Christi
812 2436 876 2508 est,
894 2431 996 2496 debet
1012 2449 1088 2496 esse
1102 2431 1203 2496 miles
1217 2431 1343 2509 saeauli,
1360 2436 1399 2495 ut
1409 2433 1488 2513 Jurs
1506 2429 1563 2493 illa

383 2539 521 2622 dicuni),
536 2539 602 2603 nisi
623 2557 666 2604 ax
684 2539 796 2624 prima
814 2539 1029 2608 institutione
1048 2539 1191 2604 leudam
1210 2538 1277 2606 lale
1299 2540 1343 2603 sil
1361 2537 1563 2604 ecelesiasti-

382 2663 473 2724 oum,
495 2652 556 2712 aul
573 2649 712 2724 slatulo,
738 2645 794 2711 vel
812 2646 1072 2726 consuetudine,
1093 2649 1303 2712 eontrarium
1327 2647 1562 2714 iniroduelum

383 2755 437 2830 sit,
464 2758 525 2819 aut
543 2754 700 2818 lraneurn
718 2753 762 2816 sit
783 2753 925 2818 feudum
942 2753 1020 2830 tale,
1042 2759 1077 2819 et
1097 2755 1140 2819 ab
1164 2754 1258 2819 omni
1289 2754 1453 2838 obsequio
1479 2771 1562 2837 prus-

383 2845 660 2926 stsndoliberum'
668 2879 677 2938 ;
693 2866 753 2925 aut
767 2860 945 2926 servitium
952 2866 1087 2926 tontum
1097 2859 1277 2944 personale
1286 2862 1424 2944 quidem
1434 2861 1559 2942 exiget,

383 2969 475 3054 quod
491 2972 606 3033 lemen
620 2966 772 3034 soleriae
786 2969 930 3034 honeste
950 2968 1006 3034 vel
1027 2987 1089 3052 per
1109 2970 1333 3034 substitutum
1349 2971 1459 3052 possit
1477 2987 1561 3052 pra·-

383 3076 465 3142 slari
479 3095 487 3153 ;
503 3080 563 3142 aul
573 3075 751 3140 servilium
766 3079 900 3140 mutum
913 3075 1016 3154 reale,
1025 3077 1146 3160 pensio
1161 3095 1193 3142 v.
1210 3095 1244 3158 g.
1258 3077 1465 3160 pecuniaria,
1483 3081 1560 3152 eto,

383 3185 616 3268 prestandum
641 3183 703 3260 sit;
732 3188 793 3248 aut
814 3183 918 3250 laude
941 3183 1022 3250 talia
1043 3185 1112 3250 sint
1134 3184 1368 3262 haerediteria3
1390 3187 1438 3249 ita
1460 3190 1498 3248 ut
1519 3184 1562 3248 ad

383 3311 619 3378 quosoumque
642 3309 868 3371 successores,
883 3293 986 3358 eliam
1007 3294 1153 3360 feminas
1167 3298 1359 3371 extraneas,
1378 3298 1456 3372 eta,
1472 3298 1563 3357 tran·

384 3405 499 3480 seant3
515 3406 575 3468 aut
589 3400 736 3485 denique
749 3401 862 3468 olerioi
882 3401 966 3468 tales
982 3402 1051 3467 sint
1074 3407 1208 3468 tantum
1222 3402 1257 3466 in
1279 3402 1469 3467 minoribus
1484 3419 1563 3466 oon-

383 3511 503 3575 stituli.
902 3495 906 3501 ¹

423 3617 454 3701 b)
468 3617 508 3682 Et
520 3619 593 3684 haeo
615 3619 755 3702 quidem
774 3617 912 3702 dejure
932 3617 1127 3697 feudorum,
1150 3619 1229 3702 quis
1248 3624 1364 3684 lamen
1386 3617 1466 3682 lalia
1484 3619 1563 3700 jura

384 3725 539 3810 speoissoe
552 3725 738 3810 disponunt
752 3724 794 3790 de
811 3725 969 3809 personis
985 3725 1231 3804 ecelesiasticis,
1249 3731 1308 3790 aut
1333 3724 1495 3801 ecelesiis,
1519 3723 1561 3788 oh

384 3833 555 3900 delectum
574 3831 833 3918 jnrisdielionis,
855 3851 931 3917 quae
951 3832 1046 3898 leiois
1075 3839 1270 3917 sempetere
1295 3851 1366 3897 non
1385 3836 1500 3916 polest
1527 3831 1562 3894 in

383 3959 548 4026 personas
562 3946 622 4007 aul
642 3960 698 4006 res
722 3941 978 4020 aeclesiasticas,
999 3943 1079 4008 hine
1098 3961 1119 4008 a
1135 3945 1214 4026 jure
1233 3943 1398 4008 eanonieo
1412 3947 1564 4006 eorreola

384 4057 474 4128 sunt,
490 4057 525 4116 el
544 4051 585 4117 de
601 4052 667 4117 hoe
680 4069 856 4118 sacrorum
869 4071 1042 4120 sanonum
1052 4056 1142 4137 jure,
1164 4053 1347 4119 feudorum
1364 4057 1435 4117 tarn
1456 4068 1564 4117 novo-

384 4176 462 4224 rum
475 4177 578 4242 quem
590 4161 811 4244 antiquorum
824 4178 965 4245 oepaaes
987 4166 1069 4226 sunt
1084 4160 1196 4226 cleriei
1217 4166 1251 4224 et
1271 4159 1422 4242 religiosi
1443 4161 1527 4242 (cap.
1544 4159 1564 4221 6

385 4268 451 4331 etl
467 4267 508 4332 de
522 4267 608 4332 Foro
620 4258 787 4352 compen).
802 4267 852 4334 lla
866 4273 905 4332 ut
922 4269 1170 4334 monasterium
1188 4267 1291 4336 aliam
1305 4267 1342 4332 in
1352 4267 1405 4332 sui
1419 4265 1563 4351 professi

383 4373 525 4440 laudum
546 4374 715 4451 suecedet,
737 4375 766 4439 si
792 4393 899 4460 capax
920 4375 1003 4440 illud
1023 4377 1068 4440 sit
1087 4376 1313 4440 successionis
1339 4376 1565 4440 othonorum

384 4480 567 4560 stabilium,
578 4486 681 4566 prout
693 4499 796 4566 supra
811 4483 852 4548 de
869 4483 1084 4567 emphyteusi
1093 4483 1221 4548 dicium
1236 4480 1564 4564 esl(modofeudum

384 4584 440 4652 vel
453 4587 609 4653 uanoum
625 4589 679 4664 sil,
703 4587 759 4653 val
773 4588 840 4654 talo
862 4607 950 4655 onus
969 4608 1144 4654 annexum
1164 4589 1298 4668 haheat,
1319 4587 1565 4673 quodetisma

383 4697 593 4761 monasterio
618 4698 930 4784 praeslaripotest,
959 4697 1128 4786 ulmodo
1156 4703 1236 4762 anie
1264 4697 1410 4772 dierum,
1442 4699 1477 4760 ei
1501 4713 1565 4762 nee
