3488 5564
352 543 391 608 30
814 559 864 606 urs
886 558 1064 606 erronum.

354 673 1205 758 l⁰LexquaeVete1·is'lestamentilevitaseximebat‚
1215 669 1528 737 ceremonialisluit

354 787 388 844 et
402 787 650 866 consequenter
664 801 725 864 per
738 781 851 864 legem
866 801 992 847 novam
1007 783 1178 862 abrogata.
1193 818 1231 827 —
1245 781 1292 844 Ex
1307 781 1395 844 lacto
1408 779 1528 843 Christi

354 891 507 974 sequitur
533 891 574 956 ad
597 910 770 955 summum
794 891 931 956 Petrum
960 895 1107 977 ejusque⁸
1129 909 1341 954 successores
1363 889 1527 954 aCbristo

354 1004 530 1082 exemptos
544 1001 658 1076 luisse,
676 1019 754 1064 cum
769 1000 810 1064 de
826 999 899 1064 solo
913 999 1011 1064 Petro
1025 1017 1138 1062 sermo
1153 999 1278 1062 ibidem
1294 1001 1369 1072 liat:
1394 997 1484 1081 quod
1500 997 1525 1058 si

354 1108 430 1190 quis
443 1109 548 1172 verba
571 1108 691 1172 Christi
705 1109 748 1172 ad
763 1109 935 1192 apostolos
950 1113 984 1170 et
997 1107 1136 1171 elericos
1155 1101 1346 1186 extendere
1367 1105 1458 1182 velit,
1481 1105 1527 1168 'ad

353 1213 471 1280 fideles
500 1235 620 1281 omnes
648 1221 748 1280 erunt
776 1216 1002 1292 extendenda,
1033 1233 1112 1279 cum
1135 1220 1169 1278 et
1198 1213 1262 1296 ipsi
1285 1215 1353 1276 sint
1383 1213 1442 1276 lilii
1469 1213 1527 1276 liei

353 1323 512 1407 adoptivi.
530 1361 569 1370 -
583 1325 632 1387 Ex
645 1325 775 1390 caeteris
789 1325 1045 1409 probationibus
1061 1323 1297 1388 tantummodo
1308 1322 1426 1386 delluit
1438 1321 1528 1404 quod

350 1435 407 1516 jus
423 1433 575 1497 divinum
590 1438 624 1496 et
639 1433 793 1496 naturale
809 1433 911 1496 dietat
927 1431 1029 1496 talem
1045 1432 1299 1514 exemptionem
1315 1449 1389 1494 esse
1405 1429 1528 1494 lacien-

353 1539 442 1618 dam,
460 1559 530 1604 uon
545 1559 626 1606 vero
643 1541 733 1625 quod
748 1539 840 1605 illam
855 1541 895 1604 de
910 1541 997 1605 lacto
1011 1540 1175 1606 statuerit.

393 1649 425 1710 Ψ
439 1649 650 1730 Argumenta
663 1649 802 1713 alterius
819 1649 996 1713 sententiae
1014 1668 1083 1714 non
1099 1648 1335 1714 demonstrant
1349 1647 1529 1713 efficaciter

354 1757 605 1820 immunitatem
628 1775 703 1822 esse
727 1761 860 1820 tantum
883 1757 924 1820 de
936 1760 1013 1838 jure
1030 1758 1204 1831 canonico,
1223 1775 1328 1839 quum
1344 1761 1392 1820 tot
1403 1757 1482 1836 jura
1496 1761 1528 1818 et

295 1941 297 1951 Ι
354 1864 494 1929 concilia
508 1866 541 1927 iu
552 1865 736 1930 asserendo
746 1869 823 1947 jure
836 1864 950 1928 divino
961 1864 1177 1938 conveniant,
1190 1863 1344 1926 licetnon
1359 1863 1528 1927 declarent

355 1992 422 2054 quo
443 1973 545 2036 modo
567 1975 625 2054 jus
646 1972 800 2037 divinum
825 1979 1003 2035 concurrat
1024 1971 1067 2035 ad
1087 1971 1340 2034 immunitatem
1355 1973 1528 2036 conteren-

355 2065 448 2143 dam.'
470 2117 508 2125 ——
533 2080 751 2144 Probationes
780 2100 822 2142 ex
846 2081 977 2144 rationo
997 2080 1184 2162 desumpta
1200 2080 1312 2162 potius
1327 2080 1530 2143 confirmant
1550 2060 1559 2123 ·’

355 2193 507 2252 nostram
533 2189 728 2271 opinionem
756 2207 763 2250 :
789 2188 926 2263 etenim,
945 2189 972 2250 si
987 2187 1220 2250 immunitates
1242 2193 1357 2250 essent
1379 2187 1414 2251 in
1429 2188 1527 2264 thesi,

354 2297 409 2360 vel
425 2296 613 2362 formaliter
625 2297 712 2378 juris
731 2295 847 2370 divini,
865 2313 934 2359 non
954 2295 1090 2358 videtur
1105 2295 1276 2377 quomodo
1287 2297 1363 2377 jure
1379 2296 1528 2360 humano

355 2411 389 2469 et
403 2405 613 2469 concordatis
628 2405 675 2468 ite
688 2405 810 2468 variari
825 2407 975 2486 possent.

395 2513 491 2578 Proh.
505 2513 545 2594 b).
563 2513 722 2588 Trident,
736 2531 819 2575 sess.
833 2513 885 2587 23,
901 2530 929 2575 c.
945 2513 975 2587 6,
992 2513 1103 2576 innuit
1123 2513 1338 2595 privilegium
1356 2512 1438 2577 illud
1453 2531 1530 2578 con-

357 2623 513 2685 stitutum
520 2621 624 2686 fuisse
636 2621 911 2685 simulccrtouicis
923 2623 1148 2685 sanctionibus
1157 2623 1279 2705 quibus
1294 2623 1415 2704 partim
1426 2623 1530 2686 intro·

357 2729 476 2804 ductae,
501 2731 625 2812 partim
648 2710 839 2812 acceptatae'
853 2735 933 2793 sunt
956 2729 1190 2794 immunitates
1211 2731 1253 2793 ab
1269 2730 1528 2812 imperatoribus

357 2855 542 2913 concessae3
559 2843 593 2901 et
606 2838 669 2901 Dei
683 2837 904 2914 ordinatione,
927 2838 998 2902 sive
1014 2839 1092 2922 quia
1106 2839 1275 2921 exemptio
1293 2839 1365 2902 brec
1379 2838 1467 2902 facta
1479 2842 1530 2901 est

357 2945 398 3009 ad
414 2946 638 3008 imitationem
650 2944 737 3026 legis
752 2945 911 3028 antiquae,
936 2947 1006 3009 sive
1017 2946 1407 3030 quiarectagubernatio
1422 2945 1529 3009 Eccle-

357 3055 415 3116 sim
431 3054 566 3134 exigere
583 3054 716 3118 videtur
731 3059 769 3116 ut
788 3055 910 3131 clerici,
928 3059 1089 3137 tanquam
1105 3061 1218 3136 patres
1234 3059 1268 3118 et
1280 3055 1433 3135 magistri
1448 3053 1529 3118 ode-

355 3159 450 3238 lium,
469 3163 510 3225 ab
526 3162 677 3244 ipsorum
691 3167 859 3245 potestate
875 3163 1085 3240 erimantum
1108 3164 1179 3227 sive
1194 3165 1283 3246 quia,
1299 3165 1378 3226 licet
1388 3164 1456 3246 juri
1472 3181 1529 3226 na-

357 3269 454 3333 turali
470 3289 539 3332 non
555 3271 746 3334 necessario
770 3275 949 3354 competat,
967 3271 1077 3335 eidem
1094 3279 1208 3334 tamen
1224 3272 1371 3336 maxime
1387 3290 1529 3336 consen-

359 3383 496 3440 taneum
513 3383 574 3450 est,
593 3377 731 3441 clericos
747 3380 1051 3462 tanquamreslteo
1067 3381 1202 3454 dicatas,
1217 3399 1286 3444 non
1297 3379 1528 3443 eodemmodo

356 3485 489 3549 tractari
517 3505 555 3550 ac
568 3485 653 3550 laici.
671 3487 784 3570 Neque
800 3486 875 3570 plus
889 3489 1035 3570 probant
1047 3469 1249 3570 argumenta
1263 3489 1439 3570 utriusque
1455 3506 1529 3551 sen·

356 3594 481 3658 lentie.

615 3763 631 3834 §
650 3763 682 3818 lt.
705 3761 761 3831 Qui
779 3761 930 3833 pendeant
948 3760 1000 3828 tito
1018 3760 1079 3833 scri
1095 3760 1274 3835 praecepto?

397 3919 420 3982 l.
439 3919 559 3984 Clerici
576 3940 701 3999 ornrres,
718 3922 905 4005 specialiter
919 3943 986 3985 non
1000 3925 1138 4007 excepti,
1155 3923 1307 4006 pandent
1319 3919 1379 3984 doc
1392 3917 1528 4004 privile-

356 4029 434 4110 θέω·
459 4031 638 4110 nam'jura
663 4029 867 4110 generaliter
891 4049 1055 4113 personas
1078 4031 1320 4096 ecclesiasticas
1340 4029 1529 4092 eximunta

352 4135 586 4218 jurisdictione
601 4136 774 4202 laicorum.
1274 4201 1275 4204 ,

395 4241 511 4328 ltaque
540 4246 572 4326 a)
602 4244 846 4311 enumerantur
873 4247 908 4311 in
935 4247 1045 4330 specie
1071 4248 1128 4332 qui
1154 4247 1218 4312 boc
1241 4243 1419 4330 privilegio
1447 4263 1529 4325 gau-

359 4349 439 4414 dent
459 4371 465 4414 :
1419 4351 1422 4358 ’

396 4459 429 4522 t⁰
443 4459 558 4524 Clerici
574 4463 740 4526 tonsurati
764 4467 798 4525 et
818 4464 1014 4539 minoristan
1043 4464 1144 4529 modo
1163 4465 1311 4530 habeant
1325 4463 1528 4530 beneficium

355 4567 618 4633 ecclesiasticum
630 4591 636 4642 ;
649 4569 704 4632 rel
718 4569 746 4632 si
756 4569 838 4634 illud
856 4589 923 4634 non
937 4571 1074 4646 habent,
1091 4571 1215 4636 debent
1229 4573 1359 4638 deterre
1374 4572 1527 4637 habitum

356 4673 618 4740 ecclesiasticum
644 4695 681 4740 ac
709 4683 882 4742 torrsuram
906 4678 1093 4742 clericalem
1126 4685 1159 4742 et
1182 4679 1280 4744 alicui
1310 4680 1458 4746 ecclesia
1485 4697 1528 4740 ex
