3504 5572
373 566 433 632 359
832 587 884 633 tus
904 585 1086 634 cnaontoutt.

375 701 524 780 ratariae,
535 703 615 788 quia
629 718 699 768 non
712 703 938 788 suntpropria
952 703 1166 780 donationes,
1179 701 1240 767 sed
1253 701 1370 786 potius
1381 705 1554 786 permuta-

375 811 486 876 tiones
508 811 581 878 sive
608 813 905 896 compensatioues
924 813 1144 888 meritorum,
1165 811 1342 876 donatario
1362 810 1484 876 debitae
1508 827 1551 872 ex

373 919 552 984 honestate
569 924 604 983 et
622 919 845 1002 gratitudine;
868 920 900 984 ιι
915 920 1118 986 donationes
1133 919 1177 984 oh
1191 935 1342 994 causam,
1365 916 1474 1002 qualis
1495 922 1548 981 est

373 1025 571 1091 constitutio
586 1026 676 1092 dotis
695 1028 785 1093 iacta
806 1047 827 1093 a
847 1033 959 1111 patre;
982 1028 1014 1090 3·
1037 1027 1239 1093 donationes
1262 1026 1360 1091 factm
1385 1025 1546 1100 ecclesie,

374 1135 583 1200 monasterio
606 1133 662 1200 vel
685 1133 782 1202 alteri
807 1153 919 1202 musae
943 1135 1020 1220 piae,
1045 1136 1126 1220 quia
1147 1139 1333 1200 censentur
1354 1133 1450 1198 laetae
1469 1131 1549 1196 lieo.

715 1351 747 1404 ll.
762 1349 895 1405 secunde
907 1359 995 1404 cause
1007 1348 1208 1404 revocationis.

414 1507 570 1574 Secunda
585 1513 764 1585 causaest,
782 1507 809 1574 si
826 1509 901 1594 quis
914 1508 1040 1573 liberos
1055 1526 1125 1574 non
1136 1507 1280 1585 habens,
1295 1509 1417 1590 postea
1429 1509 1553 1590 praeter

374 1629 470 1700 spem
486 1615 604 1680 liberos
618 1618 779 1702 arctemini
788 1635 801 1695 ;
819 1623 854 1681 et
864 1619 922 1699 jus
936 1615 1021 1680 illud
1039 1615 1223 1681 revocandi
1238 1613 1440 1680 donationes
1458 1631 1550 1678 com-

372 1725 459 1806 petit
474 1725 633 1788 omnibus
648 1730 683 1790 et
699 1725 812 1808 quoad
831 1743 1064 1810 quascumque
1084 1741 1260 1808 personas.
1282 1721 1379 1788 Ratio
1395 1727 1457 1798 est,
1475 1721 1554 1806 quia

373 1832 517 1916 quisque
535 1831 651 1898 liberis
666 1849 786 1898 carens
800 1838 834 1898 et
851 1831 893 1898 de
911 1833 977 1896 illis
997 1831 1082 1896 nihil
1099 1833 1265 1914 cogitans,
1293 1831 1513 1914 praesumitur
1532 1848 1553 1894 n

370 1941 447 2022 iure
461 1937 588 2004 donare
615 1959 694 2005 cum
712 1942 814 2008 tacita
831 1939 1027 2006 conditione
1051 1965 1066 1998 «
1092 1939 1158 2004 nisi
1178 1939 1276 2004 liberi
1301 1943 1551 2004 nascerentur»

372 2048 446 2130 (art.
462 2049 522 2114 965
535 2049 614 2115 God.
631 2049 720 2134 clu).

412 2155 480 2222 Sed
494 2157 651 2242 quaedam
666 2161 746 2224 sunt
759 2158 911 2223 notanda
927 2159 981 2222 :1⁶
1000 2157 1028 2222 εἰ
1042 2157 1181 2223 donatio
1201 2157 1325 2222 fuisset
1345 2156 1489 2232 modica,
1505 2155 1554 2221 ita

374 2269 412 2328 ut
433 2265 589 2342 donator,
605 2267 738 2331 etiamsi
758 2266 799 2331 de
819 2266 936 2332 liberis
949 2267 1146 2348 cogitasset,
1162 2265 1324 2350 praesumi
1337 2270 1455 2348 posset
1475 2281 1553 2328 eam

373 2373 595 2439 nihilominus
608 2377 778 2442 iacturum
792 2376 910 2454 inisse,
931 2375 1117 2442 liberorum
1138 2375 1315 2442 nativitate
1331 2392 1403 2440 non
1415 2391 1554 2439 revoca-

373 2485 478 2546 retur.
500 2482 533 2546 20
549 2481 583 2547 st
602 2483 691 2548 iacta
714 2490 767 2548 est
784 2482 856 2549 tilio
872 2483 1098 2568 emancipato,
1123 2483 1179 2549 vel
1200 2481 1473 2549 remuneratoria
1493 2483 1553 2546 aut

372 2591 628 2673 compensativa
642 2591 803 2668 ecclesie,
819 2589 875 2656 vel
882 2593 1008 2674 jurata,
1027 2597 1098 2656 tota
1111 2610 1182 2658 non
1197 2595 1388 2668 revocatur,
1399 2589 1460 2655 sed
1471 2607 1553 2674 qua-

374 2703 474 2762 tenus
495 2701 548 2763 est
565 2697 650 2782 proli
663 2699 863 2793 inoitlolosa,
881 2705 916 2764 et
938 2717 1000 2782 per
1020 2717 1097 2765 eam
1118 2701 1250 2765 caeteris
1275 2698 1452 2766 tolleretur
1469 2695 1554 2778 legl-

374 2807 466 2873 tima.

733 2933 776 2983 ιιι.
793 2930 887 2984 tertia
900 2941 987 2984 causa
1001 2931 1197 2984 revocationis.

413 3081 563 3146 Tandem
594 3083 746 3148 revocari
769 3087 885 3166 potest
910 3082 1060 3161 donatio,
1098 3083 1235 3168 quando
1269 3087 1323 3148 est
1350 3083 1550 3148 inofficiosa.

373 3193 405 3254 l·
419 3189 547 3254 Dicitur
557 3189 757 3267 inofficiosa,
767 3191 904 3274 quando
914 3197 967 3256 est
979 3197 1100 3258 contra
1110 3191 1261 3256 oltlcium
1271 3191 1407 3274 pietatis
1422 3191 1458 3254 in
1472 3189 1553 3253 libe-

373 3315 440 3374 ros,
458 3301 497 3360 ut
510 3298 538 3362 si
552 3302 649 3381 pater
662 3297 719 3364 vel
737 3305 848 3364 mater
862 3301 922 3366 uni
937 3305 997 3366 aut
1009 3300 1164 3384 pluribus
1179 3299 1258 3364 liliis
1276 3301 1312 3363 in
1333 3303 1427 3366 muta
1447 3315 1554 3382 quan-

373 3407 469 3472 titate
492 3405 642 3484 donavit,
659 3411 698 3470 ut
716 3406 856 3491 reliquis
872 3407 951 3472 llliis
964 3406 1129 3490 legitima,
1145 3409 1179 3472 h.
1196 3427 1225 3472 e.
1250 3407 1361 3492 portio
1374 3407 1451 3490 lege
1470 3406 1553 3488 ipsis

373 3513 487 3580 debita
507 3514 682 3579 auferatur
704 3514 760 3580 vel
776 3515 962 3582 minuatur.
990 3515 1050 3582 Jus
1072 3521 1164 3581 recte
1191 3515 1348 3582 concedit
1366 3514 1554 3580 revocatio—

373 3639 465 3698 nem,
482 3621 562 3706 qula
577 3621 710 3687 donans
724 3623 901 3688 necessita
916 3623 1053 3706 pietatis
1067 3623 1180 3690 olllcio
1197 3642 1258 3689 seu
1280 3623 1323 3688 ah
1344 3620 1551 3704 obligatione

373 3728 529 3794 naturali.

412 3836 445 3900 d·
460 3835 547 3902 Talia
562 3834 712 3914 donatio,
730 3837 920 3904 secundum
936 3839 971 3904 id
986 3839 1079 3923 quod
1098 3839 1245 3906 detrahit
1258 3837 1432 3921 legitimae,
1453 3855 1552 3904 revu-

372 3945 441 4010 cari
461 3949 609 4028 potesta
624 3944 752 4022 liberis,
778 3951 814 4010 et
834 3946 915 4012 ideo
930 3945 1026 4012 locus
1042 3951 1095 4012 εει
1106 3946 1307 4024 reductioni,
1324 3946 1552 4030 incipiendae

373 4052 569 4118 novissimis
584 4053 836 4130 donationibus,
851 4056 880 4119 si
894 4055 1010 4140 plures
1026 4061 1117 4122 sunt.
1133 4057 1230 4122 Ratio
1247 4061 1309 4132 εει,
1325 4055 1405 4140 quia
1419 4055 1551 4121 donans

372 4162 526 4244 peccavit
539 4165 674 4226 tantum
689 4161 886 4226 excedendo
901 4162 1092 4245 legitimam
1109 4164 1315 4248 portionem,
1332 4180 1403 4228 non
1417 4179 1501 4228 vero
1514 4163 1549 4226 in

373 4273 445 4336 tota
458 4267 653 4344 donatione,
674 4273 710 4332 et
723 4287 826 4351 poena
844 4287 915 4334 non
933 4269 1036 4335 dehet
1050 4289 1126 4336 esse
1144 4273 1256 4353 major
1270 4269 1406 4336 delicto.
1423 4269 1551 4335 Deinde

373 4374 486 4458 quoad
493 4373 635 4438 modurn
643 4374 862 4452 reductionis,
871 4376 1014 4442 resultat
1028 4396 1072 4442 ex
1083 4397 1125 4443 eo
1138 4377 1230 4461 quod
1242 4377 1439 4442 novissimae
1447 4377 1552 4442 dona-

373 4480 483 4546 tiones
498 4481 579 4546 solae
593 4479 724 4552 laedunt
734 4481 934 4564 legitimam.
952 4484 1135 4566 dpudnos‚
1156 4503 1200 4550 ex
1212 4489 1276 4550 art.
1292 4484 1353 4550 913
1372 4483 1452 4550 God.
1469 4485 1546 4561 eiu,

373 4589 431 4672 qui
447 4588 550 4654 hahet
564 4589 704 4655 unicum
720 4589 830 4654 lilium
842 4590 1047 4672 legitimum,
1065 4609 1136 4657 non
1149 4595 1264 4674 potest
1281 4591 1464 4675 disponere
1482 4593 1548 4658 uisi

374 4697 415 4760 de
445 4696 585 4762 dimidia
607 4702 702 4778 parte
727 4699 918 4771 honorum;
945 4699 1001 4781 qui
1026 4699 1113 4764 duos
1137 4698 1242 4764 habet
1261 4697 1361 4774 tilios,
1386 4698 1429 4763 de
1454 4699 1551 4765 tertia
