3498 5572
395 565 456 632 ltu
856 591 906 636 rus
927 590 1107 638 6116116611.

396 701 590 784 religiosam
614 703 793 772 inducatur
816 723 835 770 a
860 705 1066 772 monialibus
1092 725 1237 791 quarum
1265 704 1457 773 adunationi
1482 719 1574 768 com·

395 810 572 878 missaest.

655 983 685 1033 tl.
704 981 867 1037 Benedictio
881 995 932 1036 seu
947 983 1122 1038 enumeratio
1138 981 1316 1038 montelium.

438 1139 472 1215 6)
485 1137 677 1204 Benedictio
689 1158 748 1205 seu
760 1141 972 1206 consecratio
984 1140 1186 1206 monialium
1195 1140 1235 1203 iit
1247 1158 1309 1224 per
1321 1139 1576 1223 impositionem

398 1243 476 1321 voli,
494 1245 586 1328 quod
602 1246 703 1312 datur
717 1245 935 1324 monialibus,
952 1253 1026 1312 tum
1039 1253 1079 1312 ut
1098 1251 1288 1330 agnoscant
1302 1267 1339 1312 se
1358 1248 1392 1310 vi
1407 1245 1576 1328 religiosas

397 1351 620 1433 professionis
635 1356 765 1419 assumi
779 1358 814 1420 in
829 1375 947 1422 veram
961 1356 1082 1422 Christi
1097 1373 1271 1440 sponsam,
1288 1361 1361 1420 tum
1378 1361 1416 1419 ut
1430 1355 1478 1420 sic
1492 1353 1576 1418 indi-

397 1465 477 1526 cent
485 1481 521 1526 se
530 1465 780 1530 renuntiavissc
787 1467 928 1545 mundo,
936 1471 1010 1530 tum
1018 1471 1057 1531 ut
1070 1465 1255 1552 ostendant
1264 1483 1301 1530 se
1309 1483 1370 1549 per
1378 1464 1576 1546 religiosam

398 1571 650 1651 professionem
667 1574 923 1657 apprehendere
945 1579 1073 1639 statum
1091 1573 1303 1658 poenitentiae
1324 1571 1522 1654 significatae
1540 1571 1577 1634 in

399 1677 476 1744 velo
489 1679 600 1760 nigro,
617 1680 717 1763 quale
733 1681 821 1747 solet
835 1700 911 1746 esse
926 1682 1016 1766 quod
1032 1681 1219 1764 imponitur
1232 1681 1372 1746 moniali
1391 1679 1575 1764 profitenti.

400 1785 460 1851 llla
473 1787 666 1852 benedictio
681 1806 742 1853 seu
757 1790 969 1854 consecratio
985 1794 1038 1854 est
1052 1788 1190 1872 aliquod
1205 1787 1461 1863 sacramentale,
1486 1786 1578 1870 quod

400 1893 504 1959 habet
518 1894 659 1960 effectus
678 1896 977 1962 sacramentalium
991 1897 1158 1964 Ecclesia.

441 2001 471 2082 b)
492 2000 608 2068 Vatum
621 2002 802 2086 multiplex
816 2003 1047 2087 distinguitur,
1064 2006 1192 2071 scilicet
1206 2008 1237 2071 10
1247 2005 1468 2090 probotionis,
1487 2002 1581 2086 quod

403 2107 504 2172 datur
517 2109 553 2172 in
574 2111 792 2194 susceptione
810 2113 947 2178 habitus
973 2113 1135 2195 religiosi,
1163 2119 1241 2178 ante
1257 2113 1518 2197 professionem,
1544 2115 1582 2173 et

403 2216 634 2281 communiter
647 2223 701 2282 est
717 2217 852 2295 album3
872 2219 906 2282 10
918 2221 1149 2304 professionis,
1173 2220 1264 2305 quod
1286 2219 1387 2284 datur
1407 2218 1578 2292 omnibus,

403 2325 476 2388 sive
490 2325 643 2407 virgines
658 2327 726 2391 sint
745 2326 817 2392 sive
832 2327 957 2404 viduae,
978 2333 1079 2412 atque
1099 2329 1136 2393 in
1156 2333 1234 2393 actu
1255 2327 1477 2411 professionis
1505 2327 1582 2391 reli-

404 2433 510 2512 giosae
539 2434 679 2518 imponi·
696 2435 784 2500 solet
812 2437 912 2520 capiti
936 2436 1104 2519 religiosae
1133 2435 1347 2518 profitentis3
1368 2435 1452 2500 illud
1465 2433 1584 2501 vetum

405 2539 543 2621 nigrum
556 2547 626 2618 est;
643 2543 676 2607 30
692 2545 959 2632 consecrationis,
976 2544 1068 2630 quod
1081 2545 1181 2609 datur
1195 2562 1286 2608 anno
1305 2543 1415 2608 aetatis
1435 2545 1492 2620 ib;
1516 2543 1585 2609 boc

406 2647 523 2712 velum
533 2650 708 2714 confertur
717 2649 818 2716 asolo
830 2651 1001 2735 episcopo,
1016 2656 1130 2716 etnon
1141 2653 1184 2716 ab
1196 2651 1274 2728 alio,
1288 2651 1355 2716 nisi
1365 2651 1394 2715 is
1405 2649 1585 2734 delegatus

407 2757 451 2821 sit
465 2776 487 2822 a
500 2757 533 2822 S.
550 2757 731 2835 Pontifice;
753 2759 837 2824 item
855 2757 937 2825 solis
956 2759 1162 2841 virginibus,
1185 2761 1257 2825 imo
1283 2779 1327 2824 nc
1352 2761 1426 2824 istis
1444 2761 1586 2844 quidem

408 2866 568 2931 omnibus
582 2887 589 2941 ;
614 2867 648 2930 10
663 2869 876 2932 continentiae
891 2872 926 2932 ei
939 2868 1190 2947 permotionis,
1207 2887 1283 2952 quae
1306 2873 1360 2932 est
1380 2868 1584 2946 viduarum3

408 2978 523 3039 161666
538 2979 652 3058 potest
665 2970 769 3040 etiam
784 2976 858 3040 dari
871 2977 1076 3058 virginibus,
1096 2975 1176 3042 licet
1198 2977 1364 3058 virginale
1378 2971 1494 3042 velum
1513 2995 1587 3042 non

408 3083 517 3167 possit
540 3083 613 3148 dari
635 3083 759 3162 viduis,
789 3084 974 3168 nequidem
1009 3103 1088 3150 cum
1120 3085 1375 3167 dispensatione
1408 3087 1585 3170 episcopi;

408 3193 440 3255 5·
456 3191 691 3270 ordinationis,
708 3193 799 3276 quod
813 3193 896 3258 olim
915 3193 1060 3259 dabatur
1072 3194 1271 3259 diaconissis
1291 3194 1334 3258 ad
1354 3194 1590 3260 inchoandum

410 3300 560 3364 officium
576 3300 730 3365 divinum
745 3305 779 3364 et
797 3301 956 3367 homilias
981 3302 1156 3383 legendas,
1177 3321 1241 3368 ncc
1268 3307 1347 3366 ante
1376 3321 1506 3367 annum
1525 3303 1585 3378 403

408 3409 441 3472 60
450 3409 674 3492 prelationis,
691 3408 783 3493 quod
798 3409 881 3475 olim
891 3411 1071 3476 abbatissis
1087 3412 1231 3477 dabatur
1245 3429 1335 3476 anno
1350 3412 1400 3482 60,
1416 3411 1529 3486 hodic,
1543 3430 1587 3475 ex

409 3533 504 3582 conc.
521 3515 609 3581 Trid.
628 3517 666 3599 (s.
680 3517 732 3594 itt,
748 3535 778 3582 c.
793 3519 823 3594 7,
840 3517 882 3582 de
894 3519 1001 3602 dep),
1021 3518 1061 3582 tc
1074 3519 1195 3583 aetatis.

449 3623 517 3688 lllee
536 3625 638 3690 variae
663 3625 793 3708 species
811 3626 880 3690 veli
895 3631 1128 3691 recensentur
1143 3627 1180 3690 in
1195 3627 1343 3691 decreto.
1364 3625 1507 3704 Quidam
1527 3626 1585 3690 GC.

410 3731 510 3797 aliam
526 3733 658 3798 addunt
671 3735 820 3818 speciem
832 3735 911 3811 veli,
929 3736 1020 3819 quod
1035 3740 1160 3801 vocant
1168 3737 1391 3820 poenitentiae,
1401 3741 1435 3800 61
1450 3735 1591 3800 daretur

410 3839 476 3903 illis
487 3841 692 3907 monialibus
705 3862 781 3926 quae
796 3843 955 3908 dicuntur
968 3845 1176 3909 convertitae.
1197 3919 1200 3926 ¹

452 3949 570 4026 Quoad
596 3950 712 4015 velum
745 3953 1023 4029 consecrationis,
1047 3953 1211 4036 quaeritur
1236 3958 1352 4016 utrum
1380 3951 1451 4016 dari
1480 3933 1590 4034 possit

412 4059 549 4122 feminee
573 4057 704 4123 occulte
722 4065 901 4143 corruptae,
924 4077 999 4143 quae
1015 4059 1230 4124 existimatur
1242 4060 1365 4141 virgo?
1376 4059 1478 4124 Juxta
1491 4058 1589 4142 plura

412 4184 506 4232 cono.
531 4168 764 4248 particularia,
787 4168 903 4232 velum
924 4167 1007 4233 illud
1030 4168 1101 4233 dari
1126 4169 1246 4252 nequit
1268 4168 1334 4232 nisi
1356 4168 1494 4232 feminae
1512 4187 1588 4252 quae

413 4293 433 4338 a
459 4279 555 4358 parte
575 4274 623 4338 rei
654 4275 698 4338 sit
719 4276 817 4357 virgo
839 4295 847 4338 :
867 4276 916 4342 ita
939 4277 1043 4340 ctiam
1065 4275 1104 4340 b.
1129 4275 1275 4341 Thomas
1300 4293 1380 4340 cum
1399 4274 1585 4339 communi.

413 4381 510 4446 Ratio
541 4381 732 4446 desumitur
749 4388 823 4447 tum
844 4401 888 4446 ex
907 4383 1154 4465 significatione
1175 4383 1282 4466 ipsius
1304 4381 1383 4458 veli,
1411 4386 1486 4446 tum
1510 4381 1590 4465 61116

414 4507 513 4555 secus
527 4491 638 4557 forma
651 4490 917 4556 consecrationis
928 4495 1019 4556 esset
1030 4489 1190 4555 mendax.
1203 4489 1314 4573 Aliqui
1326 4495 1443 4555 tamen
1456 4493 1588 4574 partem

414 4599 642 4662 affirmantem
656 4603 884 4681 propugnant,
901 4599 1004 4663 etiarn
1020 4603 1117 4662 extra
1128 4595 1317 4680 periculum
1332 4597 1494 4670 infamiae,
1511 4595 1590 4680 quia

416 4705 473 4770 illa
485 4705 613 4770 lemine
626 4705 662 4770 in
677 4705 837 4772 exteriori
851 4707 926 4770 ioro
940 4723 977 4770 se
991 4723 1111 4786 gerere
1126 4709 1240 4788 potest
1255 4704 1342 4770 sicut
1362 4704 1397 4770 in
1414 4705 1589 4769 communi
