3504 5566
820 565 872 610 JUS
890 564 1070 610 Geronteon.

763 986 950 1076 Plllllll
989 985 1139 1078 Plus

592 1199 653 1246 DE
681 1197 861 1246 CAUSIS
889 1197 1315 1248 BENEFIGIALIBUS

402 1563 479 1628 llaec
492 1581 571 1646 pars
587 1563 650 1628 tria
663 1563 815 1628 continet
832 1583 838 1625 :
855 1564 887 1626 l⁸
903 1567 1082 1628 enumerat
1099 1565 1278 1648 qualitates
1294 1582 1369 1648 quse
1389 1565 1424 1628 in
1438 1565 1541 1628 bene-

363 1673 483 1737 llciatis
498 1674 718 1757 requiruntur
731 1673 815 1754 (r-v);
831 1673 864 1736 Ψ
880 1673 1056 1737 descendit
1068 1673 1110 1736 de
1127 1673 1338 1738 beneficiatis
1355 1673 1398 1738 ed
1413 1674 1541 1738 bonell-

362 1783 425 1856 ciu,
442 1789 476 1846 et
497 1783 538 1847 de
558 1801 678 1848 eorum
703 1787 835 1860 notura,
852 1784 1028 1858 varietate,
1045 1787 1147 1867 etque
1172 1785 1213 1847 de
1238 1784 1341 1848 modo
1366 1803 1408 1848 ee
1429 1783 1540 1866 ecqui-

363 1891 460 1956 rendi
474 1893 545 1972 egit
557 1893 683 1974 (r-rur);
699 1893 732 1956 3·
747 1893 789 1957 de
812 1895 981 1958 bonorum
1005 1893 1310 1958 ecclesiasticorum
1327 1893 1541 1958 administra-

365 2001 455 2066 tione
470 2001 637 2066 discurrit.

721 2401 935 2476 TITULUS
970 2399 1177 2476 PRIMUS.

591 2585 633 2628 DE
661 2585 742 2627 VlTA
770 2583 810 2627 ET
838 2582 1049 2627 florescere
1077 2581 1311 2628 cusnlconcu.

403 2904 487 2968 Cum
512 2907 547 2970 in
571 2905 712 2972 clericos
737 2911 899 2991 tanquam
920 2907 956 2970 in
976 2904 1154 2990 speculum
1168 2905 1289 2990 reliqui
1305 2904 1422 2970 oculos
1437 2905 1543 2986 conji-

363 3015 464 3090 cient,
479 3034 522 3078 ex
536 3015 645 3099 iisque
661 3021 799 3080 sument
814 3015 905 3100 quod
919 3015 1106 3090 imitentur,
1123 3019 1161 3078 ut
1175 3015 1223 3078 eit
1235 3012 1268 3076 G.
1286 3013 1477 3095 Tridlsess.
1490 3013 1540 3088 Ἠ,

362 3141 391 3188 c.
410 3125 439 3198 l,
456 3125 498 3188 de
515 3125 686 3208 Reform),
704 3131 783 3190 ente
799 3126 915 3190 omnia
937 3125 1121 3210 requiritur
1142 3126 1178 3188 in
1197 3123 1353 3188 Ecclesiae
1378 3123 1542 3188 ministris

364 3231 442 3296 vitre
466 3251 670 3316 morumque
696 3233 869 3299 honestas.
894 3233 971 3298 llaec
994 3237 1110 3298 eutem
1132 3233 1297 3297 honestes
1319 3229 1445 3313 duplex
1465 3234 1540 3295 est:

364 3337 509 3420 interno,
524 3359 600 3424 quer
622 3341 777 3406 consistit
800 3341 834 3404 in
859 3346 949 3406 stetu
963 3341 1082 3422 gratim
1097 3339 1349 3414 sanctificantis,
1367 3342 1401 3401 et
1419 3336 1540 3402 actuali

364 3448 525 3513 exercitio
549 3447 716 3514 virtutum
739 3449 1008 3530 theologicorum
1028 3454 1063 3514 et
1080 3448 1280 3522 morelium;
1297 3455 1449 3524 exterra,
1466 3465 1540 3529 quse

363 3554 519 3619 consistit
533 3555 568 3618 in
582 3574 684 3638 opere
705 3561 847 3622 externo
869 3556 1073 3640 inculpabili,
1091 3574 1225 3620 necnon
1243 3555 1377 3618 decenti
1390 3553 1541 3636 corporis

281 3737 288 3760 ⁹
363 3661 491 3727 habitu.
510 3663 556 3726 lle
572 3663 683 3746 prima
706 3665 864 3740 breviter,
883 3669 918 3729 et
931 3665 1063 3730 ratione
1081 3663 1304 3730 connexionis
1318 3681 1397 3726 oum
1410 3661 1539 3726 altere:

365 3787 445 3834 nam
467 3770 630 3836 honestas
645 3775 788 3837 externo
808 3776 942 3836 tentum
964 3771 1090 3838 directe
1115 3777 1150 3835 et
1162 3791 1224 3855 per
1247 3789 1283 3834 se
1303 3773 1356 3834 est
1369 3770 1542 3852 objectum

362 3878 450 3960 juris
463 3880 628 3956 canonici,
652 3899 731 3945 cum
746 3881 881 3945 interne
891 3881 1019 3965 judicio
1040 3881 1195 3946 Ecclesiae
1210 3885 1353 3946 externo
1375 3877 1542 3961 generali-

366 3991 419 4052 ter
432 4007 501 4054 non
517 3989 726 4074 subjiciatur.

807 4176 943 4237 seculo
965 4175 1099 4238 PRlllA.

749 4327 994 4382 cohonestare
1018 4329 1162 4382 interne.

407 4483 482 4548 Trio
502 4487 650 4552 maxime
674 4491 826 4573 exposcit
847 4509 853 4551 :
879 4489 1117 4554 rectitudinem
1136 4487 1344 4562 intentionis,
1363 4485 1486 4550 enimse
1509 4487 1544 4547 et

367 4591 582 4658 conscientiae
603 4595 797 4678 puritatem,
820 4615 858 4662 ec
881 4596 1029 4680 reliques
1055 4595 1198 4660 virtutes
1223 4600 1296 4658 tum
1322 4591 1541 4674 theologicas,

370 4703 441 4761 tum
457 4699 614 4766 morales.
