3498 5572
538 604 627 650 arsen
646 605 775 652 marrus
796 604 1019 652 numerantur.
1314 588 1373 654 tti

187 720 346 789 monialis
359 720 496 788 motata.
511 720 571 788 illa
583 725 700 788 autem
716 721 877 790 monialis
892 721 1010 786 mitius
1023 721 1136 806 puniri
1150 723 1253 790 dehet
1269 743 1374 810 quam

188 849 301 899 mares
330 829 499 912 sacrilegii
529 829 723 915 complices,
755 850 797 896 eo
827 830 919 914 quod
953 830 1017 914 ipsi
1052 833 1146 896 tauta
1175 831 1277 916 culpa
1304 851 1373 900 non

187 939 279 1016 insit,
305 938 392 1004 sicut
420 937 588 1006 violatori.
614 938 673 1004 llic
703 937 818 1022 agitur
839 939 881 1004 de
908 937 1115 1004 monialibus
1133 940 1196 1006 sub
1216 941 1375 1008 clausura

189 1046 394 1112 viventibus.

176 1179 181 1190 1
230 1153 334 1220 Casus
358 1155 394 1218 in
422 1155 546 1240 quihus
577 1155 729 1238 religiosi
758 1159 793 1220 et
822 1153 990 1220 moniales
1017 1154 1149 1220 violant
1180 1157 1373 1222 castitatem

188 1263 387 1346 expendunt
398 1260 583 1330 meratina
596 1261 687 1328 etilli
701 1261 892 1330 canonista
907 1259 964 1346 qui
980 1261 1156 1346 speciatim
1170 1267 1316 1334 emtam
1330 1265 1372 1330 de

188 1373 278 1436 statu
292 1369 465 1452 religioso.
482 1369 576 1452 (Vide
597 1369 760 1448 Pellizari,
778 1371 821 1436 de
832 1369 989 1449 Montat,
1002 1388 1031 1434 c.
1055 1369 1084 1446 t,
1103 1375 1184 1436 sect.
1201 1371 1245 1452 t.)

228 1479 259 1560 a)
273 1477 417 1543 Ratione
433 1479 661 1564 paupertatis,
688 1476 924 1560 obligaturus
946 1477 1123 1560 propitum
1144 1478 1225 1562 quid
1249 1479 1375 1546 habeat

188 1605 232 1652 ex
246 1585 345 1651 bonis
356 1585 514 1662 fortuna,
529 1585 585 1650 vel
599 1584 721 1652 saltem
736 1583 862 1670 aliquo,
881 1587 1046 1668 unquam
1059 1585 1209 1669 proprio,
1232 1590 1349 1652 utatur
1364 1607 1371 1650 :

188 1712 231 1757 ex
244 1711 273 1756 c.
291 1692 323 1769 t,
336 1691 367 1769 t,
382 1691 413 1768 6,
436 1691 479 1758 de
493 1691 598 1758 Statu
619 1711 710 1757 moa.
737 1691 863 1758 Votum
885 1691 978 1756 enim
1005 1693 1228 1776 paupertatis,
1251 1693 1293 1758 de
1319 1695 1372 1758 sui

189 1799 353 1876 essentia,
371 1817 442 1866 non
456 1799 563 1884 exigit
583 1805 621 1864 ut
635 1801 711 1885 quis
725 1799 823 1866 omni
845 1799 997 1866 dominio
1016 1799 1151 1866 abdicet
1171 1804 1207 1865 et
1226 1801 1374 1886 incapax

189 1910 232 1974 ad
245 1909 493 1992 possidendum
515 1910 697 1987 reddatur;
720 1909 846 1976 sufficit
864 1915 903 1974 ut
916 1909 1071 1992 privetur
1083 1909 1192 1976 libera
1205 1915 1373 1994 potestate

188 2017 288 2082 bonis
300 2017 419 2084 utendi
434 2037 441 2081 :
455 2018 570 2102 itaque
589 2019 648 2101 jus
668 2017 820 2082 radicale
839 2016 1057 2100 proprietatis
1079 2022 1133 2082 est
1145 2017 1373 2100 componibile

189 2143 268 2188 curn
294 2128 375 2190 voto
398 2124 619 2210 paupertatis,
647 2123 771 2190 saitem
799 2141 870 2188 non
898 2123 1062 2200 solemni;
1086 2142 1158 2190 non
1183 2129 1300 2192 autem
1315 2128 1373 2209 jus

189 2233 282 2298 utile.

229 2339 324 2409 ttnde
339 2342 370 2404 1·
383 2339 547 2426 quidquid
562 2339 745 2423 religiosus
759 2341 915 2424 acquirit,
934 2341 1144 2406 monasterio
1168 2344 1203 2406 et
1216 2359 1287 2406 non
1310 2341 1374 2408 sibi

189 2449 343 2534 acquirit.

227 2559 260 2622 2⁰
275 2557 395 2624 Peccat
407 2563 527 2624 contra
540 2562 787 2642 paupertatem,
806 2557 835 2621 si
859 2557 933 2622 sine
949 2555 1089 2622 licentia
1107 2561 1265 2625 exerceat
1278 2562 1374 2630 actus

187 2666 342 2750 proprios
358 2665 511 2741 dominii,
530 2684 563 2729 v.
589 2665 622 2746 g'.
649 2663 843 2741 vendendo,
872 2663 1044 2739 donando,
1067 2664 1294 2747 permutando
1318 2683 1374 2732 res

189 2773 252 2838 sibi
265 2772 307 2839 ad
323 2791 425 2838 usum
436 2789 617 2838 concessas
632 2792 639 2850 ;
656 2772 750 2848 item,
767 2772 795 2835 si
815 2770 957 2856 recipiat
976 2789 1032 2836 res
1051 2789 1072 2836 a
1094 2771 1324 2849 statuariunt,
1338 2777 1375 2840 et

187 2902 249 2968 pro
264 2883 306 2948 iis
319 2881 507 2948 retinendis
521 2881 694 2948 licentiam
710 2881 895 2966 superioris
917 2898 989 2946 non
1010 2884 1115 2964 petat,
1137 2879 1193 2945 vel
1219 2881 1323 2949 etiam
1345 2881 1373 2948 si

188 2993 291 3058 rebus
306 2991 370 3056 sibi
392 2989 565 3056 concessis
588 2991 760 3056 abutatur.
788 2987 919 3054 Suitlcit
939 2987 1077 3054 licentia
1098 2987 1283 3071 superioris
1303 3007 1374 3053 non

189 3105 323 3164 tantum
334 3115 503 3184 expressa
514 3101 550 3162 et
563 3097 675 3174 tacita,
693 3097 753 3162 sed
771 3096 875 3162 etiam
892 3095 1140 3164 rationabiliter
1152 3101 1371 3179 praesumpta,

187 3207 270 3274 licet
295 3205 420 3274 modus
443 3205 637 3290 aliqualiter
662 3204 839 3288 displiceat
865 3203 1050 3288 superiori;
1083 3208 1199 3268 tamen
1223 3203 1372 3286 religiosi

189 3315 338 3381 timorati
352 3314 525 3380 licentiam
539 3332 610 3379 non
623 3313 721 3378 facile
737 3317 962 3398 praesumunt.

228 3424 261 3487 3⁰
275 3421 438 3492 Praelatus
450 3421 648 3506 dispensare
664 3421 785 3505 nequit
796 3424 835 3486 ut
848 3419 1032 3502 religiosus
1049 3420 1227 3504 superflua
1242 3425 1277 3486 at
1290 3441 1374 3505 prar-

190 3531 309 3596 sertim
333 3533 570 3614 paupertatem
592 3528 790 3612 religiosam
813 3527 1014 3592 dedecenlia
1036 3546 1144 3612 penes
1167 3547 1204 3593 se
1234 3529 1371 3606 haheat,

190 3639 246 3704 vel
260 3638 374 3723 aliqua
386 3637 424 3702 in
443 3654 528 3701 usus
548 3653 658 3700 vanos
676 3634 866 3719 expendat;
892 3635 1022 3700 etenim
1041 3635 1203 3719 praelatus
1229 3655 1299 3702 non
1321 3641 1375 3706 est
1432 3649 1434 3656 ·

192 3745 363 3822 dominus,
382 3745 443 3810 sed
459 3743 685 3828 dispensator.

230 3853 263 3917 4⁰
274 3855 413 3918 Attente
425 3854 503 3935 jure
519 3850 656 3934 scripto,
673 3851 828 3936 superior
849 3870 920 3917 non
939 3855 1053 3934 potest
1065 3853 1199 3936 privato
1212 3852 1373 3934 religioso

191 3961 379 4029 concedere
388 3959 574 4046 pamelium,
589 3959 688 4043 cujus
702 3959 951 4025 administratio
974 3959 1019 4024 sit
1032 3979 1140 4044 penes
1161 3961 1372 4044 religiosum,

193 4053 297 4150 etiam
317 4065 551 4154 dependenter
569 4085 591 4131 a
609 4067 786 4134 voluntate
802 4067 988 4154 superioris
1004 4089 1011 4132 :
1026 4068 1074 4134 ita
1085 4071 1281 4135 communis
1299 4089 1375 4136 son·

193 4178 310 4256 tentia,
327 4193 403 4262 qua
418 4173 589 4258 colligitur
608 4193 652 4241 ex
673 4193 768 4242 conc.
795 4175 882 4242 Trid.
901 4177 997 4260 (sess.
1014 4177 1063 4254 25,
1080 4194 1109 4242 c.
1126 4177 1156 4254 t,
1173 4177 1215 4241 de
1230 4177 1324 4262 Ray.)
1339 4183 1374 4244 et

193 4286 329 4352 decreto
343 4283 446 4348 Clam.
464 4287 499 4348 et
510 4281 588 4348 Urb.
607 4281 687 4361 vul,
702 4283 885 4367 incipiente
899 4285 1025 4354 Nullus
1041 4283 1190 4364 omniuo,
1209 4289 1244 4349 et
1257 4304 1320 4370 pro
1335 4305 1371 4351 sc

192 4396 293 4460 affert
304 4393 420 4478 plures
445 4392 691 4459 declarationes
707 4391 763 4458 SS.
780 4393 947 4478 Congreg.
973 4392 1038 4458 Sed
1059 4393 1132 4458 haec
1153 4393 1374 4476 intelligenda

193 4509 275 4570 sunt
286 4505 328 4570 de
335 4502 468 4589 peculio
478 4502 640 4584 juridico,
654 4505 753 4586 cujus
768 4503 941 4587 possessio
954 4503 1116 4586 importat
1131 4502 1372 4586 proprietatem

194 4619 228 4677 et
241 4611 583 4687 administrationem,
600 4631 669 4676 non
691 4612 732 4678 de
753 4613 888 4697 peculio
909 4613 977 4678 late
1001 4615 1151 4693 sumpto,
1175 4611 1265 4696 quod
1292 4630 1373 4676 con-

194 4721 283 4788 sistit
310 4719 344 4786 in
373 4718 446 4786 sola
471 4717 765 4786 administratione
807 4719 1035 4804 quorumdam
1068 4719 1238 4785 honorum
1268 4722 1302 4784 et
1330 4719 1371 4785 ad
