3504 5572
367 583 427 650 328
828 607 879 650 uus
901 605 1081 652 canonicus.

368 723 461 806 apud
474 739 549 800 nos,
562 723 666 788 etiam
678 741 740 808 pro
755 723 997 789 donationibus
1006 723 1324 800 matrimonialibus,
1339 743 1401 808 pro
1415 743 1547 827 succes-

354 831 522 898 sionibus
544 836 605 896 aut
627 831 868 897 donationibus
892 850 976 918 quas
999 833 1127 918 recepit
1150 832 1294 898 durante
1313 833 1544 909 matrimonio,

368 956 430 1021 pro
446 939 670 1004 indemnitate
683 940 876 1005 debitorum
892 959 967 1025 qua
977 941 1147 1007 contraxit
1159 959 1240 1005 cum
1252 959 1316 1007 suo
1330 941 1465 1018 marito,
1481 945 1544 1007 etc.

368 1047 442 1130 (art.
457 1036 547 1124 alal,
563 1047 645 1112 else
662 1047 742 1113 God.
766 1049 855 1131 cis).
872 1049 904 1113 2⁰
918 1049 1033 1114 Fiscus
1049 1049 1085 1114 in
1106 1049 1206 1115 honis
1221 1049 1436 1114 subditorum
1454 1049 1544 1131 (God.

367 1155 432 1222 civ.
444 1159 507 1220 art.
523 1153 625 1239 alal).
639 1155 672 1220 3·
686 1155 807 1240 Pupilli
822 1161 857 1222 et
869 1157 1022 1222 minores
1037 1156 1073 1221 in
1086 1157 1186 1222 bouis
1202 1161 1354 1222 tutorum
1369 1161 1404 1222 et
1417 1161 1548 1223 curato·

234 1253 236 1258 ’
367 1267 673 1330 summensteten
690 1268 749 1348 jus
767 1264 850 1331 Gall.
867 1266 941 1348 (art.
957 1266 1049 1342 alei,
1069 1265 1149 1330 mee
1165 1265 1244 1332 God.
1265 1266 1363 1349 civ.);
1378 1266 1426 1353 ita
1445 1267 1547 1331 etiam

367 1373 516 1457 pupillus
526 1373 562 1438 in
571 1393 608 1439 rs
620 1379 734 1460 emptu
748 1393 792 1441 ex
804 1376 951 1459 pecunia
963 1375 1131 1460 pupillari.
1148 1376 1181 1440 4·
1191 1375 1354 1442 Venditor
1366 1375 1402 1440 in
1416 1385 1453 1440 ie
1467 1393 1548 1441 ven-

368 1483 448 1558 ditu,
461 1483 783 1568 siomptorpretium
793 1503 863 1550 uon
872 1485 1045 1570 persolvit.
1056 1485 1260 1569 5·Legatarii
1268 1484 1548 1550 stfldsicommis-

369 1589 492 1656 sariiin
501 1592 604 1656 rebus
617 1596 810 1658 etestatore
820 1593 957 1658 relictis.
969 1594 1002 1658 θ’
1011 1593 1153 1660 Locator
1161 1593 1197 1658 iu
1206 1592 1548 1659 rebusaconductore

368 1698 405 1762 in
416 1697 584 1781 praedium
599 1700 770 1766 urbanum
783 1700 938 1778 invectis,
955 1719 1026 1766 non
1039 1705 1174 1766 tanturn
1188 1718 1250 1784 pro
1265 1699 1447 1766 murinis
1460 1718 1549 1766 mer·

256 1795 257 1800 ’
367 1806 471 1884 cedis,
496 1807 681 1876 sedetiam
706 1810 946 1877 satisfactionis
969 1829 1030 1895 pro
1055 1809 1312 1877 damnisillstis.
1337 1809 1550 1876 haecomnia

367 1920 566 1982 statuuntur
586 1935 747 2002 expresse
766 1919 890 2003 injure
908 1919 1006 1985 Rom.
1024 1919 1090 1984 Sed
1106 1919 1271 2004 quaeritur
1284 1923 1547 2004 consequenter,

407 2025 442 2108 cl)
457 2025 525 2106 Qui
536 2025 716 2090 creditores
727 2027 797 2091 sint
803 2028 954 2113 potiores
970 2029 1006 2092 ln
1014 2025 1186 2113 pipeore?
1200 2029 1231 2092 l·
1240 2025 1479 2111 Respondetur
1489 2043 1551 2110 per

365 2132 521 2215 regulam
535 2133 751 2216 generalem:
769 2161 784 2192 u
797 2135 861 2212 Qui
873 2136 968 2219 prior
982 2140 1036 2201 est
1051 2140 1216 2220 tempore,
1233 2136 1347 2220 potior
1362 2140 1415 2200 est
1423 2137 1515 2218 jure.
1533 2159 1548 2192 u

365 2239 461 2306 Unde
481 2241 538 2324 qui
555 2241 650 2326 prius
672 2242 799 2326 pignus
819 2241 875 2308 vel
892 2243 1119 2327 hypothecam
1140 2243 1280 2327 accepit,
1306 2243 1420 2326 potior
1442 2247 1495 2306 est
1514 2242 1551 2305 in

366 2350 509 2433 pignore
540 2368 548 2410 :
574 2349 665 2434 quod
693 2349 837 2433 intelligi
866 2351 970 2421 debet
991 2352 1032 2418 dc
1053 2352 1298 2417 constitutione
1322 2347 1475 2434 pignom‘s
1494 2349 1550 2415 vel

365 2456 567 2539 hypothecae
581 2474 698 2522 coram
711 2457 865 2540 legitimo
878 2459 1093 2542 magistratu.
1110 2459 1175 2524 Sed
1190 2461 1263 2526 haec
1276 2457 1551 2541 regmaintelligi

368 2563 470 2629 debet
492 2565 534 2629 de
558 2567 800 2632 communibus
833 2565 1069 2645 creditoribus,
1094 2588 1176 2635 nam
1200 2569 1326 2634 dantur
1363 2566 1550 2633 creditores

367 2672 582 2756 privilegiati.
610 2673 717 2756 igitur
742 2675 775 2738 2⁰
792 2677 908 2756 fiscus,
935 2695 996 2741 seu
1025 2677 1227 2760 respublica,
1251 2676 1372 2741 saltem
1392 2677 1429 2740 in
1447 2693 1551 2740 causa

367 2780 576 2864 primipilari,
594 2801 655 2847 scu
670 2783 706 2846 in
718 2801 823 2849 causa
836 2783 970 2869 publica
988 2803 1134 2851 annonae
1150 2790 1185 2850 et
1204 2785 1451 2871 stipendiorum
1465 2783 1551 2848 mili-

369 2889 504 2966 tarium,
515 2891 694 2972 praelcrtur
701 2893 973 2977 quibuscumque
988 2893 1213 2960 creditoribus
1225 2914 1233 2970 ;
1245 2897 1280 2960 at
1293 2895 1328 2958 in
1343 2891 1417 2958 aliis
1425 2891 1547 2966 causis,

368 2998 471 3064 lisous
485 2996 681 3079 generalem
694 2999 850 3083 regulam
874 3001 1037 3086 sequitur.
1052 3001 1205 3087 Pupillus
1219 3002 1254 3067 in
1269 3021 1306 3066 re
1320 3001 1472 3065 nummis
1490 3018 1550 3083 pu-

367 3104 543 3188 pillaribus
557 3112 761 3191 comparata,
778 3109 1014 3193 praelationem
1028 3111 1141 3175 hebet.
1155 3109 1288 3186 Mulier,
1306 3109 1419 3194 quoad
1434 3107 1550 3173 dotem
1568 3099 1571 3104 ’

370 3231 479 3288 suam,
495 3215 676 3297 praefertur
690 3217 850 3282 omnibus
864 3218 1089 3283 creditoribus
1103 3218 1310 3283 anteriorem
1324 3217 1550 3301 hypothecam

368 3322 591 3400 habentibus,
611 3329 754 3408 excepto
778 3325 872 3391 ilsco.
905 3325 1032 3392 Tamen
1054 3327 1230 3411 disputant
1248 3325 1402 3391 civilistae
1434 3328 1549 3391 uuum

369 3429 569 3512 praeieratur
591 3431 633 3496 iis
664 3436 798 3498 tautum
825 3435 885 3517 qui
906 3435 1036 3500 habeut
1062 3434 1200 3502 tacitam
1229 3435 1467 3518 hypothecam,
1494 3432 1550 3498 vel

369 3535 472 3602 etism
488 3539 546 3623 qui
559 3540 688 3606 habent
702 3559 911 3625 expressam.

550 3731 594 3783 lll.
610 3733 665 3786 Res
679 3743 743 3796 que
756 3729 867 3798 pignori
881 3733 927 3786 vel
942 3732 1109 3798 hypotheca
1122 3733 1226 3800 subjici
1240 3735 1369 3799 possunt.

411 3867 444 3950 α)
457 3867 524 3932 Res
541 3884 754 3952 omnesque
769 3869 871 3934 vendi
886 3867 942 3934 vel
956 3869 1022 3935 alio
1036 3871 1139 3937 modo
1157 3870 1297 3936 alienari
1311 3875 1467 3954 possunt,
1484 3870 1549 3936 nisi

370 3975 566 4060 specialiter
585 3977 655 4040 sint
678 3981 839 4060 exceptae,
858 3978 994 4060 pignori
1021 3977 1077 4043 vel
1101 3979 1302 4064 hypothecas
1324 3979 1445 4063 subjici
1472 3997 1550 4062 pos·

370 4087 462 4158 sunt,
478 4087 518 4147 ut
531 4085 622 4150 bons
636 4084 835 4162 immobilia,
849 4086 999 4163 mobiba,
1018 4087 1245 4163 ususfructus,
1264 4087 1450 4153 servitutes
1466 4105 1551 4171 pras-

371 4191 488 4268 diales,
506 4193 751 4277 emphyteusis,
769 4198 832 4258 eto.
857 4193 906 4260 lla
921 4195 1024 4261 etiam
1045 4201 1124 4279 post
1135 4197 1192 4280 jus
1214 4196 1357 4262 Roman.
1382 4195 1461 4261 God.
1484 4196 1547 4261 civ.

369 4300 443 4381 (art.
464 4300 554 4376 soll,
575 4301 677 4383 2075).

410 4409 439 4488 l)
457 4408 537 4485 Quas
547 4408 698 4486 alienari,
708 4411 756 4477 ita
768 4412 1036 4496 etoppignorau',
1050 4413 1284 4497 prohibentur,
1300 4415 1551 4499 quiaoppigno-

370 4517 457 4582 ratio
480 4521 533 4582 est
553 4519 710 4603 quaedam
732 4521 863 4604 specics
885 4521 1101 4587 alienationis
1112 4522 1180 4588 late
1196 4527 1354 4608 acceptas.
1373 4521 1410 4587 ln
1425 4525 1547 4607 specie,

373 4627 407 4689 l⁰
423 4626 497 4690 sine
510 4629 605 4709 justa
620 4647 723 4696 causa
737 4635 771 4697 et
785 4631 1058 4697 solemnitatibus
1075 4633 1163 4716 juris
1179 4652 1249 4698 non
1264 4637 1410 4715 possunt
1431 4633 1550 4716 subyici

372 4734 572 4816 hypotheca
589 4753 644 4802 res
664 4755 726 4802 seu
745 4740 836 4804 bonu
853 4737 1010 4805 Ecclesia
1028 4739 1218 4805 immobilia
1238 4743 1298 4806 aut
1316 4739 1456 4806 mobilia
1476 4754 1549 4823 pre-
