3488 5564
393 547 433 610 at
855 563 905 609 rus
925 563 1103 610 assoricus.

395 683 474 748 Post
494 681 664 748 citatorias
689 681 870 766 simplices,
893 679 1007 747 dilatio
1033 687 1085 746 est
1105 681 1223 748 decem
1246 681 1312 758 vel,
1328 683 1363 746 in
1379 685 1456 766 jure
1471 682 1568 747 Rom.

396 811 497 868 novo,
515 791 654 873 triginta
668 790 816 866 diernm;
833 790 862 853 si
876 791 990 855 citatio
1005 797 1058 856 est
1069 794 1308 878 peremptoria,
1320 793 1419 856 datur
1434 791 1571 872 tripp'nta

395 898 451 964 rel
466 899 653 980 nonaginta
668 899 801 964 dierum
817 899 964 981 spatium
979 919 1022 965 ex
1037 901 1158 965 eodem
1169 903 1246 984 jure
1261 919 1362 966 novo.

433 1009 466 1070 2⁰
499 1007 749 1084 Delr'beratoria,
780 1025 854 1092 quae
884 1009 983 1074 unica
1007 1027 1046 1074 ac
1070 1009 1210 1091 proinde
1234 1009 1481 1094 peremptoria,
1510 1029 1573 1092 per

394 1117 514 1206 viginti
539 1117 626 1195 dies,
652 1120 849 1184 conceditur
869 1138 928 1184 reo
956 1119 999 1184 ad
1025 1122 1116 1185 hunc
1139 1121 1299 1186 ellectum
1325 1125 1363 1182 ut
1384 1119 1569 1184 deliberare

394 1227 502 1312 possit
530 1227 768 1310 superlibello
790 1227 902 1304 allato,
933 1247 976 1292 an
1004 1229 1136 1310 litigare
1163 1227 1246 1294 velit
1270 1247 1377 1293 necne
1396 1230 1448 1310 (l).
1475 1227 1571 1292 Simi-

394 1337 472 1400 liter
501 1335 605 1402 actori
629 1355 733 1420 super
756 1337 955 1422 exceptione
986 1356 1083 1402 areo
1111 1339 1267 1422 opposita
1293 1337 1433 1401 concedi
1457 1341 1571 1418 potest

396 1445 472 1510 talis
488 1444 602 1510 dilatio
616 1465 623 1508 :
640 1447 726 1510 ratio
748 1451 800 1510 est
815 1447 893 1529 quia
907 1465 977 1511 non
991 1451 1150 1511 censetur
1164 1447 1371 1510 sufficienter
1384 1446 1570 1509 instructus

397 1573 500 1636 super
514 1553 570 1618 illa
584 1555 782 1637 exceptione
797 1559 937 1636 repente
953 1555 984 1618 ei
997 1555 1161 1638 opposita.

435 1665 467 1728 3ο
481 1665 698 1729 decusatoria
723 1683 784 1728 seu
809 1663 1036 1740 dedicatoria,
1058 1683 1134 1748 quae
1149 1663 1249 1730 datur
1262 1663 1304 1728 ad
1319 1682 1439 1727 omnes
1454 1681 1572 1746 excep-

396 1776 505 1843 tiones
522 1773 693 1839 dilatorias
708 1773 763 1836 vel
784 1772 1020 1838 declinatorias
1042 1773 1272 1857 opponendas,
1290 1773 1489 1856 priusquam
1502 1771 1572 1834 litis

395 1883 597 1949 contestatio
612 1883 682 1946 siat.
699 1881 776 1946 llaec
796 1883 835 1944 fit
856 1879 912 1946 vel
931 1881 1119 1946 recusando
1138 1881 1289 1964 judicem
1310 1886 1348 1944 ut
1362 1885 1569 1962 suspectam,

396 1991 450 2057 rel
479 1992 711 2076 impugnando
735 1993 935 2075 rescriptum
956 1992 990 2054 vi
1008 1995 1106 2076 quus
1121 1991 1164 2055 ad
1176 1991 1327 2073 jndicem
1340 1991 1573 2074 incompeten-

396 2109 465 2167 tem
480 2101 601 2166 citctus
617 2105 717 2176 esset,
735 2101 790 2166 vel
803 2099 999 2184 repellendo
1014 2105 1174 2175 actorem,
1185 2105 1348 2184 tanquam
1363 2117 1432 2164 non
1446 2099 1574 2163 haben-

398 2215 468 2274 tem
483 2211 665 2293 personam
678 2208 866 2290 legitimam
882 2209 992 2274 atandi
1006 2209 1041 2272 in
1054 2208 1181 2290 judicio
1197 2209 1249 2291 (9).

449 2425 491 2474 ill.
509 2427 575 2484 Qua
594 2420 742 2474 dilationes
759 2433 792 2473 ax
810 2419 911 2474 eodem
925 2421 991 2486 juro
1008 2419 1113 2476 dentur
1127 2419 1190 2485 post
1207 2417 1264 2472 litte
1281 2417 1517 2472 contestationem

770 2503 799 2556 st
812 2501 1009 2566 juramentum
1027 2501 1193 2554 calumniae?

439 2653 569 2716 llantur
584 2652 614 2712 l⁰
627 2648 843 2722 Probatorr‘ae,
862 2667 936 2730 quse
954 2647 1087 2730 utrique
1102 2645 1188 2728 parti
1199 2643 1433 2710 conceduntur
1446 2645 1488 2708 ad
1498 2663 1575 2727 pro-

396 2759 541 2825 bandam
574 2757 798 2821 intentionem
818 2773 915 2819 suam
933 2754 1061 2818 :actori
1080 2753 1218 2837 quidem
1241 2753 1282 2816 ad
1298 2753 1484 2836 positiones
1508 2754 1576 2818 for-

395 2867 553 2942 mandas3
580 2884 639 2930 reo
659 2869 775 2929 autem
798 2863 840 2928 ad
864 2860 1140 2945 respondendum
1156 2862 1228 2924 istis
1243 2860 1298 2924 rel
1322 2860 1573 2943 excipiendum,

396 2983 430 3040 ct
452 2976 588 3041 tandem
606 2973 739 3056 utrique
764 2971 805 3036 ad
825 2970 1082 3053 producendum
1102 2971 1206 3032 testes
1226 2973 1259 3032 et
1279 2969 1505 3032 instrumenta
1519 2969 1572 3048 (3).

337 3137 341 3146 .
390 3143 397 3155 .
435 3087 467 3150 Ψ
480 3084 694 3164 Definitoriae,
708 3100 768 3144 seu
785 3099 826 3144 ex
839 3079 976 3144 arbitrio
989 3077 1112 3162 judicis
1128 3077 1214 3142 datae
1230 3077 1272 3142 ad
1288 3083 1422 3162 tempus
1437 3083 1574 3143 senten-

396 3196 453 3259 tiae
468 3192 662 3264 definitivae,
680 3187 713 3253 id
729 3195 780 3254 est
794 3189 838 3253 ad
851 3205 989 3253 causam
1004 3185 1233 3250 deliniendam
1248 3185 1299 3268 (l).
1552 3186 1554 3190 '

407 3331 409 3336 ·
434 3303 466 3364 3⁰
481 3299 716 3372 Eoesccotorz'ae,
735 3315 809 3380 quae
825 3311 895 3370 reo,
905 3313 966 3377 per
980 3295 1185 3358 sententiam
1198 3291 1435 3368 condemnato,
1449 3293 1574 3358 dantur

367 3443 370 3446 ·
395 3412 437 3475 ad
454 3407 728 3474 satisfaciendum
744 3409 778 3468 et
792 3403 996 3468 solutionem
1011 3401 1297 3485 praetendente).
1315 3401 1379 3465 Sed
1395 3407 1571 3468 exsecuto-

395 3520 445 3583 ria
460 3517 574 3582 dilatio
588 3516 702 3580 locum
725 3532 794 3578 non
816 3513 919 3577 habet
941 3512 976 3574 in
990 3509 1231 3586 criminalibus,
1249 3510 1327 3594 quia
1345 3510 1380 3573 in
1398 3510 1451 3574 his
1465 3527 1571 3592 gene-

394 3627 493 3690 ratim
509 3625 680 3688 exsecutio
701 3641 770 3686 non
792 3620 960 3690 differtum
977 3617 1087 3682 sedin
1102 3617 1255 3682 civilibus
1270 3617 1568 3682 tantumooncedi-

395 3741 459 3799 tur.
481 3733 557 3797 Haac
589 3731 702 3794 dilatio
730 3731 764 3792 in
789 3727 943 3791 civilibus
966 3725 1202 3808 personalibus
1226 3728 1372 3807 quatuor
1397 3726 1567 3790 mensium

384 3842 540 3925 'spatium
554 3837 804 3921 complectitur:
817 3837 851 3898 in
864 3833 1017 3898 civilibus
1027 3851 1109 3898 vero
1123 3831 1281 3906 realibus,
1295 3834 1467 3898 exsecutio
1477 3835 1515 3898 flt
1525 3834 1567 3899 de

390 3954 467 4032 jare
483 3949 555 4012 sine
571 3945 741 4019 dilatione,
759 3943 822 4006 nisi
847 3962 926 4006 reus
947 3945 1050 4023 neget
1071 3960 1106 4005 se
1127 3959 1226 4022 posse
1249 3941 1363 4004 statim
1383 3959 1457 4006 rem
1475 3942 1567 4008 illam

393 4059 581 4122 restituere.

424 4285 624 4351 (illicacta,
640 4299 664 4335 a.
681 4287 704 4347 5,
719 4286 742 4348 6,
758 4285 798 4344 ¹12,
814 4285 853 4332 ta.

424 4367 457 4431 (a)
472 4365 550 4428 rata,
565 4379 589 4416 a.
605 4367 722 4426 rra-ram
740 4365 794 4424 mc,
811 4363 864 4412 mr.

325 4431 329 4442 '
425 4448 460 4510 (a)
474 4445 551 4510 nu,
564 4460 588 4497 a.
601 4449 657 4508 sac,
672 4449 734 4508 aa„
745 4447 800 4508 sor,
812 4445 872 4506 scm
884 4442 948 4496 coa.
961 4443 1022 4507 civ,
1034 4443 1115 4496 n-ao.

424 4529 456 4594 (i)
468 4529 543 4580 Proc.
555 4529 616 4592 civ.¹
632 4525 731 4580 93-10‘2.

424 4612 457 4674 (5)
473 4607 609 4672 Codeta,
624 4623 649 4658 a.
664 4609 737 4670 12443
753 4607 826 4661 Proc.
842 4606 902 4668 cla,
920 4607 963 4656 lat
976 4608 1002 4657 et
1016 4619 1082 4671 seq„
1099 4609 1210 4658 tos-raa.
