3504 5568
353 550 414 616 eto
813 569 866 617 rus
885 569 1066 644 monsieur.

353 685 431 748 faeti
447 684 502 748 vel
511 686 599 768 juris
609 687 690 768 (oap.
707 703 765 750 un.
781 685 815 750 h.
833 692 856 748 t.
872 687 908 750 in
918 687 962 761 θ’,
972 691 1008 749 et
1020 703 1049 748 o.
1064 685 1086 748 5
1099 684 1141 747 de
1152 684 1294 766 Adule).
1305 684 1526 751 Animadver-

354 791 497 856 tendum
510 797 563 856 est
575 793 765 873 generatim
776 793 866 876 quod
877 795 920 858 oh
933 792 1065 858 nullum
1073 791 1243 858 oooultum
1253 791 1412 858 deliaturn
1423 793 1526 858 eoele-

353 901 404 964 sia
415 899 596 983 polluitur:
611 901 658 964 ita
667 901 896 966 eommuniter
906 901 972 965 llll.
989 902 1047 984 qui
1060 902 1125 966 hoo
1142 905 1268 964 eruunt
1280 919 1323 964 ex
1334 901 1437 966 variis
1451 907 1525 966 tex·

354 1007 443 1072 tibus
454 1007 552 1092 Juris,
568 1013 603 1074 et
617 1027 660 1072 ex
672 1011 805 1075 ratione
822 1010 1015 1086 intrinseca,
1033 1009 1112 1094 quia
1125 1009 1267 1092 pollutio
1291 1027 1362 1074 non
1381 1009 1528 1074 sumitur

353 1115 582 1192 materialiter,
596 1115 657 1181 sed
672 1117 708 1180 in
723 1116 974 1182 existimatione
987 1116 1167 1182 homiuum
1182 1135 1243 1180 seu
1258 1115 1364 1181 veluti
1379 1135 1422 1180 ex
1435 1117 1528 1182 fame

353 1223 494 1306 perdite.
1380 1219 1388 1236 ‘

393 1331 426 1412 d)
443 1331 634 1398 Notandum
648 1337 701 1398 est
712 1333 803 1417 quod
822 1327 1059 1397 ooemeter'ium
1082 1332 1205 1397 iisdem
1228 1331 1340 1397 modis
1364 1331 1528 1414 polluitur

251 1447 261 1466 ·
353 1439 475 1522 quibus
490 1439 642 1506 eoelesia.
665 1441 731 1506 Sed
760 1440 903 1505 ulterius
925 1439 1147 1524 querendum
1176 1444 1238 1515 est,
1256 1444 1371 1503 utrum
1399 1439 1529 1522 polluta

353 1547 494 1614 eeclesia
507 1547 680 1630 polluetur
693 1549 940 1625 ramelenum,
956 1553 991 1612 et
1003 1547 1177 1612 uicissim?

392 1658 423 1720 l⁰
437 1656 470 1719 Si
484 1659 720 1721 coemeterium
734 1657 936 1738 contiguum
957 1655 1001 1719 sit
1028 1654 1190 1730 eoelesiae,
1213 1654 1343 1738 polluta
1374 1655 1526 1732 ecelesia,

353 1763 965 1846 polluituretiamooemeteriummon
978 1763 1529 1846 tamenvioissim:ratioest,quia

351 1871 1529 1958 ooemeteriumestaooessoriumeoolesiae3porroaooessoriumsequi-

352 1983 408 2042 tur
418 1979 617 2063 prinoipale3
628 1979 811 2063 principale
821 1965 892 2044 non
902 1979 1056 2062 sequitur
1069 1977 1307 2042 aooessorium.
1319 1977 1412 2054 Hine,
1421 1979 1448 2042 si
1459 1997 1527 2042 ooe-

351 2085 709 2170 meteriumpollutum
719 2083 1529 2170 sitperpollutionemeoolesiae,peristiusreoon-

352 2193 668 2260 oiliationemstiam
678 2196 790 2279 ipsum
799 2191 1245 2260 reoonoiliaturzoonstatex
1254 2212 1282 2258 o.
1292 2192 1393 2258 unh.
1404 2199 1428 2260 t.
1440 2194 1526 2271 intl’,

353 2308 388 2367 et
401 2306 576 2368 communi
590 2303 761 2370 sententia
775 2303 840 2367 Dlt.

391 2410 1530 2496 2⁰Siooemeteriumremotumsitabeeclesiaetsejunotumpolluta

353 2519 495 2584 ecelesia
508 2537 579 2585 non
592 2520 764 2603 polluitur,
782 2525 820 2584 ut
834 2523 968 2585 constet
980 2537 1024 2583 ex
1037 2519 1126 2585 teoto
1141 2520 1379 2603 separationis;
1392 2520 1527 2605 quando

352 2625 524 2720 polluitur,
540 2627 662 2693 iisdem
674 2629 794 2692 ritibus
804 2629 928 2711 quihus
944 2626 1096 2703 ecelesia,
1111 2627 1398 2692 renonoiliandum
1413 2633 1475 2694 est:

370 2781 371 2786 η
392 2737 425 2799 3⁰
440 2735 473 2800 Si
488 2735 556 2802 duo
568 2741 649 2801 sunt
662 2735 859 2802 ooemeterie
874 2755 949 2820 quea
964 2737 1028 2800 sihi
1039 2737 1222 2812 eohaerent,
1242 2737 1302 2800 sed
1325 2737 1527 2802 intermedio

353 2843 480 2928 pariete
496 2847 734 2928 sejunguntur,
751 2845 973 2908 tunoviolato
1001 2861 1071 2908 uno
1097 2843 1245 2908 alterum
1274 2861 1344 2908 non
1369 2843 1525 2920 violetur,

353 2951 486 3016 etiamsi
499 2952 611 3017 aditus
624 2956 740 3034 pateat
753 2953 794 3016 ab
814 2969 884 3015 uno
898 2951 941 3016 ad
962 2950 1108 3014 alterum
1127 2969 1189 3034 per
1210 2955 1344 3032 portem
1369 2951 1529 3014 interme-

354 3058 466 3124 diam:
483 3065 617 3125 oonstat
631 3079 675 3124 ex
685 3060 741 3124 ait.
757 3077 830 3141 oep.
847 3058 883 3122 in
896 3059 940 3122 θ’.
958 3057 1056 3123 Ratio
1070 3063 1133 3133 est,
1151 3057 1230 3141 quia
1242 3057 1354 3140 peries
1368 3058 1528 3124 interme-

353 3165 429 3230 dius
442 3167 646 3232 divisionem
657 3167 796 3232 induoit.
932 3233 937 3244 ,

393 3275 420 3356 e)
436 3275 582 3340 Elleotue
595 3275 788 3342 violationis
802 3295 863 3340 ssu
876 3275 1074 3359 pollutionis
1089 3274 1239 3340 eoelesiae
1253 3280 1334 3340 sunt
1349 3275 1417 3339 duo
1434 3295 1441 3338 :

393 3385 425 3448 1⁰
438 3383 571 3449 Primus
586 3391 639 3450 est
666 3385 757 3470 quod
787 3385 929 3450 eeclesia
952 3383 1083 3467 pollute
1106 3402 1177 3448 non
1204 3387 1318 3466 potest
1337 3386 1526 3450 oonseoreui

354 3497 537 3576 antequam
551 3493 788 3558 reconoilietur
797 3497 831 3557 et
844 3491 1042 3575 pollutionis
1051 3509 1155 3556 eausa
1165 3497 1366 3558 amoveatur
1389 3492 1473 3575 (esp.
1487 3491 1526 3554 Ἡ

354 3604 389 3662 et
401 3601 451 3676 28,
468 3599 544 3665 dist.
562 3603 591 3678 l,
609 3601 650 3666 de
664 3601 830 3678 Conserr„
849 3601 938 3683 eto).

393 3707 425 3770 3⁰
439 3707 614 3773 Secundus
629 3709 784 3794 estquod
797 3709 832 3773 in
848 3709 991 3774 eeclesia
1003 3707 1133 3792 pollute
1146 3725 1218 3773 non
1233 3713 1379 3791 possunt
1392 3725 1457 3771 neo
1479 3705 1528 3770 di-

354 3815 569 3892 rimoldum,
586 3835 650 3881 neo
663 3817 769 3880 missa
780 3815 955 3892 eelebrari,
972 3820 1010 3880 ut
1020 3817 1094 3899 jam
1115 3820 1218 3880 antea
1238 3816 1447 3890 monuimus,
1463 3831 1527 3880 neo

355 3915 505 3982 defuncti
520 3917 665 4001 sepeliri.

560 4116 591 4166 11.
608 4113 808 4168 denominatio
822 4115 948 4170 eoeleste
960 4116 1085 4181 pollute,
1098 4118 1143 4170 vet
1157 4117 1325 4172 ooemetertt.

394 4249 427 4329 a)
442 4249 583 4325 Quando
598 4248 740 4314 eeclesia
753 4248 866 4332 aliquo
882 4269 923 4314 ex
938 4252 1086 4334 praelatis
1100 4253 1211 4317 modis
1227 4252 1398 4336 polluitur,
1412 4252 1524 4326 debet,

355 4358 608 4441 quamprimum
618 4358 693 4422 sseri
705 4362 828 4441 potest,
844 4359 1065 4437 reconciliari,
1081 4365 1120 4424 ut
1132 4360 1303 4442 colligitur
1315 4379 1358 4424 ex
1376 4377 1448 4442 eap.
1465 4359 1523 4422 ssn.

353 4466 386 4529 h.
404 4465 467 4540 tit,
484 4465 542 4528 ubi
555 4465 641 4529 ratio
654 4464 790 4530 additur
802 4486 809 4529 :
820 4466 889 4530 «Ne
909 4465 1032 4531 divinae
1046 4466 1157 4532 laudis
1172 4485 1302 4548 organa
1316 4465 1526 4550 suspendan-

354 4579 420 4636 tur.
439 4599 454 4631 ι)
480 4573 545 4638 Sed
569 4573 682 4656 quoad
707 4574 848 4638 modum
862 4575 1157 4652 reoonoiliationis,
1176 4575 1453 4656 distinguendum
1472 4579 1524 4637 est

354 4681 443 4744 inter
458 4680 635 4746 ecelesiam
648 4681 802 4746 nondum
815 4687 1048 4748 consecratam
1064 4688 1099 4745 et
1112 4687 1354 4750 conseeratam.
