3498 5572
553 601 640 647 LlBER
661 601 787 647 TERTIUS
807 601 1030 647 undaurnimat.
1322 579 1382 644 467

202 722 304 789 lrodie
327 723 463 805 dejure
488 723 679 799 communi,
696 722 872 804 regulares
894 722 983 786 hano
1008 721 1264 803 exemptionem
1287 718 1383 784 invo-

202 836 298 907 oant;
315 836 350 894 et
367 833 425 914 jus
449 829 600 895 donandi
623 831 861 914 exemptiones
882 849 953 894 non
976 829 1139 893 fundatur
1155 829 1190 892 in
1212 825 1385 892 decretali

202 941 266 1003 bus
288 938 495 1014 isidorianis,
512 942 551 1000 ut
571 938 687 1021 inepte
710 937 810 1002 docet
829 937 1026 1012 Febronius,
1045 954 1107 999 seu
1121 953 1192 1000 non
1206 935 1272 998 fuit
1286 951 1385 998 usur-

200 1052 320 1130 patum
338 1065 359 1110 a
376 1046 473 1110 Rom.
490 1044 727 1119 Pontificibus3
746 1044 806 1109 sed
831 1049 885 1107 est
906 1043 1134 1127 praerogativa
1154 1043 1333 1126 primatus,
1351 1045 1386 1105 et

199 1155 284 1220 alias
299 1155 335 1218 in
353 1153 501 1218 Ecclesia
515 1171 651 1236 semper
665 1152 880 1233 recognitum
900 1153 935 1214 in
951 1155 1121 1234 potestate
1137 1150 1316 1234 superiori,
1333 1153 1382 1224 ut,

201 1282 233 1325 v.
248 1283 296 1344 g„
318 1263 355 1326 in
375 1259 586 1345 patriarchis.
605 1259 698 1342 (Vide
717 1260 862 1336 Zaccar,
878 1258 1063 1342 Antisedr„
1083 1279 1116 1342 p.
1136 1258 1176 1334 ll,
1196 1258 1219 1321 l.
1234 1258 1272 1335 V,
1287 1276 1316 1322 o.
1339 1259 1383 1342 l.)

201 1370 328 1434 Tamen
343 1368 518 1452 exemptio
531 1371 585 1433 est
599 1367 714 1432 stricte
728 1366 997 1450 interpretenda,
1015 1371 1050 1431 et
1070 1367 1160 1443 iden,
1185 1367 1214 1431 si
1241 1365 1387 1432 ecclesia

201 1475 256 1543 rel
271 1477 358 1542 alius
372 1477 468 1544 locus
483 1497 579 1543 sacer
590 1483 651 1544 aut
664 1477 845 1559 religiosus
863 1479 1101 1561 incorporatus
1117 1478 1161 1542 sit
1174 1473 1386 1542 monasterio

202 1591 379 1668 exempto,
396 1603 467 1650 non
485 1587 585 1650 tieret
608 1604 649 1650 eo
669 1585 744 1668 ipso
765 1591 957 1669 exemptus,
976 1605 1089 1670 neque
1113 1587 1287 1650 desineret
1309 1603 1385 1650 esse

202 1694 376 1776 subiectus
398 1695 479 1758 huie
505 1677 664 1777 episcopo
684 1694 720 1756 in
744 1695 844 1778 cujus
870 1695 1039 1759 territorio
1062 1696 1148 1758 situs
1173 1699 1235 1770 est,
1254 1693 1387 1759 etiamsi

202 1803 452 1868 monasterium
467 1803 521 1866 cui
535 1802 654 1867 unitur
667 1803 711 1866 sit
725 1801 865 1867 alterius
881 1802 1048 1866 dimoesis.
1067 1801 1258 1868 Canonistae
1272 1801 1387 1866 varios

201 1929 301 1976 casus
323 1915 529 1976 enumerant
545 1910 581 1974 in
597 1910 721 1995 quibus
737 1911 929 1992 episcopus,
947 1915 1112 1992 tanquam
1127 1909 1223 1974 Sedis
1244 1909 1387 1994 Aposto-

200 2017 274 2083 licae
309 2017 505 2100 delegatus,
532 2017 808 2101 jurisdictionem
834 2035 994 2081 exercere
1027 2015 1119 2080 valet
1145 2017 1182 2080 in
1209 2016 1387 2098 regulares

201 2132 390 2211 exemptos.
416 2126 509 2209 (Vide
528 2125 665 2202 Girald.,
687 2125 841 2209 Exposit.
854 2125 1067 2210 jurisporct„
1088 2145 1120 2207 p.
1143 2124 1167 2202 Ι,
1198 2144 1224 2188 s.
1245 2126 1329 2204 192.)
1343 2125 1387 2188 At

201 2235 391 2300 notandum
411 2239 464 2300 ost
485 2234 576 2319 quod
595 2235 753 2298 instituta
776 2239 938 2298 votorum
962 2233 1168 2317 simplicium
1191 2253 1262 2298 non
1282 2233 1386 2318 parti-

192 2343 315 2426 cipant
342 2344 446 2426 hujus
474 2343 644 2426 privilegii
670 2343 919 2426 exemptionis,
951 2341 1042 2425 quod
1068 2341 1279 2422 regularium
1306 2359 1385 2424 pro·

200 2450 313 2532 prium
327 2456 390 2528 est,
407 2452 557 2516 maxime
577 2451 605 2515 si
622 2451 771 2516 existant
789 2449 862 2516 sola
874 2451 1100 2534 permissione
1117 2450 1383 2526 ordinariorum
1482 2525 1484 2532 y

202 2557 230 2620 si
254 2563 370 2624 autem
393 2559 655 2624 constitutiones
679 2559 818 2624 illorum
840 2559 1077 2623 institutorum
1101 2575 1121 2622 a
1145 2557 1270 2623 Sancta
1297 2557 1384 2623 Sede

201 2667 341 2731 fuerunt
359 2669 565 2751 approbatae,
590 2668 752 2734 standum
774 2673 827 2731 est
849 2667 925 2730 istis
946 2667 1247 2732 constitutionibus
1269 2665 1383 2750 quoad

202 2775 450 2860 subjectionem
463 2776 641 2860 episcopis.

240 2883 414 2948 3⁰Domus
436 2884 512 2967 piae,
529 2903 590 2949 seu
606 2881 788 2967 hospitalia
811 2889 846 2948 et
869 2888 993 2948 caetera
1020 2882 1096 2950 loca
1120 2882 1162 2948 ad
1183 2883 1319 2968 pietatis
1349 2889 1384 2950 et

200 2992 442 3056 misericordiae
463 3011 568 3076 opera
589 2993 760 3077 deputata,
781 2993 1008 3076 subjiciuntur
1022 2994 1192 3078 episcopo,
1212 2994 1334 3059 saltem
1355 2993 1384 3057 si

200 3100 428 3166 ecclesiastiea
447 3103 648 3167 auctoritate
672 3106 785 3166 erecte
800 3107 894 3179 sunt;
918 3101 1010 3166 unde
1033 3102 1174 3183 neganti
1199 3102 1383 3186 subjectio-

200 3227 280 3274 nem
307 3209 474 3274 incumbit
497 3227 584 3274 onus
612 3208 780 3292 probandi
801 3209 842 3292 (c.
863 3209 882 3272 3
902 3210 934 3272 h.
960 3211 1008 3293 t).
1028 3209 1094 3274 Sed
1119 3211 1147 3273 si
1175 3210 1379 3276 auctoritate

199 3317 359 3400 principis
372 3317 544 3382 seeoularis
557 3322 617 3382 aut
630 3317 777 3381 aliorum
789 3317 1008 3382 dominorum
1020 3317 1383 3400 temporaliumerecta

200 3429 291 3516 sunt,
303 3425 531 3508 jurisdictioni
553 3411 702 3508 episcopi
725 3425 908 3490 dimossarii
932 3445 1003 3490 non
1026 3427 1172 3490 subsunt
1188 3447 1195 3488 :
1211 3422 1383 3507 colligitur

200 3552 246 3598 ax
264 3552 292 3598 o.
308 3533 376 3596 lh.
394 3539 417 3597 t.
434 3533 532 3598 Ratio
551 3537 614 3610 est,
632 3534 712 3617 quia
734 3533 933 3616 hujusmodi
959 3533 1092 3610 domus,
1109 3533 1190 3598 lieet
1209 3534 1290 3616 piae,
1310 3552 1381 3599 non

201 3645 281 3704 sunt
300 3639 479 3722 religiosae,
501 3640 562 3705 sed
587 3647 769 3705 remanent
792 3641 868 3706 loca
890 3642 1044 3724 profana,
1062 3659 1141 3704 cum
1164 3641 1239 3705 loca
1268 3643 1381 3709 solum

199 3749 283 3813 flant
296 3748 457 3828 religiosa
469 3766 531 3832 per
544 3749 809 3813 destinationem
823 3750 1024 3814 auctoritate
1041 3747 1225 3831 episcopali
1239 3749 1377 3814 iactam.

241 3855 280 3918 ll.
301 3855 465 3921 Visz'tatio.
492 3858 525 3939 a)
541 3855 705 3938 Episcopo
729 3857 845 3936 agenti
871 3857 943 3920 sive
966 3857 1155 3920 secundum
1174 3859 1381 3938 potestatem

201 3963 418 4038 ordinariam,
431 3963 502 4028 sive
518 3969 557 4026 ut
571 3962 748 4044 delegatus
761 3962 858 4027 Sedis
871 3963 1085 4046 Apostolioae,
1099 3964 1264 4046 competit
1276 3963 1381 4028 etiam

195 4076 256 4155 jus
271 4073 431 4138 visitandi
446 4079 481 4136 et
500 4073 660 4154 exigendi
680 4073 831 4136 rationes
851 4074 893 4137 ab
908 4073 1242 4138 administratoribus
1264 4073 1382 4138 domo-

199 4201 278 4246 rum
306 4199 409 4266 supra
437 4186 736 4257 enumeratorum,
764 4200 835 4248 non
863 4183 1079 4264 obstantibus
1108 4181 1381 4266 quibuscumque

199 4288 386 4375 privilegiis
401 4294 437 4355 et
449 4289 698 4356 consuetudine
714 4289 894 4366 contrmia,
904 4287 1270 4364 etiamimmemoriali,
1281 4290 1383 4372 juxta

200 4398 392 4465 concirid.
403 4401 499 4482 (sess.
514 4399 565 4476 ii,
581 4400 642 4464 c.8
657 4403 692 4464 et
701 4399 731 4476 9,
744 4399 787 4464 de
799 4395 975 4482 deformi.
991 4397 1057 4464 Sed
1071 4417 1151 4463 cum
1165 4397 1333 4480 subjectio
1346 4401 1384 4466 et

197 4509 255 4590 jus
270 4507 429 4573 visitandi
449 4527 520 4573 non
535 4508 693 4573 eamdem
708 4509 849 4573 omnino
867 4508 1017 4572 habeant
1033 4506 1284 4581 extensionem,
1300 4503 1381 4569 licet

196 4617 255 4698 jus
268 4614 428 4681 visitandi
444 4615 606 4699 importet
619 4615 769 4700 aliquam
784 4616 1044 4698 subjectionem,
1062 4614 1244 4698 quaeritur:

241 4725 323 4806 Qzeae
337 4727 405 4791 aiot
417 4727 490 4792 loca
505 4745 582 4810 price
597 4725 787 4790 visitationi
797 4723 1045 4808 subjicientur?
1057 4723 1089 4787 1ο
1106 4721 1306 4792 Generatim,
1316 4739 1377 4790 scu
