3504 5568
376 591 435 662 alc
835 609 886 658 aas
907 613 1086 660 canonrcou.

377 729 527 794 essentia
540 727 813 794 consecrationis.
836 727 971 808 (Giraldi
988 731 1063 794 fuse
1077 731 1142 796 hoc
1160 729 1281 810 probat
1299 730 1335 794 in
1354 728 1429 794 loco
1445 747 1549 812 supra

376 836 490 914 citato,
507 841 587 900 sect.
605 836 687 916 609.)

417 944 483 1026 c)A
499 961 564 1027 quc
581 945 807 1010 consecranda
818 947 886 1010 siat
898 945 1050 1010 alteria?
1062 947 1093 1009 l·
1108 947 1154 1010 lle
1167 947 1245 1029 jure
1259 947 1444 1022 communi,
1462 946 1546 1011 alta·

376 1054 427 1117 ria
440 1052 670 1119 consecranda
684 1059 764 1118 sunt
777 1056 819 1119 ab
837 1055 1008 1140 episcopo,
1027 1073 1097 1122 nou
1111 1073 1132 1121 a
1145 1055 1288 1139 simplici
1306 1055 1490 1130 sacerdote,
1507 1057 1548 1116 ut

376 1165 566 1226 constater
578 1177 650 1244 cap.
668 1162 699 1237 5,
714 1161 747 1224 h.
763 1162 813 1226 tit.
831 1167 866 1226 et
880 1181 924 1227 ex
937 1162 1057 1228 Pontil.
1075 1163 1172 1228 Rom.
1191 1163 1287 1227 Ratio
1301 1167 1363 1239 est,
1381 1163 1548 1246 qaiaccn·

377 1271 520 1334 sacratio
532 1267 589 1333 illa
599 1272 652 1332 est
665 1273 760 1332 actus
776 1269 904 1333 ordinis
919 1271 1130 1354 episcopalis.
1144 1271 1210 1336 Sed

415 1377 447 1439 2⁰
461 1375 614 1442 Potestas
626 1377 848 1442 consecrandi
865 1383 979 1461 potest
998 1397 1019 1444 a
1040 1379 1071 1442 S.
1096 1378 1258 1444 Pontitlce
1276 1377 1442 1444 committi
1465 1378 1545 1441 sim-

376 1483 453 1566 plici
466 1483 649 1560 sacerdoti;
664 1501 727 1547 sau
739 1485 930 1565 generatim
943 1486 1035 1550 idem
1050 1487 1231 1551 dicendum
1246 1489 1299 1550 est
1311 1485 1352 1550 de
1369 1502 1547 1550 consecra-

377 1590 468 1655 tione
481 1589 596 1656 altaris
610 1607 649 1654 ac
663 1589 705 1655 da
719 1591 974 1656 consecratione
990 1591 1150 1656 ecclesiae.

710 1783 740 1832 11.
760 1779 917 1834 Exsecratio
930 1781 960 1834 et
971 1781 1089 1846 pollutio
1104 1781 1210 1836 utaris.

416 1915 448 1996 a)
470 1913 670 1980 Exsecratur
694 1912 799 1980 altare
822 1919 891 1978 tam
915 1916 1023 1978 fixum
1048 1933 1151 1999 quam
1175 1917 1325 1980 mobile:
1351 1918 1383 1980 l·
1411 1916 1547 2000 quando

375 2020 490 2085 tabula
503 2024 701 2087 consecrata
723 2021 788 2085 luit
805 2024 984 2086 enormiter
996 2023 1111 2104 fracta
1126 2024 1165 2106 (c.
1182 2025 1201 2087 3
1216 2025 1250 2088 h.
1274 2025 1323 2106 t).
1343 2023 1447 2088 Porro
1469 2023 1547 2088 dici-

377 2133 432 2192 tur
445 2129 630 2194 enormiter
643 2131 759 2205 fracta
785 2129 814 2194 si
833 2147 954 2196 mensa
967 2131 1123 2213 superior
1137 2151 1198 2196 seu
1211 2129 1298 2215 lapis
1312 2131 1547 2214 superpositus

376 2237 434 2318 qui
448 2236 597 2318 sigillum
607 2237 769 2314 continet,
782 2257 905 2320 nempe
914 2238 999 2320 lapis
1012 2239 1085 2322 ipse
1102 2239 1229 2317 altaris,
1247 2240 1495 2320 infrangatur,
1510 2243 1549 2301 ut

375 2344 463 2409 calix
477 2361 555 2410 cum
576 2349 701 2428 patena
720 2347 908 2412 secundum
930 2350 1098 2430 majorem
1117 2347 1170 2412 sui
1189 2352 1322 2432 partem
1342 2347 1377 2410 in
1399 2365 1441 2410 eo
1456 2351 1546 2410 stare

377 2471 447 2516 non
470 2451 616 2535 amplius
631 2457 735 2535 queat
751 2472 758 2514 :
774 2458 908 2520 constat
922 2473 965 2520 ex
985 2471 1056 2538 cap.
1073 2455 1106 2517 l1.
1123 2455 1174 2518 tit.
1198 2454 1282 2530 Imo,
1300 2456 1400 2536 juxta
1417 2451 1545 2535 plures,

376 2559 547 2624 amitteret
570 2577 668 2624 suam
690 2561 992 2640 consecrationem,
1021 2563 1152 2645 sipara
1181 2561 1331 2626 detracta
1357 2561 1548 2625 contineret

376 2682 480 2730 unam
493 2685 536 2730 ex
551 2666 746 2732 lateralibus
766 2668 921 2732 crucibus
940 2670 982 2733 ab
997 2669 1156 2752 episcopo
1172 2668 1361 2752 specialiter
1374 2683 1548 2732 consecra·

377 2773 439 2837 tis:
455 2775 520 2842 hoc
536 2775 665 2840 eruitur
680 2793 723 2840 ex
738 2774 963 2840 declaratione
983 2775 1016 2838 S.
1041 2775 1161 2856 congr.
1182 2775 1247 2840 Rit.
1274 2775 1294 2839 6
1317 2778 1381 2839 oet.
1398 2773 1487 2848 1837,
1510 2773 1548 2837 in

377 2900 444 2964 qua
466 2881 579 2964 agitur
601 2882 642 2947 de
665 2883 829 2948 fractione
850 2882 998 2948 lateralis
1021 2882 1137 2966 partis,
1165 2883 1246 2966 quin
1266 2881 1395 2946 mentio
1423 2883 1483 2945 fiat
1504 2881 1546 2946 de

375 2988 537 3054 fractione
572 2990 726 3074 sepulcri.
759 2990 887 3056 Tamen
911 2990 1104 3054 communis
1137 2989 1308 3056 sententia
1327 2989 1547 3072 antiquorum

376 3095 433 3160 GC.
452 3101 525 3162 erat
549 3116 698 3180 negans3
718 3099 753 3163 in
772 3097 878 3181 praxi,
907 3097 1000 3162 dubii
1016 3098 1139 3164 solutio
1153 3097 1281 3162 remitti
1294 3097 1397 3162 dehet
1410 3097 1547 3162 arbitrio

376 3205 540 3288 episcopi,
566 3225 605 3272 ac
626 3206 765 3271 interim
791 3206 1032 3272 abstinendum
1060 3211 1113 3271 est
1134 3223 1155 3270 a
1180 3203 1407 3269 celebratione
1432 3203 1546 3270 missae

376 3329 478 3396 super
504 3313 601 3379 altari
627 3315 727 3379 dubie
759 3319 975 3392 consecrato,
1003 3331 1084 3378 nam
1111 3312 1268 3380 sacerdos
1293 3331 1330 3376 se
1361 3319 1549 3395 exponeret

375 3421 524 3504 periculo
538 3421 730 3488 celebrandi
743 3424 780 3488 in
792 3423 868 3490 loco
880 3407 951 3490 non
964 3443 1070 3490 sacro.

413 3529 446 3592 2⁰
459 3529 660 3599 Exsecratur
670 3532 776 3597 altare
788 3533 906 3609 lixum,
923 3533 1060 3617 quando
1072 3540 1400 3600 mansaconsecrata
1410 3553 1547 3599 amove·

375 3643 430 3702 tur
452 3639 494 3703 ab
510 3637 661 3704 inferiori
685 3643 864 3716 structura,
894 3658 956 3705 seu
978 3659 999 3706 a
1018 3641 1091 3705 basi
1117 3641 1171 3705 cui
1195 3646 1249 3705 est
1270 3642 1423 3717 affixum,
1441 3640 1500 3706 ael
1525 3661 1546 3706 a

374 3745 539 3812 columnia
553 3746 675 3829 quibus
688 3745 844 3811 innititur
858 3749 941 3831 (cap.
967 3750 996 3824 1,
1020 3749 1040 3811 3
1054 3748 1087 3811 h.
1105 3747 1180 3830 tit).
1197 3747 1263 3812 Sed
1276 3749 1305 3813 si
1318 3767 1398 3816 cum
1411 3749 1484 3814 basi
1501 3749 1543 3812 de

374 3855 449 3920 loco
463 3853 623 3920 inlocum
638 3856 872 3934 transferatur,
887 3875 958 3922 non
976 3857 1102 3922 amittit
1122 3875 1219 3922 suam
1240 3858 1542 3930 consecrationem,

375 3969 413 4026 ut
437 3968 580 4028 monent
601 3965 828 4028 communiter
852 3965 917 4030 llll.
943 3965 1035 4049 (Vide
1059 3965 1192 4041 Giraldi‚
1217 3967 1288 4030 loco
1309 3967 1376 4048 cit.)
1399 3967 1544 4031 Evidens

375 4075 427 4136 est
438 4070 543 4136 altare
557 4069 713 4154 portatile
724 4090 794 4136 non
809 4074 988 4150 exsecrari,
1006 4073 1141 4156 quando
1158 4080 1334 4156 separatur
1346 4093 1367 4138 a
1379 4073 1473 4155 ligno
1488 4073 1545 4138 vel

373 4180 483 4264 lapide
496 4180 552 4245 oui
566 4184 618 4245 est
630 4180 811 4259 inclusum,
829 4183 908 4266 quia
923 4201 966 4248 ex
979 4188 1101 4248 natura
1115 4203 1178 4248 sua
1192 4188 1245 4248 est
1266 4183 1400 4249 mobile.
1416 4182 1543 4246 Tamen

375 4289 403 4353 si
426 4289 462 4354 in
482 4288 575 4370 ligno
597 4287 653 4354 vel
676 4289 786 4372 lapide
814 4291 872 4354 ubi
895 4294 949 4356 est
969 4289 1150 4370 inclusum,
1172 4291 1304 4356 loculus
1324 4289 1545 4374 reliquiarum

373 4399 541 4482 repositus
563 4399 694 4476 fuisset,
711 4401 923 4482 separatione
938 4401 1036 4476 lacta,
1053 4400 1159 4466 altare
1180 4400 1335 4484 portatile
1355 4415 1546 4464 exsecrare-

373 4511 430 4572 tur
445 4527 452 4570 :
469 4509 516 4572 ita
529 4507 756 4572 communiter
769 4508 847 4583 bb„
863 4511 899 4573 et
911 4508 994 4574 alias
1008 4512 1142 4575 constat
1162 4527 1205 4574 ex
1225 4508 1374 4575 dicendis
1397 4507 1439 4572 de
1457 4507 1543 4572 trac-

374 4614 467 4681 ticne
480 4615 636 4698 sepulcri.

413 4723 446 4786 3ο
462 4721 611 4788 Tandem
626 4723 761 4807 quaudo
782 4724 948 4806 frangitur
972 4729 1007 4793 et
1024 4729 1220 4814 removetur
1245 4722 1437 4808 sepulcrum
1461 4720 1543 4790 alta·
