3440 5568
379 603 441 670 tlt
840 625 892 671 scs
910 625 1094 670 cannam

415 743 500 802 Onus
513 743 713 817 pameliorum
726 751 775 803 est
787 745 896 804 diebus
910 745 1016 804 saitem
1026 743 1201 809 dominicis,
1215 743 1344 800 61166116
1358 743 1558 810 solemnibus,

378 831 699 906 docendiplehessibi
717 833 1562 908 commissaseaquaescireomnibusueomriumest

377 919 416 978 ad
430 919 572 994 66161661,
594 927 625 982 et
647 925 827 984 annuntiare
849 939 919 984 enm
942 924 1085 982 breuno
1106 929 1137 982 et
1160 921 1303 980 facilitate
1326 923 1476 982 sermonis
1488 921 1564 978 ritia

377 1023 446 1082 qna
459 1009 621 1084 declinare,
641 1019 672 1072 61
693 1013 822 1072 virtutes
842 1029 921 1086 quas
942 1014 1052 1072 sectari
1075 1017 1212 1085 oporteat
1235 1011 1343 1084 (Fer-r„
1364 1009 1562 1070 1106660616-

379 1097 485 1170 tt'm,
496 1101 528 1158 rt
542 1101 602 1174 jul·
617 1101 778 1176 ltingt).

414 1187 557 1248 Parochis
580 1189 731 1264 praecipue
751 1191 923 1267 injungitur
935 1207 954 1250 a
967 1191 1097 1249 coneilio
1109 1190 1283 1248 Tridentino
1303 1195 1391 1257 (sess
1405 1191 1451 1258 2i,
1467 1191 1562 1261 cap-l

376 1277 449 1347 617,
463 1273 500 1334 dc
520 1277 663 1351 Reform.)
683 1293 764 1338 cuns
782 1279 928 1338 edocendi
943 1293 1057 1354 pueros
1075 1279 1247 1338 rudimenta
1259 1278 1340 1348 fidei,
1354 1278 1416 1336 vim
1428 1283 1458 1336 el
1470 1293 1563 1336 usum

375 1373 632 1426 camentorum
646 1369 814 1444 explicandi
828 1369 933 1444 (Fato,
950 1369 1035 1443 :ljui
1053 1371 1133 1438 1761,
1146 1369 1233 1443 522).

409 1455 519 1514 hnnus
533 1455 714 1528 parochiale,
729 1458 869 1530 parochis
892 1457 1058 1528 inherens,
1078 1457 1212 1529 multati
1238 1457 1369 1515 muime
1391 1469 1561 1515 consonum

375 1545 434 1612 est,
452 1545 487 1601 nt
498 1543 559 1617 ipsi
577 1559 632 1619 per
647 1559 681 1604 se
693 1547 790 1620 ipsos,
800 1552 831 1604 ot
843 1561 906 1604 non
918 1561 973 1620 per
986 1547 1075 1616 alios,
1090 1561 1171 1604 onus
1182 1545 1287 1604 missae
1299 1551 1413 1604 statuta
1422 1545 1470 1603 die
1484 1545 1563 1603 cele-

376 1627 464 1690 brare
475 1635 506 1690 et
521 1631 625 1692 subire
637 1639 798 1692 tenantur
810 1635 905 1708 illoc,
922 1637 957 1691 ll
969 1633 1042 1692 maii
1060 1637 1141 1704 17011,
1155 1633 1173 1706 5
1187 1637 1232 1703 01ς

411 1721 452 1778 lio
466 1719 578 1796 magis,
594 1721 621 1780 si
639 1721 795 1794 proveniat
809 1723 914 1796 vigore
934 1721 1164 1794 transactionis,
1183 1721 1256 1794 qnia
1273 1720 1394 1780 sublato
1408 1724 1561 1795 personali

373 1820 475 1878 onere,
486 1821 523 1866 ex
537 1807 643 1868 eodem
659 1809 734 1868 nihil
747 1809 887 1868 utilitatis
902 1815 1088 1884 reportasset
1100 1808 1196 1867 altera
1206 1825 1289 1882 pars,
1305 1809 1386 1884 quod
1396 1815 1444 1870 est
1455 1817 1563 1870 contra

374 1895 589 1956 transactionis
603 1896 733 1958 indolem
749 1903 778 1955 et
791 1903 930 1956 naturam
945 1897 1052 1970 (ibid).

410 1986 539 2045 curatus
562 1985 814 2046 hebdomadarius
839 1991 980 2046 sanctum
1006 1987 1213 2062 Evangelium,
1241 1986 1427 2062 verbumque
1454 1989 1507 2047 bei
1530 1989 1561 2046 iu

374 2075 471 2136 missa
482 2077 594 2152 populo
605 2079 785 2138 anunntiare
794 2079 884 2138 debet
898 2079 1014 2154 (Neap,
1029 2079 1097 2138 lor.
1109 2081 1233 2150 part.‚d
1247 2083 1335 2135 mart.
1353 2077 1446 2150 1706).

410 2165 522 2227 Omnes
536 2167 589 2242 qui
603 2167 790 2242 parochiales
801 2167 946 2228 ecclesias
960 2181 1152 2241 quocumque
1162 2165 1253 2224 modo
1266 2165 1413 2236 obtinent,
1433 2166 1558 2238 debent,

373 2257 479 2318 saltem
493 2257 601 2318 diebus
614 2257 776 2319 dominicis
802 2263 833 2317 et
846 2259 934 2318 testis
946 2255 1145 2326 solemnibus,
1166 2254 1270 2328 plebes
1292 2253 1352 2313 sibi
1374 2256 1558 2316 commissas

373 2363 429 2422 pro
441 2363 499 2409 suo
513 2353 660 2408 eteorum
674 2348 798 2426 ingenio
811 2363 936 2422 pascere
950 2345 1136 2407 salutaribus
1146 2345 1257 2415 verbiS,
1267 2347 1475 2405 denuntiando
1484 2348 1560 2406 vitia

371 2451 441 2510 qna
453 2435 603 2498 declinme
615 2443 645 2496 et
655 2437 784 2496 61616166
795 2451 873 2512 quas
885 2435 994 2496 sectari
1006 2439 1142 2508 oporteat
1152 2433 1304 2510 (Com.,26
1315 2435 1380 2520 J'an.
1398 2441 1478 2506 ¹726,
1489 2435 1507 2509 ξ
1517 2441 1555 2504 6.)

408 2525 562 2587 rocchus
582 2525 672 2585 debet
686 2531 766 2584 stare
790 2523 1070 2598 praescriptionibus
1087 2521 1217 2581 ilitualis
1236 2523 1378 2594 Romani,
1394 2539 1487 2597 super
1506 2540 1557 2583 as-

372 2615 513 2678 sistentia
525 2615 714 2674 inhrmorum
727 2614 845 2687 (116611,
859 2619 894 2673 76
910 2620 998 2673 mart.
1016 2613 1111 2687 1876).

408 2705 539 2778 Quilibet
553 2706 713 2781 parochus,
729 2705 782 2780 qul
795 2705 897 2779 aliquo
911 2705 1046 2780 legitimo
1056 2719 1118 2762 uon
1131 2704 1173 2762 sit
1186 2703 1401 2778 impedimento
1412 2705 1557 2765 detentus

372 2807 429 2856 noo
441 2795 473 2856 in
488 2795 711 2870 parochialibus
730 2795 882 2855 exercitiis
901 2801 1078 2869 occupatus,
1094 2795 1190 2852 teneri
1205 2808 1259 2868 per
1272 2809 1306 2852 se
1323 2795 1424 2868 ipsum
1438 2796 1558 2854 anima-

371 2900 439 2946 rum
453 2899 557 2946 curam
576 2891 725 2958 exercere,
747 2891 778 2946 et
798 2886 993 2961 potissimum
1017 2885 1218 2944 morientibus
1242 2885 1433 2958 parochianis
1458 2888 1559 2944 assis-

371 2979 432 3036 tere
445 2976 531 3050 (alp,
546 2981 582 3036 70
593 2977 656 3052 jau.
673 2980 753 3048 1776,
765 2977 784 3050 fi
797 2980 836 3045 6).

407 3065 559 3126 l’arochus
582 3079 643 3126 nou
662 3071 782 3125 leuetur
802 3067 834 3124 iu
856 3065 1063 3127 lunationibus
1077 3065 1293 3126 ecclesiasticis
1313 3066 1440 3125 invitare
1455 3081 1559 3126 sacer-

370 3151 457 3212 dotes
471 3153 669 3227 puroobianos
684 3153 828 3227 privative
841 3154 879 3212 ad
889 3157 1008 3212 exteros
1026 3155 1155 3224 (Caesen,
1173 3157 1206 3211 16
1219 3154 1282 3228 Jau.
1299 3159 1380 3227 1676,
1394 3156 1412 3229 5
1425 3153 1480 3228 63).

407 3243 511 3314 Quoad
542 3243 675 3304 ecclesio
706 3242 886 3317 parochialis
916 3239 1184 3314 restaurationem,
1213 3243 1458 3314 translationem,
1486 3241 1559 3302 vide

373 3335 447 3392 sect.
463 3347 503 3404 tv,
518 3329 554 3392 dc
566 3331 718 3392 licelcolls.

406 3421 509 3492 Quoad
520 3419 735 3497 obligationem
746 3419 915 3481 celebrandi
929 3437 984 3496 pro
999 3423 1122 3497 populo,
1136 3423 1204 3482 vide
1218 3422 1338 3482 tilulum
1354 3425 1411 3482 xil
1426 3421 1462 3482 dc
1474 3423 1560 3484 Gele-

371 3507 508 3571 brcttoac
521 3507 697 3570 missorum.
709 3509 774 3568 illa
787 3509 877 3570 etiem
887 3511 988 3570 otlicla
998 3512 1195 3584 parochorum
1206 3511 1297 3572 variis
1312 3512 1344 3570 in
1357 3511 1431 3571 locis
1443 3529 1560 3586 expen-

370 3599 493 3661 duntur.

844 3981 997 4058 stello
1025 3982 1081 4057 VI.

795 4161 837 4210 bl:
865 4165 1124 4211 nascibilitatis

417 4481 437 4534 l.
455 4477 503 4534 De
520 4480 614 4532 niatu
631 4478 787 4546 relictoue
803 4478 840 4531 in
858 4491 981 4546 penses
998 4480 1033 4530 et
1048 4477 1225 4542 speciatim
1241 4477 1283 4530 de
1299 4476 1507 4532 admissione

824 4558 867 4611 ad
884 4557 1097 4612 noviliacum.

405 4693 477 4750 Tres
499 4691 648 4767 siquidem
671 4689 860 4750 conditiones
884 4689 1019 4764 religiosi
1040 4693 1137 4749 status
1156 4688 1333 4764 essentiales
1351 4688 1389 4747 ab
1408 4689 1559 4750 omnibus

370 4779 575 4856 obscoenae,
590 4779 761 4856 cujusmodi
777 4784 849 4840 suut
863 4795 870 4834 :
884 4811 918 4824 -
932 4785 959 4838 l⁰
979 4779 1117 4838 ararium
1139 4794 1298 4838 commuue
1318 4795 1372 4838 seu
1386 4794 1482 4853 capsa
1500 4781 1560 4840 de-
