3510 5574
365 555 425 620 202
826 572 878 620 rus
900 573 1081 620 aaronem.

365 688 599 754 substitutum.
613 689 750 754 Eruitur
764 709 808 756 ex
828 707 922 758 conc.
938 691 1025 756 Trid.
1045 692 1142 773 (sess.
1165 691 1214 766 li,
1240 711 1269 756 c.
1293 692 1354 774 la),
1375 692 1476 776 quod,
1507 693 1544 755 ut

365 813 525 880 expresse
541 795 731 864 declaretur
747 816 768 863 a
782 797 903 880 Gongr.
921 798 1019 866 Gonc.
1038 800 1127 878 tara,
1144 799 1543 868 cousuetudineminacr-

365 905 480 972 viandi
500 923 563 988 per
576 906 800 972 substitutum
821 907 857 970 in
875 905 942 972 illis
957 907 1109 974 ecclesiis
1127 907 1274 974 sustulit.
1298 909 1331 972 2⁰
1354 907 1472 986 Quoad
1487 907 1542 974 he·

365 1013 487 1078 ncfloia
507 1018 634 1090 curata,
658 1013 753 1082 nulla
773 1015 1021 1080 consuetudine
1045 1017 1214 1082 introduci
1234 1021 1350 1100 potest
1367 1021 1542 1082 uteorum

364 1124 477 1186 rector
489 1139 553 1186 nec
564 1140 627 1204 per
645 1141 682 1186 sc
697 1141 760 1188 neo
775 1141 836 1206 per
852 1123 958 1190 alium
977 1125 1126 1190 resideat
1142 1145 1149 1188 ι
1164 1125 1245 1201 imo,
1262 1143 1375 1208 neque
1387 1129 1426 1189 ut
1439 1142 1542 1206 gena·

364 1229 465 1295 ratim
488 1230 648 1314 episcopi,
664 1231 803 1314 paroohi
818 1236 853 1296 et
872 1231 928 1298 alii
947 1251 1066 1298 curam
1089 1233 1282 1300 animarum
1295 1233 1472 1312 habentes,
1487 1232 1543 1297 de·

363 1335 559 1418 obligentur
571 1357 593 1404 a
605 1339 777 1423 personali
792 1341 987 1419 residentia,
1004 1359 1083 1406 cum
1098 1340 1173 1408 talia
1187 1341 1401 1406 consuetudo
1416 1341 1460 1404 sit
1472 1342 1543 1406 evi-

363 1443 484 1510 denter
498 1446 701 1530 oorruptela,
718 1451 837 1535 utpote
852 1447 946 1514 nullo
961 1449 1092 1516 motivo
1108 1447 1301 1516 rationabili
1313 1447 1441 1515 innixa.

533 1692 551 1767 §
568 1695 602 1752 11.
622 1693 681 1765 Qui
699 1699 728 1753 ct
747 1693 891 1769 quomodo
910 1693 1080 1769 adimantur
1098 1693 1138 1754 od
1155 1692 1372 1754 euidentiam?

403 1884 437 1965 a)
449 1881 603 1966 Episcopi
618 1887 652 1948 et
665 1885 718 1950 his
731 1885 936 1969 superiores,
950 1885 1072 1950 deinde
1084 1885 1233 1968 parochi,
1246 1884 1361 1950 vicarii
1373 1884 1540 1968 perpetui,

363 1993 398 2054 el
408 1993 600 2076 generatim
612 2011 733 2058 omnes
745 1993 868 2078 quibus
880 1995 1046 2062 incumbit
1059 2011 1141 2060 cura
1153 1995 1357 2070 animarum,
1374 1993 1425 2058 uti
1440 1992 1543 2058 etiam

363 2101 504 2166 abbates
518 2105 553 2166 et
564 2099 621 2166 alii
631 2100 760 2184 praelati
772 2101 958 2183 regulares,
973 2121 1052 2168 cum
1067 2102 1136 2167 sint
1150 2119 1292 2168 suorum
1304 2100 1543 2183 religiosorum

362 2213 528 2293 pastores,
544 2213 707 2274 tenentur
719 2209 946 2294 personaliter
954 2211 1104 2277 residere
1112 2211 1149 2276 in
1157 2228 1220 2275 sua
1234 2209 1385 2286 ecclesia,
1398 2213 1544 2293 utsupra

363 2321 523 2386 diximus.

403 2429 950 2513 Speoiatimzi·monelT1ident.
973 2433 1069 2510 (sess.
1087 2430 1137 2506 ld,
1153 2447 1182 2494 c.
1208 2430 1241 2512 1)
1260 2447 1304 2492 ne
1325 2426 1474 2511 episcopi
1498 2424 1545 2508 (et

364 2534 457 2602 idam
482 2537 665 2604 dicendum
687 2542 741 2603 est
753 2537 795 2603 de
814 2537 889 2604 aliis
901 2537 1038 2620 curatis)
1058 2537 1236 2602 dominicis
1251 2535 1439 2612 ¹Adventus,
1459 2535 1544 2611 Qua·

365 2643 577 2726 dragesimae,
591 2645 791 2721 Nativitatis‚
809 2645 1078 2710 Resurrectionis
1092 2645 1238 2722 Domini,
1265 2643 1483 2710 Pentecostes
1510 2645 1545 2706 et

365 2751 521 2836 Corporis
541 2753 687 2829 bomini,
706 2754 829 2838 quihus
844 2753 938 2818 ralioi
958 2753 1111 2818 maxime
1130 2757 1166 2816 ei
1178 2752 1215 2816 in
1233 2751 1378 2816 Domino
1393 2750 1543 2832 gaudere

364 2859 510 2941 pastoris
524 2861 707 2944 praesentia
721 2877 805 2926 oves
820 2861 955 2936 dehent,
972 2861 1015 2926 ab
1030 2858 1173 2928 ecclesia
1193 2877 1256 2925 sua
1276 2857 1460 2926 cathedrali
1474 2855 1543 2922 ullo

364 2967 453 3032 iacto
470 2968 592 3034 absint.

404 3077 437 3139 2⁰
449 3075 486 3138 Vi
494 3077 599 3160 hujus
608 3078 803 3144 residentiae
814 3077 965 3162 episcopi
976 3082 1137 3143 tenantur
1148 3077 1374 3161 personaliter
1385 3092 1544 3143 exercere

365 3203 407 3250 ea
421 3203 497 3269 quae
509 3191 592 3251 sunt
604 3187 657 3252 sui
670 3187 783 3263 oflicii,
798 3191 882 3270 puta
891 3205 953 3270 pro
969 3187 1092 3252 ovibus
1107 3187 1179 3252 suis
1189 3187 1392 3252 saonssoium
1407 3186 1542 3258 offerre,

365 3295 509 3360 verbum
536 3297 596 3360 Dei
616 3297 812 3379 praedicare,
842 3299 1055 3361 sacramenta
1081 3295 1330 3371 administrare,
1355 3313 1545 3379 pauperum

365 3423 483 3470 curam
507 3409 685 3488 paternam
706 3421 838 3487 gerere,
860 3410 895 3468 et
913 3411 1036 3470 caetera
1054 3422 1200 3470 munera
1222 3403 1427 3487 episcopalia
1451 3423 1547 3470 exer·

214 3595 218 3605 ,
291 3524 296 3536 ’
365 3531 453 3590 cere,
469 3518 509 3578 ut
522 3517 641 3578 monet
659 3513 760 3589 Trid,
775 3513 839 3578 loo.
858 3512 913 3578 cit.
927 3510 1024 3596 (Vide
1042 3512 1202 3588 Ferraria,
1222 3512 1391 3588 biblioth,
1415 3511 1547 3598 1111ρί-

366 3622 598 3697 ammai

406 3639 442 3794 g:
453 3622 702 3814 Ηοορ1ἐεοεριο
718 3732 935 3813 stringuntur
947 3731 1079 3816 praelati
1092 3731 1267 3814 regulares
1280 3735 1316 3796 et
1328 3731 1476 3815 parochi,
1489 3731 1546 3815 qui

367 3839 403 3903 in
417 3839 626 3904 conscientia
640 3841 705 3903 tuti
719 3859 795 3905 esse
810 3859 881 3906 non
897 3845 1053 3924 possunt,
1071 3841 1101 3905 si
1114 3841 1189 3924 ipsi,
1207 3839 1338 3904 desidia
1358 3843 1544 3922 torpentes,

368 3949 484 4012 omnia
505 3947 726 4032 pervicarios
743 3949 893 4014 iaciant:
910 3950 1073 4016 namhoc
1094 3967 1165 4014 non
1187 3952 1279 4014 esset
1297 3948 1447 4014 residere
1467 3965 1547 4012 cum

369 4055 504 4121 ellectu.

407 4164 441 4228 4⁰
457 4164 505 4228 Ex
519 4165 622 4232 variis
638 4165 921 4232 declarationibus
937 4166 969 4230 S.
984 4166 1106 4250 Gongr.
1123 4165 1223 4232 Gonc.
1239 4167 1291 4249 (iti
1304 4165 1402 4241 lehn,
1420 4165 1458 4228 lii
1468 4162 1547 4228 maii
1645 4219 1652 4230 ,

371 4276 463 4358 1618)
474 4275 613 4359 parochi
633 4279 795 4341 tenentur
808 4275 970 4352 residere,
987 4273 1116 4340 nedum
1130 4275 1166 4340 in
1186 4273 1357 4358 parochia,
1382 4271 1443 4337 sed
1465 4275 1500 4336 et
1513 4270 1548 4336 in

370 4383 473 4450 domo
488 4382 682 4467 parochiali,
699 4383 729 4448 si
741 4401 845 4468 quam
857 4384 1016 4448 habeant.

411 4491 653 4576 albigenses,
670 4496 886 4576 personatus,
903 4491 1059 4558 canonici
1072 4489 1276 4557 cathedralis
1290 4490 1346 4556 vel
1362 4487 1549 4570 collegiatae

370 4598 533 4674 ecclesiae,
554 4603 717 4666 tenentur
735 4597 962 4683 personaliter
981 4597 1132 4664 residere
1155 4599 1192 4663 in
1212 4617 1275 4666 sua
1294 4597 1446 4674 ecclesia,
1464 4599 1499 4662 et
1515 4593 1549 4658 vi

369 4705 474 4788 hujus
493 4706 686 4772 residentia
707 4713 868 4773 tenentur
892 4707 1108 4772 assisterem
1132 4705 1254 4782 choro,
1280 4705 1436 4790 psallere,
1456 4707 1492 4769 el
1510 4721 1550 4766 aa
