3498 5572
569 611 656 656 unm
676 611 803 656 reurrus
824 609 1044 656 nsoumsuuu.
1339 585 1399 652 423

218 727 349 794 novitio
360 729 494 811 integre
509 729 643 795 restitui
658 729 794 806 debent,
807 730 908 812 juxta
920 745 1016 792 eone.
1033 725 1120 791 Trid.
1138 726 1172 807 (l.
1196 724 1248 807 n).
1270 715 1399 807 Exeipi-

219 841 275 902 tur
288 837 392 902 etiam
407 837 557 904 Societas
570 838 662 914 lesu,
679 857 754 922 quse
769 836 1043 920 specialiababet
1056 833 1245 918 privilegia.
1262 832 1400 898 Renun-

219 945 314 1012 tiatio
330 949 383 1009 est
398 971 413 1004 ι(
428 945 621 1027 legitima»,
638 945 775 1030 quando
789 946 829 1008 itt
839 947 940 1028 juxta
956 945 1103 1008 formam
1117 961 1138 1008 a
1151 940 1295 1008 eouoilio
1309 939 1396 1004 Trid.

217 1053 459 1136 praeseriptam,
476 1053 604 1119 scilieet
628 1071 708 1118 oum
722 1051 860 1118 lieentia
873 1050 1024 1135 episcopi
1049 1048 1104 1114 vel
1125 1051 1202 1130 eius
1218 1045 1346 1125 vioarii,
1365 1052 1401 1113 et

218 1159 306 1226 infra
320 1160 408 1226 duos
422 1179 560 1225 meuses
574 1160 750 1244 proximos
764 1163 844 1224 aule
861 1157 1122 1242 professionem.

258 1267 352 1350 d)Ex
362 1269 471 1345 dietis,
480 1269 671 1350 colligitur:
688 1269 720 1332 l⁰
730 1267 990 1351 dispositionem
1000 1285 1061 1350 per
1073 1269 1188 1334 sotum
1202 1265 1400 1330 interrivos

217 1377 438 1458 probabiliter
450 1377 573 1453 oorrui,
591 1377 619 1444 si
634 1377 785 1442 novitius
803 1375 970 1442 moriatur
991 1377 1072 1440 ante
1091 1373 1253 1439 emissam
1272 1374 1400 1456 profes-

218 1485 381 1574 sionem3¹
395 1505 476 1552 nam
498 1487 595 1579 deest
614 1487 764 1552 eonditio
787 1485 982 1552 necessaria
1005 1487 1132 1550 secutas
1153 1481 1398 1568 professionis:

218 1612 299 1658 nam
313 1613 435 1660 omnes
450 1595 722 1660 renuntiationes
745 1598 826 1660 suut
838 1590 1101 1668 conditionales,
1126 1593 1250 1656 natura
1268 1608 1341 1666 sua,
1366 1593 1401 1652 et

218 1701 368 1768 conditio
383 1707 446 1779 est,
460 1702 552 1787 quod
560 1707 723 1788 sequatur
733 1701 911 1786 professio.
930 1699 1049 1764 Plures
1065 1704 1180 1765 tumen
1194 1697 1400 1764 eontrarium

218 1812 337 1873 teuent
350 1810 558 1876 sententium
571 1811 607 1876 iu
620 1811 686 1876 boo
702 1829 796 1887 essu,
814 1809 895 1894 quia
908 1827 978 1876 uon
999 1807 1092 1874 idem
1106 1807 1290 1874 dicendum
1311 1807 1402 1872 foret

219 1917 260 1981 de
275 1921 396 1996 morte,
414 1937 453 1984 ae
467 1918 509 1984 de
528 1919 718 1985 mutatione
740 1917 928 1985 voluntatis
951 1917 1201 2002 professionem
1218 1933 1289 1982 non
1303 1915 1400 1980 emit·

219 2027 322 2092 tentis
335 2033 414 2112 post
427 2034 604 2112 peraetum
619 2028 834 2096 novitimum.

257 2137 290 2202 b·
314 2137 617 2204 Renuntiatiouem
639 2144 673 2204 et
697 2137 956 2222 dispositionem
978 2138 1019 2204 de
1050 2136 1160 2212 bouis,
1192 2152 1296 2219 quam
1324 2135 1401 2220 quis

217 2246 298 2314 feeit
311 2251 351 2312 ut
363 2246 564 2314 candidolus
585 2247 772 2331 religionis,
797 2266 860 2312 seu
881 2246 1008 2312 iutuitu
1029 2246 1218 2328 ingressus,
1236 2247 1334 2310 esus
1345 2242 1401 2308 vel

217 2353 306 2420 intra
320 2356 580 2432 monasterium,
595 2359 675 2422 aute
690 2360 888 2440 suseeptum
905 2354 1072 2430 hobitum,
1095 2351 1316 2436 probabiliter
1329 2370 1400 2418 nou

216 2462 384 2526 ooutineri
412 2463 476 2528 sub
504 2462 641 2528 decreto
675 2463 883 2540 Tridentino,
914 2481 954 2527 uo
976 2459 1119 2545 proinde
1151 2479 1227 2525 esse
1250 2458 1398 2532 validam

219 2571 299 2654 quis
318 2587 413 2636 eone.
441 2569 528 2635 Trid.
556 2589 717 2655 expresse
741 2571 893 2656 loquitur
915 2571 958 2636 de
982 2568 1292 2636 renuntiationibus
1314 2584 1400 2650 quse

133 2758 138 2774 ι
218 2677 298 2744 lauit
311 2678 472 2743 novitius.
490 2679 593 2746 Porro
612 2679 824 2757 candidatus,
840 2684 920 2744 ante
935 2681 1133 2762 suseeptum
1146 2677 1312 2752 habitum,
1329 2694 1400 2742 nou

218 2789 271 2850 est
284 2785 419 2870 proprie
434 2786 600 2862 novitium
617 2787 808 2854 efferuntur
827 2787 863 2850 in
877 2788 1032 2852 favorem
1055 2785 1200 2869 hujusoe
1220 2783 1400 2856 senlenlt'ae

217 2893 392 2960 nonnullae
422 2895 667 2962 deelaratioues
693 2897 726 2962 S.
752 2896 920 2979 Gougreg.
950 2895 1099 2974 Consilii,
1129 2895 1305 2980 speoistim
1331 2893 1400 2960 diei

216 3004 257 3068 Ἠ
268 3007 340 3088 jsn.
359 3006 448 3070 fuls.
800 3003 806 3016 '

257 3113 290 3178 3⁰
313 3115 347 3178 Si
362 3115 513 3181 novitius
535 3117 703 3201 disposuit
722 3137 782 3202 per
804 3122 919 3183 aetum
946 3118 1036 3182 inter
1057 3117 1167 3193 vivos,
1188 3133 1243 3181 res
1265 3115 1399 3181 donstae

217 3242 288 3288 nou
316 3223 496 3290 traduntur
526 3226 706 3293 donatoris
741 3233 821 3293 aute
848 3227 1119 3312 professionem,
1150 3225 1255 3292 etiam
1286 3223 1399 3308 quoad

218 3331 408 3396 dominium
418 3335 610 3400 revocabile
623 3356 630 3412 ;
644 3354 727 3402 uam
740 3355 782 3400 ex
797 3354 893 3402 oono.
910 3335 1011 3412 Trid,
1029 3335 1169 3400 donatio
1179 3319 1313 3398 nullum
1328 3349 1399 3398 sor-

218 3438 300 3502 titur
315 3440 486 3515 ellectum,
513 3443 579 3506 nisi
598 3447 717 3509 seoutn
737 3444 962 3526 professione.
985 3443 1029 3506 lt
1041 3442 1254 3526 professione
1270 3444 1397 3515 secuta,

114 3619 117 3627 ,
218 3545 334 3610 statim
355 3547 510 3614 lnoieuda
524 3553 577 3614 est
590 3549 766 3616 exseeutio
779 3550 1053 3635 dispositionum,
1074 3567 1154 3616 oum
1175 3547 1312 3616 donatio
1325 3564 1399 3632 per-

217 3653 307 3719 feota
321 3657 355 3718 et
369 3653 526 3721 absoluta
540 3655 672 3723 erodet.

701 3865 838 3928 SECTlO
863 3867 917 3930 ΙΙΙ.

573 4009 621 4063 llo
642 4009 851 4077 professione
872 4009 1040 4077 roflploss.

633 4171 652 4222 1.
671 4171 710 4221 De
726 4167 787 4232 lpsa
800 4167 985 4233 professione.

257 4295 289 4376 al
309 4295 478 4363 Professio
499 4297 661 4379 religiosa
683 4301 736 4363 est
758 4302 854 4362 aetus
872 4297 1134 4381 religionisque
1155 4297 1260 4362 bomo
1274 4295 1396 4372 fidelis,

218 4403 352 4468 emissis
371 4409 406 4469 et
428 4405 574 4488 aooeptis
595 4405 703 4470 tribus
718 4404 1000 4471 substantialibus
1027 4405 1127 4482 votis,
1152 4423 1188 4469 se
1204 4409 1313 4470 totum
1327 4403 1398 4469 Deo

219 4513 254 4574 et
267 4509 424 4592 religioni
439 4513 633 4596 approbatas
652 4511 763 4578 tradit.
776 4512 946 4578 Professio
961 4511 1125 4578 solemnis
1141 4515 1193 4576 est
1209 4509 1306 4595 qussi
1319 4527 1398 4574 eou-

221 4621 399 4682 traotusex
408 4623 504 4702 parte
514 4619 707 4703 profitentis
719 4619 1149 4704 etreligionisaooeptautis
1164 4617 1395 4700 obligatorius.

260 4723 428 4798 Professio
454 4731 568 4812 potest
593 4745 669 4796 esse
688 4727 744 4796 vel
763 4747 920 4812 expressa
942 4727 997 4794 vel
1018 4727 1134 4802 tacita,
1151 4730 1253 4811 prout
1279 4725 1395 4792 verbo.
