<?xml version="1.0" encoding="UTF-8"?>
<!DOCTYPE html PUBLIC "-//W3C//DTD XHTML 1.0 Transitional//EN"
    "http://www.w3.org/TR/xhtml1/DTD/xhtml1-transitional.dtd">
<html xmlns="http://www.w3.org/1999/xhtml" xml:lang="en" lang="en">
 <head>
  <title>
</title>
<meta http-equiv="Content-Type" content="text/html;charset=utf-8" />
  <meta name='ocr-system' content='tesseract 3.04.00' />
  <meta name='ocr-capabilities' content='ocr_page ocr_carea ocr_par ocr_line ocrx_word'/>
</head>
<body>
  <div class='ocr_page' id='page_1' title='image "./juscanonicumjux00grangoog_0641.png"; bbox 0 0 3296 6630; ppageno 0'>
   <div class='ocr_carea' id='block_1_1' title="bbox 391 527 1369 592">
    <p class='ocr_par' dir='ltr' id='par_1_1' title="bbox 391 527 1369 592">
     <span class='ocr_line' id='line_1_1' title="bbox 391 527 1369 592; baseline 0.004 -5"><span class='ocrx_word' id='word_1_1' title='bbox 391 544 473 588; x_wconf 83' lang='lat' dir='ltr'>SEDlS</span> <span class='ocrx_word' id='word_1_2' title='bbox 494 543 681 590; x_wconf 71' lang='lat' dir='ltr'>APOSTOLlCAE</span> <span class='ocrx_word' id='word_1_3' title='bbox 703 544 840 590; x_wconf 77' lang='lat' dir='ltr'>DEGRBTA</span> <span class='ocrx_word' id='word_1_4' title='bbox 860 546 897 591; x_wconf 79' lang='lat' dir='ltr'>AG</span> <span class='ocrx_word' id='word_1_5' title='bbox 920 545 1171 591; x_wconf 67' lang='lat' dir='ltr'>acclamatorum.</span> <span class='ocrx_word' id='word_1_6' title='bbox 1310 527 1369 592; x_wconf 66' lang='lat'>629</span> 
     </span>
    </p>
   </div>
   <div class='ocr_carea' id='block_1_2' title="bbox 114 661 1377 4778">
    <p class='ocr_par' dir='ltr' id='par_1_2' title="bbox 189 661 1367 740">
     <span class='ocr_line' id='line_1_2' title="bbox 189 661 1367 740; baseline 0.003 -20"><span class='ocrx_word' id='word_1_7' title='bbox 189 661 301 720; x_wconf 89' lang='lat' dir='ltr'>dralem</span> <span class='ocrx_word' id='word_1_8' title='bbox 321 661 476 732; x_wconf 78' lang='lat' dir='ltr'>accedere,</span> <span class='ocrx_word' id='word_1_9' title='bbox 499 666 529 720; x_wconf 91' lang='lat' dir='ltr'>et</span> <span class='ocrx_word' id='word_1_10' title='bbox 551 661 689 720; x_wconf 86' lang='lat' dir='ltr'>incedere</span> <span class='ocrx_word' id='word_1_11' title='bbox 713 662 771 720; x_wconf 93' lang='lat' dir='ltr'>sub</span> <span class='ocrx_word' id='word_1_12' title='bbox 797 662 919 735; x_wconf 87' lang='lat' dir='ltr'>capituli</span> <span class='ocrx_word' id='word_1_13' title='bbox 943 663 1121 724; x_wconf 86' lang='lat' dir='ltr'>cathedralis</span> <span class='ocrx_word' id='word_1_14' title='bbox 1142 681 1230 724; x_wconf 87' lang='lat' dir='ltr'>eruce</span> <span class='ocrx_word' id='word_1_15' title='bbox 1253 665 1367 740; x_wconf 72' lang='lat' dir='ltr'>(ibid).</span> 
     </span>
    </p>

    <p class='ocr_par' dir='ltr' id='par_1_3' title="bbox 189 752 1368 1007">
     <span class='ocr_line' id='line_1_3' title="bbox 225 752 1368 828; baseline 0.003 -18"><span class='ocrx_word' id='word_1_16' title='bbox 225 753 255 810; x_wconf 96' lang='lat' dir='ltr'>ln</span> <span class='ocrx_word' id='word_1_17' title='bbox 271 753 430 812; x_wconf 79' lang='lat' dir='ltr'>funeribus</span> <span class='ocrx_word' id='word_1_18' title='bbox 446 752 661 810; x_wconf 84' lang='lat' dir='ltr'>interveniente</span> <span class='ocrx_word' id='word_1_19' title='bbox 682 753 813 826; x_wconf 90' lang='lat' dir='ltr'>capitulo</span> <span class='ocrx_word' id='word_1_20' title='bbox 837 753 973 812; x_wconf 74' lang='lat' dir='ltr'>ecclesiae</span> <span class='ocrx_word' id='word_1_21' title='bbox 997 754 1189 826; x_wconf 89' lang='lat' dir='ltr'>cathedralis,</span> <span class='ocrx_word' id='word_1_22' title='bbox 1212 756 1368 828; x_wconf 85' lang='lat' dir='ltr'>processio</span> 
     </span>
     <span class='ocr_line' id='line_1_4' title="bbox 189 843 1367 918; baseline -0.001 -17"><span class='ocrx_word' id='word_1_23' title='bbox 189 843 324 902; x_wconf 88' lang='lat' dir='ltr'>funebris</span> <span class='ocrx_word' id='word_1_24' title='bbox 339 843 377 902; x_wconf 90' lang='lat' dir='ltr'>ab</span> <span class='ocrx_word' id='word_1_25' title='bbox 392 857 427 901; x_wconf 89' lang='lat' dir='ltr'>ea</span> <span class='ocrx_word' id='word_1_26' title='bbox 441 843 568 902; x_wconf 89' lang='lat' dir='ltr'>ecclesia</span> <span class='ocrx_word' id='word_1_27' title='bbox 582 848 629 902; x_wconf 88' lang='lat' dir='ltr'>est</span> <span class='ocrx_word' id='word_1_28' title='bbox 643 843 810 902; x_wconf 87' lang='lat' dir='ltr'>inchoanda</span> <span class='ocrx_word' id='word_1_29' title='bbox 821 843 951 918; x_wconf 66' lang='lat' dir='ltr'>(Fauen,</span> <span class='ocrx_word' id='word_1_30' title='bbox 967 845 1092 904; x_wconf 73' lang='lat' dir='ltr'>Praetu.</span> <span class='ocrx_word' id='word_1_31' title='bbox 1104 850 1133 902; x_wconf 84' lang='lat' dir='ltr'>et</span> <span class='ocrx_word' id='word_1_32' title='bbox 1143 846 1222 916; x_wconf 73' lang='lat' dir='ltr'>san,</span> <span class='ocrx_word' id='word_1_33' title='bbox 1238 849 1266 902; x_wconf 88' lang='lat' dir='ltr'>ll</span> <span class='ocrx_word' id='word_1_34' title='bbox 1281 845 1367 918; x_wconf 86' lang='lat' dir='ltr'>april.</span> 
     </span>
     <span class='ocr_line' id='line_1_5' title="bbox 192 934 354 1007; baseline -0.019 -17"><span class='ocrx_word' id='word_1_35' title='bbox 192 939 273 1003; x_wconf 77' lang='lat' dir='ltr'>rael,</span> <span class='ocrx_word' id='word_1_36' title='bbox 288 934 354 1007; x_wconf 73' lang='lat' dir='ltr'>§a</span> 
     </span>
    </p>

    <p class='ocr_par' dir='ltr' id='par_1_4' title="bbox 189 1023 1369 1279">
     <span class='ocr_line' id='line_1_6' title="bbox 224 1023 1368 1098; baseline 0.002 -16"><span class='ocrx_word' id='word_1_37' title='bbox 224 1029 258 1082; x_wconf 81' lang='lat' dir='ltr'>Et</span> <span class='ocrx_word' id='word_1_38' title='bbox 271 1023 346 1082; x_wconf 89' lang='lat' dir='ltr'>nibil</span> <span class='ocrx_word' id='word_1_39' title='bbox 360 1023 498 1082; x_wconf 86' lang='lat' dir='ltr'>officiunt</span> <span class='ocrx_word' id='word_1_40' title='bbox 519 1024 626 1098; x_wconf 76' lang='lat' dir='ltr'>synodi</span> <span class='ocrx_word' id='word_1_41' title='bbox 646 1024 835 1094; x_wconf 83' lang='lat' dir='ltr'>dioecesanae,</span> <span class='ocrx_word' id='word_1_42' title='bbox 858 1037 926 1098; x_wconf 82' lang='lat' dir='ltr'>quae</span> <span class='ocrx_word' id='word_1_43' title='bbox 950 1039 1048 1098; x_wconf 88' lang='lat' dir='ltr'>neque</span> <span class='ocrx_word' id='word_1_44' title='bbox 1069 1039 1213 1098; x_wconf 84' lang='lat' dir='ltr'>expresse</span> <span class='ocrx_word' id='word_1_45' title='bbox 1231 1039 1368 1098; x_wconf 88' lang='lat' dir='ltr'>compre-</span> 
     </span>
     <span class='ocr_line' id='line_1_7' title="bbox 189 1114 1369 1192; baseline -0.001 -19"><span class='ocrx_word' id='word_1_46' title='bbox 189 1116 324 1176; x_wconf 87' lang='lat' dir='ltr'>hendunt</span> <span class='ocrx_word' id='word_1_47' title='bbox 340 1115 513 1192; x_wconf 87' lang='lat' dir='ltr'>capitulum</span> <span class='ocrx_word' id='word_1_48' title='bbox 523 1115 702 1186; x_wconf 82' lang='lat' dir='ltr'>cathedrale,</span> <span class='ocrx_word' id='word_1_49' title='bbox 721 1129 817 1188; x_wconf 89' lang='lat' dir='ltr'>neque</span> <span class='ocrx_word' id='word_1_50' title='bbox 830 1114 974 1190; x_wconf 81' lang='lat' dir='ltr'>derogare</span> <span class='ocrx_word' id='word_1_51' title='bbox 985 1114 1047 1188; x_wconf 81' lang='lat' dir='ltr'>J&#39;uri</span> <span class='ocrx_word' id='word_1_52' title='bbox 1063 1114 1216 1172; x_wconf 91' lang='lat' dir='ltr'>communi</span> <span class='ocrx_word' id='word_1_53' title='bbox 1239 1120 1369 1187; x_wconf 91' lang='lat' dir='ltr'>possunt</span> 
     </span>
     <span class='ocr_line' id='line_1_8' title="bbox 190 1204 297 1279; baseline -0.028 0"><span class='ocrx_word' id='word_1_54' title='bbox 190 1204 297 1279; x_wconf 67' lang='lat' dir='ltr'>(temp</span> 
     </span>
    </p>

    <p class='ocr_par' dir='ltr' id='par_1_5' title="bbox 223 1289 1274 1366">
     <span class='ocr_line' id='line_1_9' title="bbox 223 1289 1274 1366; baseline -0.002 -16"><span class='ocrx_word' id='word_1_55' title='bbox 223 1295 317 1365; x_wconf 83' lang='lat' dir='ltr'>Atque</span> <span class='ocrx_word' id='word_1_56' title='bbox 331 1291 516 1366; x_wconf 89' lang='lat' dir='ltr'>improbatur</span> <span class='ocrx_word' id='word_1_57' title='bbox 530 1293 718 1351; x_wconf 90' lang='lat' dir='ltr'>cousuetudo</span> <span class='ocrx_word' id='word_1_58' title='bbox 733 1292 824 1351; x_wconf 91' lang='lat' dir='ltr'>simul</span> <span class='ocrx_word' id='word_1_59' title='bbox 839 1289 1036 1350; x_wconf 88' lang='lat' dir='ltr'>conveniendi</span> <span class='ocrx_word' id='word_1_60' title='bbox 1056 1290 1087 1349; x_wconf 91' lang='lat' dir='ltr'>in</span> <span class='ocrx_word' id='word_1_61' title='bbox 1103 1291 1152 1350; x_wconf 90' lang='lat' dir='ltr'>via</span> <span class='ocrx_word' id='word_1_62' title='bbox 1166 1290 1274 1364; x_wconf 78' lang='lat' dir='ltr'>(illa).</span> 
     </span>
    </p>

    <p class='ocr_par' dir='ltr' id='par_1_6' title="bbox 189 1379 1367 1545">
     <span class='ocr_line' id='line_1_10' title="bbox 224 1379 1367 1456; baseline 0.001 -17"><span class='ocrx_word' id='word_1_63' title='bbox 224 1385 264 1440; x_wconf 78' lang='lat' dir='ltr'>Ac</span> <span class='ocrx_word' id='word_1_64' title='bbox 276 1381 345 1440; x_wconf 89' lang='lat' dir='ltr'>licet</span> <span class='ocrx_word' id='word_1_65' title='bbox 359 1381 489 1456; x_wconf 78' lang='lat' dir='ltr'>parocho</span> <span class='ocrx_word' id='word_1_66' title='bbox 503 1382 648 1442; x_wconf 88' lang='lat' dir='ltr'>cadavera</span> <span class='ocrx_word' id='word_1_67' title='bbox 661 1382 760 1442; x_wconf 91' lang='lat' dir='ltr'>solum</span> <span class='ocrx_word' id='word_1_68' title='bbox 775 1381 928 1440; x_wconf 88' lang='lat' dir='ltr'>associare</span> <span class='ocrx_word' id='word_1_69' title='bbox 939 1394 1037 1452; x_wconf 86' lang='lat' dir='ltr'>usqne</span> <span class='ocrx_word' id='word_1_70' title='bbox 1048 1379 1085 1437; x_wconf 89' lang='lat' dir='ltr'>ad</span> <span class='ocrx_word' id='word_1_71' title='bbox 1094 1380 1219 1453; x_wconf 87' lang='lat' dir='ltr'>januam</span> <span class='ocrx_word' id='word_1_72' title='bbox 1232 1379 1367 1440; x_wconf 82' lang='lat' dir='ltr'>ecclesie</span> 
     </span>
     <span class='ocr_line' id='line_1_11' title="bbox 189 1469 658 1545; baseline 0.004 -17"><span class='ocrx_word' id='word_1_73' title='bbox 189 1469 368 1529; x_wconf 91' lang='lat' dir='ltr'>cathedralis</span> <span class='ocrx_word' id='word_1_74' title='bbox 383 1469 534 1530; x_wconf 82' lang='lat' dir='ltr'>exclusive</span> <span class='ocrx_word' id='word_1_75' title='bbox 550 1470 658 1545; x_wconf 76' lang='lat' dir='ltr'>(tota),</span> 
     </span>
    </p>

    <p class='ocr_par' dir='ltr' id='par_1_7' title="bbox 189 1557 1366 1726">
     <span class='ocr_line' id='line_1_12' title="bbox 224 1557 1366 1634; baseline 0 -16"><span class='ocrx_word' id='word_1_76' title='bbox 224 1561 388 1620; x_wconf 84' lang='lat' dir='ltr'>Ecclesiam</span> <span class='ocrx_word' id='word_1_77' title='bbox 415 1561 612 1620; x_wconf 85' lang='lat' dir='ltr'>cathedralem</span> <span class='ocrx_word' id='word_1_78' title='bbox 641 1562 795 1620; x_wconf 91' lang='lat' dir='ltr'>nonlicet</span> <span class='ocrx_word' id='word_1_79' title='bbox 820 1559 950 1634; x_wconf 89' lang='lat' dir='ltr'>parocho</span> <span class='ocrx_word' id='word_1_80' title='bbox 978 1559 1009 1617; x_wconf 91' lang='lat' dir='ltr'>in</span> <span class='ocrx_word' id='word_1_81' title='bbox 1040 1557 1182 1616; x_wconf 87' lang='lat' dir='ltr'>comitatu</span> <span class='ocrx_word' id='word_1_82' title='bbox 1213 1557 1366 1618; x_wconf 83' lang='lat' dir='ltr'>cadaveris</span> 
     </span>
     <span class='ocr_line' id='line_1_13' title="bbox 189 1649 945 1726; baseline -0.004 -16"><span class='ocrx_word' id='word_1_83' title='bbox 189 1653 305 1726; x_wconf 79' lang='lat' dir='ltr'>ingredi</span> <span class='ocrx_word' id='word_1_84' title='bbox 320 1667 388 1710; x_wconf 88' lang='lat' dir='ltr'>curn</span> <span class='ocrx_word' id='word_1_85' title='bbox 405 1654 483 1712; x_wconf 91' lang='lat' dir='ltr'>stola</span> <span class='ocrx_word' id='word_1_86' title='bbox 497 1658 524 1710; x_wconf 89' lang='lat' dir='ltr'>et</span> <span class='ocrx_word' id='word_1_87' title='bbox 538 1667 626 1711; x_wconf 89' lang='lat' dir='ltr'>eruce</span> <span class='ocrx_word' id='word_1_88' title='bbox 640 1652 754 1712; x_wconf 80' lang='lat' dir='ltr'>elevata</span> <span class='ocrx_word' id='word_1_89' title='bbox 769 1651 894 1726; x_wconf 77' lang='lat' dir='ltr'>(lotd.‚§</span> <span class='ocrx_word' id='word_1_90' title='bbox 908 1649 945 1722; x_wconf 81' lang='lat'>7).</span> 
     </span>
    </p>

    <p class='ocr_par' dir='ltr' id='par_1_8' title="bbox 188 1738 1366 1906">
     <span class='ocr_line' id='line_1_14' title="bbox 225 1738 1366 1818; baseline -0.003 -17"><span class='ocrx_word' id='word_1_91' title='bbox 225 1743 281 1801; x_wconf 87' lang='lat' dir='ltr'>Sed</span> <span class='ocrx_word' id='word_1_92' title='bbox 297 1743 456 1802; x_wconf 88' lang='lat' dir='ltr'>limitetur:</span> <span class='ocrx_word' id='word_1_93' title='bbox 472 1743 645 1816; x_wconf 85' lang='lat' dir='ltr'>hujusmodi</span> <span class='ocrx_word' id='word_1_94' title='bbox 660 1743 821 1818; x_wconf 89' lang='lat' dir='ltr'>ingressus</span> <span class='ocrx_word' id='word_1_95' title='bbox 837 1741 946 1799; x_wconf 83' lang='lat' dir='ltr'>vetitus</span> <span class='ocrx_word' id='word_1_96' title='bbox 959 1746 1006 1798; x_wconf 91' lang='lat' dir='ltr'>est</span> <span class='ocrx_word' id='word_1_97' title='bbox 1021 1755 1074 1813; x_wconf 94' lang='lat' dir='ltr'>pro</span> <span class='ocrx_word' id='word_1_98' title='bbox 1090 1738 1268 1813; x_wconf 82' lang='lat' dir='ltr'>peragendis</span> <span class='ocrx_word' id='word_1_99' title='bbox 1281 1755 1366 1798; x_wconf 85' lang='lat' dir='ltr'>exse·</span> 
     </span>
     <span class='ocr_line' id='line_1_15' title="bbox 188 1830 1126 1906; baseline 0 -17"><span class='ocrx_word' id='word_1_100' title='bbox 188 1833 281 1906; x_wconf 80' lang='lat' dir='ltr'>nulls,</span> <span class='ocrx_word' id='word_1_101' title='bbox 293 1847 352 1891; x_wconf 91' lang='lat' dir='ltr'>non</span> <span class='ocrx_word' id='word_1_102' title='bbox 365 1837 464 1892; x_wconf 87' lang='lat' dir='ltr'>autem</span> <span class='ocrx_word' id='word_1_103' title='bbox 480 1847 533 1906; x_wconf 92' lang='lat' dir='ltr'>pro</span> <span class='ocrx_word' id='word_1_104' title='bbox 548 1832 678 1906; x_wconf 88' lang='lat' dir='ltr'>simplici</span> <span class='ocrx_word' id='word_1_105' title='bbox 693 1831 834 1892; x_wconf 88' lang='lat' dir='ltr'>comitatu</span> <span class='ocrx_word' id='word_1_106' title='bbox 849 1831 1003 1890; x_wconf 86' lang='lat' dir='ltr'>cadaveris</span> <span class='ocrx_word' id='word_1_107' title='bbox 1019 1830 1126 1904; x_wconf 79' lang='lat' dir='ltr'>(ibid),</span> 
     </span>
    </p>

    <p class='ocr_par' dir='ltr' id='par_1_9' title="bbox 188 1921 1368 2176">
     <span class='ocr_line' id='line_1_16' title="bbox 226 1921 1368 1996; baseline -0.003 -14"><span class='ocrx_word' id='word_1_108' title='bbox 226 1923 391 1982; x_wconf 74' lang='lat' dir='ltr'>Praesertim</span> <span class='ocrx_word' id='word_1_109' title='bbox 407 1922 542 1996; x_wconf 82' lang='lat' dir='ltr'>inspecta</span> <span class='ocrx_word' id='word_1_110' title='bbox 562 1927 660 1981; x_wconf 91' lang='lat' dir='ltr'>const.</span> <span class='ocrx_word' id='word_1_111' title='bbox 687 1923 839 1982; x_wconf 84' lang='lat' dir='ltr'>Prctloeas</span> <span class='ocrx_word' id='word_1_112' title='bbox 863 1921 972 1979; x_wconf 89' lang='lat' dir='ltr'>Bened.</span> <span class='ocrx_word' id='word_1_113' title='bbox 993 1923 1064 1990; x_wconf 81' lang='lat' dir='ltr'>xlll,</span> <span class='ocrx_word' id='word_1_114' title='bbox 1087 1923 1172 1978; x_wconf 88' lang='lat' dir='ltr'>Pont.</span> <span class='ocrx_word' id='word_1_115' title='bbox 1197 1921 1283 1988; x_wconf 75' lang='lat' dir='ltr'>blan,</span> <span class='ocrx_word' id='word_1_116' title='bbox 1307 1935 1368 1994; x_wconf 89' lang='lat' dir='ltr'>que</span> 
     </span>
     <span class='ocr_line' id='line_1_17' title="bbox 188 2009 1366 2088; baseline -0.002 -16"><span class='ocrx_word' id='word_1_117' title='bbox 188 2013 315 2086; x_wconf 85' lang='lat' dir='ltr'>simplex</span> <span class='ocrx_word' id='word_1_118' title='bbox 328 2012 487 2088; x_wconf 89' lang='lat' dir='ltr'>ingressus</span> <span class='ocrx_word' id='word_1_119' title='bbox 502 2012 676 2088; x_wconf 85' lang='lat' dir='ltr'>hujusmodi</span> <span class='ocrx_word' id='word_1_120' title='bbox 698 2027 752 2086; x_wconf 93' lang='lat' dir='ltr'>pro</span> <span class='ocrx_word' id='word_1_121' title='bbox 768 2011 859 2070; x_wconf 92' lang='lat' dir='ltr'>nullis</span> <span class='ocrx_word' id='word_1_122' title='bbox 874 2011 1053 2084; x_wconf 84' lang='lat' dir='ltr'>peragendis</span> <span class='ocrx_word' id='word_1_123' title='bbox 1073 2009 1181 2070; x_wconf 87' lang='lat' dir='ltr'>ciliciis</span> <span class='ocrx_word' id='word_1_124' title='bbox 1198 2011 1366 2072; x_wconf 86' lang='lat' dir='ltr'>declaratur</span> 
     </span>
     <span class='ocr_line' id='line_1_18' title="bbox 190 2098 821 2176; baseline -0.003 -16"><span class='ocrx_word' id='word_1_125' title='bbox 190 2117 249 2160; x_wconf 89' lang='lat' dir='ltr'>non</span> <span class='ocrx_word' id='word_1_126' title='bbox 265 2117 332 2162; x_wconf 89' lang='lat' dir='ltr'>asse</span> <span class='ocrx_word' id='word_1_127' title='bbox 347 2106 434 2161; x_wconf 91' lang='lat' dir='ltr'>actus</span> <span class='ocrx_word' id='word_1_128' title='bbox 446 2101 698 2176; x_wconf 85' lang='lat' dir='ltr'>jurisdictionalis</span> <span class='ocrx_word' id='word_1_129' title='bbox 713 2098 821 2176; x_wconf 68' lang='lat' dir='ltr'>llbldl.</span> 
     </span>
    </p>

    <p class='ocr_par' dir='ltr' id='par_1_10' title="bbox 114 2189 1367 2444">
     <span class='ocr_line' id='line_1_19' title="bbox 225 2189 1367 2265; baseline -0.002 -15"><span class='ocrx_word' id='word_1_130' title='bbox 225 2191 364 2250; x_wconf 86' lang='lat' dir='ltr'>Officium</span> <span class='ocrx_word' id='word_1_131' title='bbox 379 2206 470 2264; x_wconf 90' lang='lat' dir='ltr'>super</span> <span class='ocrx_word' id='word_1_132' title='bbox 484 2189 679 2250; x_wconf 84' lang='lat' dir='ltr'>cadaveribus</span> <span class='ocrx_word' id='word_1_133' title='bbox 689 2189 720 2248; x_wconf 93' lang='lat' dir='ltr'>in</span> <span class='ocrx_word' id='word_1_134' title='bbox 731 2189 868 2250; x_wconf 90' lang='lat' dir='ltr'>ecclesiis</span> <span class='ocrx_word' id='word_1_135' title='bbox 880 2189 1063 2265; x_wconf 87' lang='lat' dir='ltr'>regularium</span> <span class='ocrx_word' id='word_1_136' title='bbox 1075 2193 1190 2263; x_wconf 81' lang='lat' dir='ltr'>specul</span> <span class='ocrx_word' id='word_1_137' title='bbox 1200 2189 1367 2263; x_wconf 87' lang='lat' dir='ltr'>etpertinet</span> 
     </span>
     <span class='ocr_line' id='line_1_20' title="bbox 114 2279 1364 2355; baseline -0.005 -11"><span class='ocrx_word' id='word_1_138' title='bbox 114 2335 120 2344; x_wconf 86' lang='lat'><em>.</em></span> <span class='ocrx_word' id='word_1_139' title='bbox 188 2282 225 2340; x_wconf 89' lang='lat' dir='ltr'>ad</span> <span class='ocrx_word' id='word_1_140' title='bbox 241 2282 325 2353; x_wconf 91' lang='lat' dir='ltr'>ipsos</span> <span class='ocrx_word' id='word_1_141' title='bbox 341 2279 504 2355; x_wconf 87' lang='lat' dir='ltr'>regulares,</span> <span class='ocrx_word' id='word_1_142' title='bbox 533 2284 645 2338; x_wconf 83' lang='lat' dir='ltr'>elnon</span> <span class='ocrx_word' id='word_1_143' title='bbox 669 2280 705 2338; x_wconf 92' lang='lat' dir='ltr'>ad</span> <span class='ocrx_word' id='word_1_144' title='bbox 723 2283 843 2338; x_wconf 85' lang='lat' dir='ltr'>curatos</span> <span class='ocrx_word' id='word_1_145' title='bbox 869 2279 1079 2354; x_wconf 81' lang='lat' dir='ltr'>defunctorum</span> <span class='ocrx_word' id='word_1_146' title='bbox 1103 2280 1233 2354; x_wconf 73' lang='lat' dir='ltr'>(Novar,</span> <span class='ocrx_word' id='word_1_147' title='bbox 1260 2285 1275 2336; x_wconf 84' lang='lat'>5</span> <span class='ocrx_word' id='word_1_148' title='bbox 1296 2281 1364 2354; x_wconf 87' lang='lat' dir='ltr'>julli</span> 
     </span>
     <span class='ocr_line' id='line_1_21' title="bbox 190 2369 353 2444; baseline 0.006 -19"><span class='ocrx_word' id='word_1_149' title='bbox 190 2369 353 2444; x_wconf 57' lang='lat' dir='ltr'>magt).</span> 
     </span>
    </p>

    <p class='ocr_par' dir='ltr' id='par_1_11' title="bbox 188 2455 1365 2619">
     <span class='ocr_line' id='line_1_22' title="bbox 224 2455 1365 2542; baseline 0 -24"><span class='ocrx_word' id='word_1_150' title='bbox 224 2463 285 2518; x_wconf 91' lang='lat' dir='ltr'>lloc</span> <span class='ocrx_word' id='word_1_151' title='bbox 300 2459 433 2542; x_wconf 80' lang='lat' dir='ltr'>procedit</span> <span class='ocrx_word' id='word_1_152' title='bbox 447 2457 536 2516; x_wconf 90' lang='lat' dir='ltr'>etiam</span> <span class='ocrx_word' id='word_1_153' title='bbox 547 2457 577 2515; x_wconf 95' lang='lat' dir='ltr'>in</span> <span class='ocrx_word' id='word_1_154' title='bbox 594 2457 731 2516; x_wconf 87' lang='lat' dir='ltr'>terminis</span> <span class='ocrx_word' id='word_1_155' title='bbox 747 2457 936 2527; x_wconf 88' lang='lat' dir='ltr'>monialium,</span> <span class='ocrx_word' id='word_1_156' title='bbox 952 2457 1074 2531; x_wconf 86' lang='lat' dir='ltr'>quando</span> <span class='ocrx_word' id='word_1_157' title='bbox 1088 2455 1125 2514; x_wconf 89' lang='lat' dir='ltr'>ad</span> <span class='ocrx_word' id='word_1_158' title='bbox 1149 2471 1251 2516; x_wconf 89' lang='lat' dir='ltr'>earum</span> <span class='ocrx_word' id='word_1_159' title='bbox 1271 2459 1365 2518; x_wconf 89' lang='lat' dir='ltr'>eecle-</span> 
     </span>
     <span class='ocr_line' id='line_1_23' title="bbox 188 2543 1122 2619; baseline -0.006 -10"><span class='ocrx_word' id='word_1_160' title='bbox 188 2551 250 2609; x_wconf 90' lang='lat' dir='ltr'>sias</span> <span class='ocrx_word' id='word_1_161' title='bbox 264 2548 427 2608; x_wconf 79' lang='lat' dir='ltr'>exteriores</span> <span class='ocrx_word' id='word_1_162' title='bbox 442 2547 586 2606; x_wconf 85' lang='lat' dir='ltr'>cadavera</span> <span class='ocrx_word' id='word_1_163' title='bbox 600 2547 811 2605; x_wconf 88' lang='lat' dir='ltr'>defunctorum</span> <span class='ocrx_word' id='word_1_164' title='bbox 823 2547 1001 2606; x_wconf 90' lang='lat' dir='ltr'>deferuntur</span> <span class='ocrx_word' id='word_1_165' title='bbox 1014 2543 1122 2619; x_wconf 72' lang='lat' dir='ltr'>(ibid).</span> 
     </span>
    </p>

    <p class='ocr_par' dir='ltr' id='par_1_12' title="bbox 184 2633 1364 2892">
     <span class='ocr_line' id='line_1_24' title="bbox 222 2633 1364 2711; baseline 0 -14"><span class='ocrx_word' id='word_1_166' title='bbox 222 2639 264 2697; x_wconf 82' lang='lat' dir='ltr'>hd</span> <span class='ocrx_word' id='word_1_167' title='bbox 293 2637 456 2711; x_wconf 85' lang='lat' dir='ltr'>parochum</span> <span class='ocrx_word' id='word_1_168' title='bbox 485 2642 584 2695; x_wconf 88' lang='lat' dir='ltr'>autem</span> <span class='ocrx_word' id='word_1_169' title='bbox 610 2635 737 2709; x_wconf 90' lang='lat' dir='ltr'>pertinet</span> <span class='ocrx_word' id='word_1_170' title='bbox 757 2635 854 2696; x_wconf 89' lang='lat' dir='ltr'>facere</span> <span class='ocrx_word' id='word_1_171' title='bbox 877 2633 1012 2694; x_wconf 86' lang='lat' dir='ltr'>cilicium</span> <span class='ocrx_word' id='word_1_172' title='bbox 1046 2649 1139 2708; x_wconf 92' lang='lat' dir='ltr'>super</span> <span class='ocrx_word' id='word_1_173' title='bbox 1168 2635 1364 2697; x_wconf 87' lang='lat' dir='ltr'>cadaveribus</span> 
     </span>
     <span class='ocr_line' id='line_1_25' title="bbox 187 2723 1364 2802; baseline -0.003 -13"><span class='ocrx_word' id='word_1_174' title='bbox 187 2729 408 2798; x_wconf 89' lang='lat' dir='ltr'>defunctorum,</span> <span class='ocrx_word' id='word_1_175' title='bbox 425 2727 476 2802; x_wconf 89' lang='lat' dir='ltr'>qui</span> <span class='ocrx_word' id='word_1_176' title='bbox 490 2727 647 2801; x_wconf 89' lang='lat' dir='ltr'>elegerunt</span> <span class='ocrx_word' id='word_1_177' title='bbox 667 2725 852 2798; x_wconf 86' lang='lat' dir='ltr'>sepulturam</span> <span class='ocrx_word' id='word_1_178' title='bbox 876 2727 907 2784; x_wconf 94' lang='lat' dir='ltr'>in</span> <span class='ocrx_word' id='word_1_179' title='bbox 930 2723 1068 2784; x_wconf 90' lang='lat' dir='ltr'>ecclesiis</span> <span class='ocrx_word' id='word_1_180' title='bbox 1092 2725 1276 2798; x_wconf 85' lang='lat' dir='ltr'>regularium</span> <span class='ocrx_word' id='word_1_181' title='bbox 1292 2727 1364 2786; x_wconf 91' lang='lat' dir='ltr'>sub-</span> 
     </span>
     <span class='ocr_line' id='line_1_26' title="bbox 184 2814 1125 2892; baseline -0.005 -16"><span class='ocrx_word' id='word_1_182' title='bbox 184 2817 332 2892; x_wconf 85' lang='lat' dir='ltr'>jactorum</span> <span class='ocrx_word' id='word_1_183' title='bbox 342 2815 545 2891; x_wconf 76' lang='lat' dir='ltr'>iurisdictioni</span> <span class='ocrx_word' id='word_1_184' title='bbox 562 2816 782 2875; x_wconf 87' lang='lat' dir='ltr'>ordinariorum</span> <span class='ocrx_word' id='word_1_185' title='bbox 799 2814 924 2889; x_wconf 81' lang='lat' dir='ltr'>(lbid.‚§</span> <span class='ocrx_word' id='word_1_186' title='bbox 939 2815 976 2888; x_wconf 81' lang='lat'>3),</span> <span class='ocrx_word' id='word_1_187' title='bbox 1122 2879 1125 2886; x_wconf 16' lang='grc' dir='ltr'><strong><em>Δ</em></strong></span> 
     </span>
    </p>

    <p class='ocr_par' dir='ltr' id='par_1_13' title="bbox 185 2903 1364 3252">
     <span class='ocr_line' id='line_1_27' title="bbox 222 2903 1364 2980; baseline 0.001 -14"><span class='ocrx_word' id='word_1_188' title='bbox 222 2911 256 2966; x_wconf 84' lang='lat' dir='ltr'>Et</span> <span class='ocrx_word' id='word_1_189' title='bbox 270 2908 307 2966; x_wconf 90' lang='lat' dir='ltr'>ad</span> <span class='ocrx_word' id='word_1_190' title='bbox 323 2907 461 2966; x_wconf 89' lang='lat' dir='ltr'>eumdem</span> <span class='ocrx_word' id='word_1_191' title='bbox 478 2905 640 2980; x_wconf 91' lang='lat' dir='ltr'>paroehum</span> <span class='ocrx_word' id='word_1_192' title='bbox 654 2911 768 2980; x_wconf 90' lang='lat' dir='ltr'>spectat</span> <span class='ocrx_word' id='word_1_193' title='bbox 782 2905 879 2962; x_wconf 84' lang='lat' dir='ltr'>fecere</span> <span class='ocrx_word' id='word_1_194' title='bbox 894 2903 1027 2962; x_wconf 88' lang='lat' dir='ltr'>cilicium</span> <span class='ocrx_word' id='word_1_195' title='bbox 1036 2903 1161 2964; x_wconf 84' lang='lat' dir='ltr'>funebre</span> <span class='ocrx_word' id='word_1_196' title='bbox 1171 2921 1264 2979; x_wconf 91' lang='lat' dir='ltr'>super</span> <span class='ocrx_word' id='word_1_197' title='bbox 1277 2907 1364 2967; x_wconf 89' lang='lat' dir='ltr'>cada-</span> 
     </span>
     <span class='ocr_line' id='line_1_28' title="bbox 185 2995 1363 3070; baseline 0 -12"><span class='ocrx_word' id='word_1_198' title='bbox 185 2999 308 3062; x_wconf 82' lang='lat' dir='ltr'>veribus</span> <span class='ocrx_word' id='word_1_199' title='bbox 321 2999 482 3058; x_wconf 85' lang='lat' dir='ltr'>humandis</span> <span class='ocrx_word' id='word_1_200' title='bbox 493 2999 524 3056; x_wconf 95' lang='lat' dir='ltr'>in</span> <span class='ocrx_word' id='word_1_201' title='bbox 541 2997 729 3066; x_wconf 69' lang='lat' dir='ltr'>coelestiam</span> <span class='ocrx_word' id='word_1_202' title='bbox 743 2995 882 3056; x_wconf 91' lang='lat' dir='ltr'>oratoriis</span> <span class='ocrx_word' id='word_1_203' title='bbox 894 2995 1023 3070; x_wconf 90' lang='lat' dir='ltr'>publicis</span> <span class='ocrx_word' id='word_1_204' title='bbox 1038 2997 1326 3068; x_wconf 81' lang='lat' dir='ltr'>confraternitatum,</span> <span class='ocrx_word' id='word_1_205' title='bbox 1337 3000 1363 3058; x_wconf 88' lang='lat' dir='ltr'>si</span> 
     </span>
     <span class='ocr_line' id='line_1_29' title="bbox 186 3087 1363 3161; baseline 0 -15"><span class='ocrx_word' id='word_1_206' title='bbox 186 3087 382 3148; x_wconf 88' lang='lat' dir='ltr'>tumulandus</span> <span class='ocrx_word' id='word_1_207' title='bbox 397 3088 438 3148; x_wconf 91' lang='lat' dir='ltr'>sit</span> <span class='ocrx_word' id='word_1_208' title='bbox 456 3087 611 3161; x_wconf 90' lang='lat' dir='ltr'>subjectus</span> <span class='ocrx_word' id='word_1_209' title='bbox 631 3087 760 3161; x_wconf 91' lang='lat' dir='ltr'>parocho</span> <span class='ocrx_word' id='word_1_210' title='bbox 780 3087 859 3144; x_wconf 89' lang='lat' dir='ltr'>intra</span> <span class='ocrx_word' id='word_1_211' title='bbox 877 3087 966 3160; x_wconf 79' lang='lat' dir='ltr'>cuius</span> <span class='ocrx_word' id='word_1_212' title='bbox 989 3087 1066 3144; x_wconf 88' lang='lat' dir='ltr'>lines</span> <span class='ocrx_word' id='word_1_213' title='bbox 1094 3091 1142 3145; x_wconf 92' lang='lat' dir='ltr'>est</span> <span class='ocrx_word' id='word_1_214' title='bbox 1166 3087 1295 3146; x_wconf 89' lang='lat' dir='ltr'>ecclesia</span> <span class='ocrx_word' id='word_1_215' title='bbox 1319 3089 1363 3146; x_wconf 88' lang='lat' dir='ltr'>rel</span> 
     </span>
     <span class='ocr_line' id='line_1_30' title="bbox 186 3177 544 3252; baseline -0.003 -16"><span class='ocrx_word' id='word_1_216' title='bbox 186 3178 349 3236; x_wconf 89' lang='lat' dir='ltr'>oratorium</span> <span class='ocrx_word' id='word_1_217' title='bbox 364 3177 462 3252; x_wconf 77' lang='lat' dir='ltr'>(laid,</span> <span class='ocrx_word' id='word_1_218' title='bbox 477 3183 492 3246; x_wconf 66' lang='grc' dir='ltr'>ξ</span> <span class='ocrx_word' id='word_1_219' title='bbox 507 3177 544 3251; x_wconf 84' lang='grc'>3).</span> 
     </span>
    </p>

    <p class='ocr_par' dir='ltr' id='par_1_14' title="bbox 185 3265 1364 3520">
     <span class='ocr_line' id='line_1_31' title="bbox 185 3265 1364 3342; baseline -0.002 -16"><span class='ocrx_word' id='word_1_220' title='bbox 185 3323 189 3332; x_wconf 82' lang='grc'><em>,</em></span> <span class='ocrx_word' id='word_1_221' title='bbox 222 3268 350 3326; x_wconf 89' lang='lat' dir='ltr'>Velitum</span> <span class='ocrx_word' id='word_1_222' title='bbox 366 3273 412 3326; x_wconf 90' lang='lat' dir='ltr'>est</span> <span class='ocrx_word' id='word_1_223' title='bbox 424 3267 558 3342; x_wconf 88' lang='lat' dir='ltr'>obligare</span> <span class='ocrx_word' id='word_1_224' title='bbox 573 3267 706 3326; x_wconf 73' lang='lat' dir='ltr'>haeredes</span> <span class='ocrx_word' id='word_1_225' title='bbox 721 3281 825 3326; x_wconf 90' lang='lat' dir='ltr'>eorum</span> <span class='ocrx_word' id='word_1_226' title='bbox 840 3280 969 3340; x_wconf 86' lang='lat' dir='ltr'>quorum</span> <span class='ocrx_word' id='word_1_227' title='bbox 984 3266 1128 3324; x_wconf 79' lang='lat' dir='ltr'>cadavera</span> <span class='ocrx_word' id='word_1_228' title='bbox 1143 3265 1364 3339; x_wconf 89' lang='lat' dir='ltr'>sepeliebantur</span> 
     </span>
     <span class='ocr_line' id='line_1_32' title="bbox 186 3355 1364 3430; baseline 0.001 -17"><span class='ocrx_word' id='word_1_229' title='bbox 186 3357 216 3413; x_wconf 93' lang='lat' dir='ltr'>in</span> <span class='ocrx_word' id='word_1_230' title='bbox 233 3355 369 3414; x_wconf 89' lang='lat' dir='ltr'>ecclesiis</span> <span class='ocrx_word' id='word_1_231' title='bbox 383 3355 578 3430; x_wconf 90' lang='lat' dir='ltr'>regularium,</span> <span class='ocrx_word' id='word_1_232' title='bbox 594 3357 630 3414; x_wconf 88' lang='lat' dir='ltr'>ad</span> <span class='ocrx_word' id='word_1_233' title='bbox 647 3355 841 3415; x_wconf 88' lang='lat' dir='ltr'>celebrandas</span> <span class='ocrx_word' id='word_1_234' title='bbox 859 3355 1038 3428; x_wconf 74' lang='lat' dir='ltr'>preventive</span> <span class='ocrx_word' id='word_1_235' title='bbox 1057 3355 1216 3428; x_wconf 85' lang='lat' dir='ltr'>exsequias</span> <span class='ocrx_word' id='word_1_236' title='bbox 1231 3355 1262 3413; x_wconf 94' lang='lat' dir='ltr'>in</span> <span class='ocrx_word' id='word_1_237' title='bbox 1278 3371 1364 3428; x_wconf 90' lang='lat' dir='ltr'>paro·</span> 
     </span>
     <span class='ocr_line' id='line_1_33' title="bbox 185 3445 847 3520; baseline 0.002 -19"><span class='ocrx_word' id='word_1_238' title='bbox 185 3445 261 3504; x_wconf 86' lang='lat' dir='ltr'>chiis</span> <span class='ocrx_word' id='word_1_239' title='bbox 276 3445 405 3518; x_wconf 72' lang='lat' dir='ltr'>(famer,</span> <span class='ocrx_word' id='word_1_240' title='bbox 422 3447 509 3516; x_wconf 66' lang='lat' dir='ltr'>Fun,</span> <span class='ocrx_word' id='word_1_241' title='bbox 528 3449 559 3503; x_wconf 75' lang='lat' dir='ltr'>tl</span> <span class='ocrx_word' id='word_1_242' title='bbox 571 3460 641 3520; x_wconf 89' lang='lat' dir='ltr'>aug.</span> <span class='ocrx_word' id='word_1_243' title='bbox 658 3447 772 3518; x_wconf 79' lang='lat' dir='ltr'>lfl8,§</span> <span class='ocrx_word' id='word_1_244' title='bbox 794 3447 847 3516; x_wconf 85' lang='lat' dir='ltr'>fl).</span> 
     </span>
    </p>

    <p class='ocr_par' dir='ltr' id='par_1_15' title="bbox 184 3531 1364 3878">
     <span class='ocr_line' id='line_1_34' title="bbox 221 3531 1363 3608; baseline 0.004 -18"><span class='ocrx_word' id='word_1_245' title='bbox 221 3533 263 3591; x_wconf 83' lang='lat' dir='ltr'>ad</span> <span class='ocrx_word' id='word_1_246' title='bbox 278 3531 424 3606; x_wconf 91' lang='lat' dir='ltr'>parochos</span> <span class='ocrx_word' id='word_1_247' title='bbox 439 3539 554 3606; x_wconf 87' lang='lat' dir='ltr'>spectat</span> <span class='ocrx_word' id='word_1_248' title='bbox 569 3535 664 3592; x_wconf 90' lang='lat' dir='ltr'>lacere</span> <span class='ocrx_word' id='word_1_249' title='bbox 679 3533 813 3592; x_wconf 88' lang='lat' dir='ltr'>officium</span> <span class='ocrx_word' id='word_1_250' title='bbox 828 3533 953 3593; x_wconf 89' lang='lat' dir='ltr'>funebre</span> <span class='ocrx_word' id='word_1_251' title='bbox 968 3549 1059 3607; x_wconf 93' lang='lat' dir='ltr'>super</span> <span class='ocrx_word' id='word_1_252' title='bbox 1073 3534 1268 3594; x_wconf 87' lang='lat' dir='ltr'>cadaveribus</span> <span class='ocrx_word' id='word_1_253' title='bbox 1278 3551 1363 3608; x_wconf 90' lang='lat' dir='ltr'>sepe·</span> 
     </span>
     <span class='ocr_line' id='line_1_35' title="bbox 186 3622 1364 3697; baseline 0.003 -17"><span class='ocrx_word' id='word_1_254' title='bbox 186 3622 293 3682; x_wconf 92' lang='lat' dir='ltr'>liendis</span> <span class='ocrx_word' id='word_1_255' title='bbox 306 3623 336 3681; x_wconf 91' lang='lat' dir='ltr'>in</span> <span class='ocrx_word' id='word_1_256' title='bbox 352 3623 660 3694; x_wconf 87' lang='lat' dir='ltr'>ecclesiissodalium‚</span> <span class='ocrx_word' id='word_1_257' title='bbox 674 3631 821 3683; x_wconf 90' lang='lat' dir='ltr'>eteorum</span> <span class='ocrx_word' id='word_1_258' title='bbox 840 3623 971 3697; x_wconf 90' lang='lat' dir='ltr'>publicis</span> <span class='ocrx_word' id='word_1_259' title='bbox 983 3623 1133 3694; x_wconf 70' lang='lat' dir='ltr'>oratoriis</span> <span class='ocrx_word' id='word_1_260' title='bbox 1149 3623 1270 3696; x_wconf 89' lang='lat' dir='ltr'>quando</span> <span class='ocrx_word' id='word_1_261' title='bbox 1294 3639 1364 3684; x_wconf 88' lang='lat' dir='ltr'>vero</span> 
     </span>
     <span class='ocr_line' id='line_1_36' title="bbox 187 3711 1363 3786; baseline 0 -16"><span class='ocrx_word' id='word_1_262' title='bbox 187 3712 380 3772; x_wconf 88' lang='lat' dir='ltr'>tumulandus</span> <span class='ocrx_word' id='word_1_263' title='bbox 399 3717 446 3771; x_wconf 88' lang='lat' dir='ltr'>est</span> <span class='ocrx_word' id='word_1_264' title='bbox 466 3712 610 3772; x_wconf 87' lang='lat' dir='ltr'>subditus</span> <span class='ocrx_word' id='word_1_265' title='bbox 631 3713 762 3785; x_wconf 91' lang='lat' dir='ltr'>parocho</span> <span class='ocrx_word' id='word_1_266' title='bbox 786 3714 865 3772; x_wconf 91' lang='lat' dir='ltr'>intra</span> <span class='ocrx_word' id='word_1_267' title='bbox 885 3713 974 3786; x_wconf 73' lang='lat' dir='ltr'>cuius</span> <span class='ocrx_word' id='word_1_268' title='bbox 992 3712 1069 3770; x_wconf 82' lang='lat' dir='ltr'>fines</span> <span class='ocrx_word' id='word_1_269' title='bbox 1091 3717 1138 3770; x_wconf 90' lang='lat' dir='ltr'>est</span> <span class='ocrx_word' id='word_1_270' title='bbox 1164 3711 1292 3771; x_wconf 84' lang='lat' dir='ltr'>ecclesia</span> <span class='ocrx_word' id='word_1_271' title='bbox 1317 3713 1363 3771; x_wconf 89' lang='lat' dir='ltr'>vel</span> 
     </span>
     <span class='ocr_line' id='line_1_37' title="bbox 184 3801 1010 3878; baseline -0.001 -18"><span class='ocrx_word' id='word_1_272' title='bbox 184 3802 347 3860; x_wconf 88' lang='lat' dir='ltr'>oratorium</span> <span class='ocrx_word' id='word_1_273' title='bbox 363 3801 493 3860; x_wconf 89' lang='lat' dir='ltr'>sodalitii</span> <span class='ocrx_word' id='word_1_274' title='bbox 510 3803 603 3876; x_wconf 74' lang='lat' dir='ltr'>(roh,</span> <span class='ocrx_word' id='word_1_275' title='bbox 621 3803 707 3873; x_wconf 75' lang='lat' dir='ltr'>Fun,</span> <span class='ocrx_word' id='word_1_276' title='bbox 722 3806 738 3860; x_wconf 81' lang='lat'>³</span> <span class='ocrx_word' id='word_1_277' title='bbox 751 3818 814 3878; x_wconf 93' lang='lat' dir='ltr'>apr.</span> <span class='ocrx_word' id='word_1_278' title='bbox 828 3807 907 3872; x_wconf 77' lang='lat'>1763,</span> <span class='ocrx_word' id='word_1_279' title='bbox 923 3807 938 3872; x_wconf 64' lang='grc' dir='ltr'>θ</span> <span class='ocrx_word' id='word_1_280' title='bbox 955 3801 1010 3876; x_wconf 79' lang='lat' dir='ltr'>ll).</span> 
     </span>
    </p>

    <p class='ocr_par' dir='ltr' id='par_1_16' title="bbox 184 3891 1377 4505">
     <span class='ocr_line' id='line_1_38' title="bbox 221 3891 1362 3967; baseline 0.002 -19"><span class='ocrx_word' id='word_1_281' title='bbox 221 3891 480 3951; x_wconf 79' lang='lat' dir='ltr'>perunctionibus</span> <span class='ocrx_word' id='word_1_282' title='bbox 495 3893 610 3950; x_wconf 90' lang='lat' dir='ltr'>funeris</span> <span class='ocrx_word' id='word_1_283' title='bbox 621 3892 761 3963; x_wconf 91' lang='lat' dir='ltr'>ducendi,</span> <span class='ocrx_word' id='word_1_284' title='bbox 780 3893 809 3952; x_wconf 92' lang='lat' dir='ltr'>in</span> <span class='ocrx_word' id='word_1_285' title='bbox 824 3893 936 3967; x_wconf 82' lang='lat' dir='ltr'>qulbus</span> <span class='ocrx_word' id='word_1_286' title='bbox 951 3907 1019 3951; x_wconf 89' lang='lat' dir='ltr'>cum</span> <span class='ocrx_word' id='word_1_287' title='bbox 1034 3891 1164 3965; x_wconf 90' lang='lat' dir='ltr'>parocho</span> <span class='ocrx_word' id='word_1_288' title='bbox 1179 3891 1259 3950; x_wconf 83' lang='lat' dir='ltr'>adsit</span> <span class='ocrx_word' id='word_1_289' title='bbox 1281 3893 1362 3965; x_wconf 92' lang='lat' dir='ltr'>capi-</span> 
     </span>
     <span class='ocr_line' id='line_1_39' title="bbox 185 3981 1364 4058; baseline 0.002 -20"><span class='ocrx_word' id='word_1_290' title='bbox 185 3981 281 4039; x_wconf 90' lang='lat' dir='ltr'>tulum</span> <span class='ocrx_word' id='word_1_291' title='bbox 304 3981 438 4040; x_wconf 82' lang='lat' dir='ltr'>ecclesiae</span> <span class='ocrx_word' id='word_1_292' title='bbox 459 3983 638 4042; x_wconf 87' lang='lat' dir='ltr'>cathedralis</span> <span class='ocrx_word' id='word_1_293' title='bbox 659 3983 707 4042; x_wconf 88' lang='lat' dir='ltr'>vel</span> <span class='ocrx_word' id='word_1_294' title='bbox 728 3983 906 4058; x_wconf 78' lang='lat' dir='ltr'>collegiatae,</span> <span class='ocrx_word' id='word_1_295' title='bbox 930 3981 1128 4055; x_wconf 74' lang='lat' dir='ltr'>praecedentia</span> <span class='ocrx_word' id='word_1_296' title='bbox 1154 3981 1242 4040; x_wconf 87' lang='lat' dir='ltr'>datur</span> <span class='ocrx_word' id='word_1_297' title='bbox 1265 3983 1364 4040; x_wconf 91' lang='lat' dir='ltr'>archi·</span> 
     </span>
     <span class='ocr_line' id='line_1_40' title="bbox 185 4069 1364 4146; baseline 0.002 -18"><span class='ocrx_word' id='word_1_298' title='bbox 185 4069 357 4145; x_wconf 77' lang='lat' dir='ltr'>presbytero</span> <span class='ocrx_word' id='word_1_299' title='bbox 371 4077 401 4129; x_wconf 89' lang='lat' dir='ltr'>et</span> <span class='ocrx_word' id='word_1_300' title='bbox 413 4072 569 4130; x_wconf 90' lang='lat' dir='ltr'>canonicis</span> <span class='ocrx_word' id='word_1_301' title='bbox 585 4087 678 4144; x_wconf 91' lang='lat' dir='ltr'>supra</span> <span class='ocrx_word' id='word_1_302' title='bbox 693 4073 848 4146; x_wconf 92' lang='lat' dir='ltr'>proprium</span> <span class='ocrx_word' id='word_1_303' title='bbox 863 4071 1045 4146; x_wconf 90' lang='lat' dir='ltr'>parochum;</span> <span class='ocrx_word' id='word_1_304' title='bbox 1059 4071 1111 4145; x_wconf 85' lang='lat' dir='ltr'>jus</span> <span class='ocrx_word' id='word_1_305' title='bbox 1121 4077 1221 4130; x_wconf 88' lang='lat' dir='ltr'>tamen</span> <span class='ocrx_word' id='word_1_306' title='bbox 1231 4072 1364 4130; x_wconf 87' lang='lat' dir='ltr'>officium</span> 
     </span>
     <span class='ocr_line' id='line_1_41' title="bbox 187 4158 1365 4234; baseline 0.002 -18"><span class='ocrx_word' id='word_1_307' title='bbox 187 4158 314 4216; x_wconf 89' lang='lat' dir='ltr'>faciendi</span> <span class='ocrx_word' id='word_1_308' title='bbox 327 4159 357 4218; x_wconf 93' lang='lat' dir='ltr'>in</span> <span class='ocrx_word' id='word_1_309' title='bbox 373 4160 493 4232; x_wconf 89' lang='lat' dir='ltr'>propria</span> <span class='ocrx_word' id='word_1_310' title='bbox 508 4159 637 4218; x_wconf 88' lang='lat' dir='ltr'>ecclesia</span> <span class='ocrx_word' id='word_1_311' title='bbox 650 4160 780 4233; x_wconf 90' lang='lat' dir='ltr'>parocho</span> <span class='ocrx_word' id='word_1_312' title='bbox 795 4163 975 4229; x_wconf 88' lang='lat' dir='ltr'>reservatur,</span> <span class='ocrx_word' id='word_1_313' title='bbox 1007 4164 1036 4217; x_wconf 89' lang='lat' dir='ltr'>et</span> <span class='ocrx_word' id='word_1_314' title='bbox 1058 4159 1174 4232; x_wconf 87' lang='lat' dir='ltr'>reliqua</span> <span class='ocrx_word' id='word_1_315' title='bbox 1185 4159 1254 4234; x_wconf 83' lang='lat' dir='ltr'>J&#39;ura</span> <span class='ocrx_word' id='word_1_316' title='bbox 1269 4159 1365 4219; x_wconf 89' lang='lat' dir='ltr'>eidem</span> 
     </span>
     <span class='ocr_line' id='line_1_42' title="bbox 184 4248 1365 4324; baseline 0.001 -18"><span class='ocrx_word' id='word_1_317' title='bbox 184 4248 325 4322; x_wconf 90' lang='lat' dir='ltr'>parocho,</span> <span class='ocrx_word' id='word_1_318' title='bbox 338 4249 375 4307; x_wconf 90' lang='lat' dir='ltr'>de</span> <span class='ocrx_word' id='word_1_319' title='bbox 392 4250 460 4322; x_wconf 88' lang='lat' dir='ltr'>jure</span> <span class='ocrx_word' id='word_1_320' title='bbox 484 4250 528 4308; x_wconf 86' lang='lat' dir='ltr'>uel</span> <span class='ocrx_word' id='word_1_321' title='bbox 553 4250 773 4309; x_wconf 85' lang='lat' dir='ltr'>cousuetudine</span> <span class='ocrx_word' id='word_1_322' title='bbox 788 4249 924 4324; x_wconf 90' lang='lat' dir='ltr'>legitima</span> <span class='ocrx_word' id='word_1_323' title='bbox 947 4248 1016 4320; x_wconf 88' lang='lat' dir='ltr'>loci,</span> <span class='ocrx_word' id='word_1_324' title='bbox 1037 4249 1249 4321; x_wconf 90' lang='lat' dir='ltr'>competentia.</span> <span class='ocrx_word' id='word_1_325' title='bbox 1274 4249 1365 4323; x_wconf 87' lang='lat' dir='ltr'>idque</span> 
     </span>
     <span class='ocr_line' id='line_1_43' title="bbox 186 4338 1377 4414; baseline 0.003 -19"><span class='ocrx_word' id='word_1_326' title='bbox 186 4339 285 4396; x_wconf 90' lang='lat' dir='ltr'>locum</span> <span class='ocrx_word' id='word_1_327' title='bbox 314 4339 413 4410; x_wconf 90' lang='lat' dir='ltr'>habet,</span> <span class='ocrx_word' id='word_1_328' title='bbox 436 4340 554 4399; x_wconf 84' lang='lat' dir='ltr'>etiarnsi</span> <span class='ocrx_word' id='word_1_329' title='bbox 579 4341 727 4414; x_wconf 91' lang='lat' dir='ltr'>parochus</span> <span class='ocrx_word' id='word_1_330' title='bbox 756 4341 833 4399; x_wconf 91' lang='lat' dir='ltr'>stola</span> <span class='ocrx_word' id='word_1_331' title='bbox 858 4339 1001 4398; x_wconf 88' lang='lat' dir='ltr'>induatur</span> <span class='ocrx_word' id='word_1_332' title='bbox 1028 4338 1162 4412; x_wconf 68' lang='lat' dir='ltr'>(Adam,</span> <span class='ocrx_word' id='word_1_333' title='bbox 1188 4339 1256 4400; x_wconf 78' lang='lat' dir='ltr'>lar.</span> <span class='ocrx_word' id='word_1_334' title='bbox 1283 4347 1377 4412; x_wconf 64' lang='lat' dir='ltr'>pua,⁸</span> 
     </span>
     <span class='ocr_line' id='line_1_44' title="bbox 188 4431 512 4505; baseline 0.015 -20"><span class='ocrx_word' id='word_1_335' title='bbox 188 4431 199 4485; x_wconf 86' lang='lat' dir='ltr'>r</span> <span class='ocrx_word' id='word_1_336' title='bbox 217 4435 316 4500; x_wconf 80' lang='lat' dir='ltr'>mara,</span> <span class='ocrx_word' id='word_1_337' title='bbox 333 4433 412 4500; x_wconf 84' lang='lat' dir='ltr'>rrae,</span> <span class='ocrx_word' id='word_1_338' title='bbox 427 4431 444 4505; x_wconf 69' lang='grc'>5</span> <span class='ocrx_word' id='word_1_339' title='bbox 457 4433 512 4504; x_wconf 80' lang='lat' dir='ltr'>ar).</span> 
     </span>
    </p>

    <p class='ocr_par' dir='ltr' id='par_1_17' title="bbox 187 4519 1368 4778">
     <span class='ocr_line' id='line_1_45' title="bbox 224 4519 1366 4594; baseline 0 -18"><span class='ocrx_word' id='word_1_340' title='bbox 224 4519 345 4576; x_wconf 82' lang='lat' dir='ltr'>Perocbi</span> <span class='ocrx_word' id='word_1_341' title='bbox 369 4535 404 4577; x_wconf 83' lang='lat' dir='ltr'>ex</span> <span class='ocrx_word' id='word_1_342' title='bbox 422 4521 490 4594; x_wconf 85' lang='lat' dir='ltr'>jnre</span> <span class='ocrx_word' id='word_1_343' title='bbox 511 4521 656 4580; x_wconf 90' lang='lat' dir='ltr'>canonico</span> <span class='ocrx_word' id='word_1_344' title='bbox 676 4521 795 4594; x_wconf 83' lang='lat' dir='ltr'>explere</span> <span class='ocrx_word' id='word_1_345' title='bbox 813 4519 924 4578; x_wconf 90' lang='lat' dir='ltr'>debent</span> <span class='ocrx_word' id='word_1_346' title='bbox 940 4521 1033 4578; x_wconf 92' lang='lat' dir='ltr'>funus</span> <span class='ocrx_word' id='word_1_347' title='bbox 1053 4521 1082 4578; x_wconf 93' lang='lat' dir='ltr'>in</span> <span class='ocrx_word' id='word_1_348' title='bbox 1099 4535 1203 4578; x_wconf 90' lang='lat' dir='ltr'>eorum</span> <span class='ocrx_word' id='word_1_349' title='bbox 1219 4520 1366 4590; x_wconf 83' lang='lat' dir='ltr'>subditos,</span> 
     </span>
     <span class='ocr_line' id='line_1_46' title="bbox 187 4609 1368 4686; baseline 0.003 -22"><span class='ocrx_word' id='word_1_350' title='bbox 187 4615 217 4665; x_wconf 90' lang='lat' dir='ltr'>et</span> <span class='ocrx_word' id='word_1_351' title='bbox 236 4609 342 4686; x_wconf 31' lang='lat' dir='ltr'>,omnia</span> <span class='ocrx_word' id='word_1_352' title='bbox 367 4611 511 4684; x_wconf 85' lang='lat' dir='ltr'>consequi</span> <span class='ocrx_word' id='word_1_353' title='bbox 542 4611 743 4670; x_wconf 90' lang='lat' dir='ltr'>emolumenta</span> <span class='ocrx_word' id='word_1_354' title='bbox 769 4611 856 4669; x_wconf 88' lang='lat' dir='ltr'>etiam</span> <span class='ocrx_word' id='word_1_355' title='bbox 883 4610 1027 4683; x_wconf 84' lang='lat' dir='ltr'>privative</span> <span class='ocrx_word' id='word_1_356' title='bbox 1054 4610 1090 4670; x_wconf 90' lang='lat' dir='ltr'>ad</span> <span class='ocrx_word' id='word_1_357' title='bbox 1121 4611 1196 4668; x_wconf 89' lang='lat' dir='ltr'>allas</span> <span class='ocrx_word' id='word_1_358' title='bbox 1225 4610 1368 4670; x_wconf 89' lang='lat' dir='ltr'>ecclesias</span> 
     </span>
     <span class='ocr_line' id='line_1_47' title="bbox 188 4699 1368 4778; baseline 0.007 -26"><span class='ocrx_word' id='word_1_359' title='bbox 188 4699 370 4772; x_wconf 66' lang='lat' dir='ltr'>rpuee‘jacent</span> <span class='ocrx_word' id='word_1_360' title='bbox 384 4703 469 4760; x_wconf 80' lang='lat' dir='ltr'>entra</span> <span class='ocrx_word' id='word_1_361' title='bbox 487 4701 565 4760; x_wconf 88' lang='lat' dir='ltr'>lines</span> <span class='ocrx_word' id='word_1_362' title='bbox 582 4701 709 4776; x_wconf 80' lang='lat' dir='ltr'>proprie</span> <span class='ocrx_word' id='word_1_363' title='bbox 723 4701 872 4776; x_wconf 77' lang='lat' dir='ltr'>parocia,</span> <span class='ocrx_word' id='word_1_364' title='bbox 888 4701 947 4760; x_wconf 89' lang='lat' dir='ltr'>uisi</span> <span class='ocrx_word' id='word_1_365' title='bbox 966 4716 1007 4760; x_wconf 84' lang='lat' dir='ltr'>eae</span> <span class='ocrx_word' id='word_1_366' title='bbox 1024 4701 1175 4778; x_wconf 88' lang='lat' dir='ltr'>gaudeant</span> <span class='ocrx_word' id='word_1_367' title='bbox 1188 4701 1255 4774; x_wconf 88' lang='lat' dir='ltr'>jure</span> <span class='ocrx_word' id='word_1_368' title='bbox 1270 4707 1368 4762; x_wconf 89' lang='lat' dir='ltr'>tumu-</span> 
     </span>
    </p>
   </div>
   <div class='ocr_carea' id='block_1_3' title="bbox 0 0 1652 6628">
    <p class='ocr_par' dir='ltr' id='par_1_18' title="bbox 0 0 1652 6628">
     <span class='ocr_line' id='line_1_48' title="bbox 0 0 1652 6628; baseline 0 0"><span class='ocrx_word' id='word_1_369' title='bbox 0 0 1652 6628; x_wconf 95' lang='lat' dir='ltr'> </span> 
     </span>
    </p>
   </div>
  </div>
 </body>
</html>
