<?xml version="1.0" encoding="UTF-8"?>
<!DOCTYPE html PUBLIC "-//W3C//DTD XHTML 1.0 Transitional//EN"
    "http://www.w3.org/TR/xhtml1/DTD/xhtml1-transitional.dtd">
<html xmlns="http://www.w3.org/1999/xhtml" xml:lang="en" lang="en">
 <head>
  <title>
</title>
<meta http-equiv="Content-Type" content="text/html;charset=utf-8" />
  <meta name='ocr-system' content='tesseract 3.04.00' />
  <meta name='ocr-capabilities' content='ocr_page ocr_carea ocr_par ocr_line ocrx_word'/>
</head>
<body>
  <div class='ocr_page' id='page_1' title='image "./juscanonicumjux00grangoog_0228.png"; bbox 0 0 3510 5574; ppageno 0'>
   <div class='ocr_carea' id='block_1_1' title="bbox 363 547 1078 610">
    <p class='ocr_par' dir='ltr' id='par_1_1' title="bbox 363 547 1078 610">
     <span class='ocr_line' id='line_1_1' title="bbox 363 547 1078 610; baseline -0.014 0"><span class='ocrx_word' id='word_1_1' title='bbox 363 547 423 610; x_wconf 74' lang='lat' dir='ltr'>rto</span> <span class='ocrx_word' id='word_1_2' title='bbox 826 563 877 608; x_wconf 78' lang='lat' dir='ltr'>rus</span> <span class='ocrx_word' id='word_1_3' title='bbox 898 558 1078 607; x_wconf 72' lang='lat' dir='ltr'>mbobtctll.</span> 
     </span>
    </p>
   </div>
   <div class='ocr_carea' id='block_1_2' title="bbox 364 669 1543 872">
    <p class='ocr_par' dir='ltr' id='par_1_2' title="bbox 364 669 1543 872">
     <span class='ocr_line' id='line_1_2' title="bbox 364 669 1543 758; baseline -0.008 -14"><span class='ocrx_word' id='word_1_4' title='bbox 364 678 567 754; x_wconf 83' lang='lat' dir='ltr'>beneficiati,</span> <span class='ocrx_word' id='word_1_5' title='bbox 585 679 769 744; x_wconf 77' lang='lat' dir='ltr'>haberetur</span> <span class='ocrx_word' id='word_1_6' title='bbox 783 675 864 740; x_wconf 92' lang='lat' dir='ltr'>unio</span> <span class='ocrx_word' id='word_1_7' title='bbox 878 673 1062 758; x_wconf 83' lang='lat' dir='ltr'>improprie</span> <span class='ocrx_word' id='word_1_8' title='bbox 1078 673 1180 746; x_wconf 79' lang='lat' dir='ltr'>dicta3</span> <span class='ocrx_word' id='word_1_9' title='bbox 1197 671 1276 736; x_wconf 92' lang='lat' dir='ltr'>hinc</span> <span class='ocrx_word' id='word_1_10' title='bbox 1297 671 1331 734; x_wconf 94' lang='lat' dir='ltr'>in</span> <span class='ocrx_word' id='word_1_11' title='bbox 1352 669 1455 736; x_wconf 86' lang='lat' dir='ltr'>dubio</span> <span class='ocrx_word' id='word_1_12' title='bbox 1473 689 1543 736; x_wconf 93' lang='lat' dir='ltr'>non</span> 
     </span>
     <span class='ocr_line' id='line_1_3' title="bbox 364 777 1543 872; baseline -0.008 -19"><span class='ocrx_word' id='word_1_13' title='bbox 364 788 583 872; x_wconf 82' lang='lat' dir='ltr'>praesumitur</span> <span class='ocrx_word' id='word_1_14' title='bbox 607 783 820 869; x_wconf 91' lang='lat' dir='ltr'>temporalis,</span> <span class='ocrx_word' id='word_1_15' title='bbox 844 783 905 848; x_wconf 90' lang='lat' dir='ltr'>sed</span> <span class='ocrx_word' id='word_1_16' title='bbox 930 787 1106 866; x_wconf 86' lang='lat' dir='ltr'>perpetua.</span> <span class='ocrx_word' id='word_1_17' title='bbox 1128 779 1248 846; x_wconf 85' lang='lat' dir='ltr'>&#39;lrlbus</span> <span class='ocrx_word' id='word_1_18' title='bbox 1275 785 1409 845; x_wconf 87' lang='lat' dir='ltr'>tanturn</span> <span class='ocrx_word' id='word_1_19' title='bbox 1432 777 1543 844; x_wconf 88' lang='lat' dir='ltr'>modis</span> 
     </span>
    </p>
   </div>
   <div class='ocr_carea' id='block_1_3' title="bbox 364 897 1542 1078">
    <p class='ocr_par' dir='ltr' id='par_1_3' title="bbox 364 897 1542 1078">
     <span class='ocr_line' id='line_1_4' title="bbox 364 897 580 960; baseline -0.019 0"><span class='ocrx_word' id='word_1_20' title='bbox 364 897 439 960; x_wconf 82' lang='lat' dir='ltr'>lteri</span> <span class='ocrx_word' id='word_1_21' title='bbox 476 899 580 960; x_wconf 90' lang='lat' dir='ltr'>otest:</span> 
     </span>
     <span class='ocr_line' id='line_1_5' title="bbox 405 915 1542 1078; baseline -0.011 -9"><span class='ocrx_word' id='word_1_22' title='bbox 405 1006 437 1068; x_wconf 84' lang='lat' dir='ltr'>t⁰</span> <span class='ocrx_word' id='word_1_23' title='bbox 449 915 643 1078; x_wconf 61' lang='lat' dir='ltr'>gonlusive,</span> <span class='ocrx_word' id='word_1_24' title='bbox 662 1002 745 1066; x_wconf 89' lang='lat' dir='ltr'>dum</span> <span class='ocrx_word' id='word_1_25' title='bbox 759 1002 835 1065; x_wconf 82' lang='lat' dir='ltr'>duae</span> <span class='ocrx_word' id='word_1_26' title='bbox 849 1000 1000 1065; x_wconf 76' lang='lat' dir='ltr'>ecclesie</span> <span class='ocrx_word' id='word_1_27' title='bbox 1014 997 1271 1065; x_wconf 83' lang='lat' dir='ltr'>contunduntur</span> <span class='ocrx_word' id='word_1_28' title='bbox 1282 998 1318 1062; x_wconf 92' lang='lat' dir='ltr'>in</span> <span class='ocrx_word' id='word_1_29' title='bbox 1332 1013 1448 1078; x_wconf 87' lang='lat' dir='ltr'>unarn,</span> <span class='ocrx_word' id='word_1_30' title='bbox 1464 999 1502 1058; x_wconf 91' lang='lat' dir='ltr'>ut</span> <span class='ocrx_word' id='word_1_31' title='bbox 1515 996 1542 1058; x_wconf 86' lang='lat' dir='ltr'>si</span> 
     </span>
    </p>
   </div>
   <div class='ocr_carea' id='block_1_4' title="bbox 351 1106 1549 3268">
    <p class='ocr_par' dir='ltr' id='par_1_4' title="bbox 363 1106 1545 1614">
     <span class='ocr_line' id='line_1_6' title="bbox 365 1106 1543 1194; baseline -0.008 -16"><span class='ocrx_word' id='word_1_32' title='bbox 365 1133 408 1178; x_wconf 83' lang='lat' dir='ltr'>ex</span> <span class='ocrx_word' id='word_1_33' title='bbox 432 1113 566 1178; x_wconf 90' lang='lat' dir='ltr'>duobus</span> <span class='ocrx_word' id='word_1_34' title='bbox 592 1111 842 1194; x_wconf 86' lang='lat' dir='ltr'>episcopatibus</span> <span class='ocrx_word' id='word_1_35' title='bbox 867 1128 958 1175; x_wconf 90' lang='lat' dir='ltr'>unus</span> <span class='ocrx_word' id='word_1_36' title='bbox 982 1111 1095 1184; x_wconf 82' lang='lat' dir='ltr'>tieret,</span> <span class='ocrx_word' id='word_1_37' title='bbox 1118 1109 1166 1173; x_wconf 89' lang='lat' dir='ltr'>ita</span> <span class='ocrx_word' id='word_1_38' title='bbox 1193 1113 1231 1172; x_wconf 93' lang='lat' dir='ltr'>ut</span> <span class='ocrx_word' id='word_1_39' title='bbox 1252 1108 1354 1172; x_wconf 89' lang='lat' dir='ltr'>ambo</span> <span class='ocrx_word' id='word_1_40' title='bbox 1379 1106 1415 1169; x_wconf 91' lang='lat' dir='ltr'>in</span> <span class='ocrx_word' id='word_1_41' title='bbox 1437 1123 1543 1170; x_wconf 91' lang='lat' dir='ltr'>unum</span> 
     </span>
     <span class='ocr_line' id='line_1_7' title="bbox 364 1213 1542 1304; baseline -0.007 -18"><span class='ocrx_word' id='word_1_42' title='bbox 364 1220 607 1304; x_wconf 88' lang='lat' dir='ltr'>veluticorpus</span> <span class='ocrx_word' id='word_1_43' title='bbox 620 1220 766 1302; x_wconf 62' lang='lat' dir='ltr'>,tertium</span> <span class='ocrx_word' id='word_1_44' title='bbox 785 1218 1027 1284; x_wconf 76' lang='lat' dir='ltr'><strong>coalescerent.</strong></span> <span class='ocrx_word' id='word_1_45' title='bbox 1046 1217 1174 1282; x_wconf 76' lang='lat' dir='ltr'>Dicitur</span> <span class='ocrx_word' id='word_1_46' title='bbox 1197 1217 1301 1281; x_wconf 88' lang='lat' dir='ltr'>etiarn</span> <span class='ocrx_word' id='word_1_47' title='bbox 1325 1213 1542 1285; x_wconf 63' lang='lat' dir='ltr'>exstinctum</span> 
     </span>
     <span class='ocr_line' id='line_1_8' title="bbox 364 1323 1545 1410; baseline -0.006 -16"><span class='ocrx_word' id='word_1_48' title='bbox 364 1331 507 1396; x_wconf 81' lang='lat' dir='ltr'>allectus</span> <span class='ocrx_word' id='word_1_49' title='bbox 521 1327 611 1392; x_wconf 89' lang='lat' dir='ltr'>illius</span> <span class='ocrx_word' id='word_1_50' title='bbox 627 1332 679 1392; x_wconf 88' lang='lat' dir='ltr'>est</span> <span class='ocrx_word' id='word_1_51' title='bbox 696 1333 735 1392; x_wconf 90' lang='lat' dir='ltr'>ut</span> <span class='ocrx_word' id='word_1_52' title='bbox 755 1325 934 1410; x_wconf 79' lang='lat' dir='ltr'>privilegia</span> <span class='ocrx_word' id='word_1_53' title='bbox 954 1326 1132 1409; x_wconf 88' lang='lat' dir='ltr'>utriusque</span> <span class='ocrx_word' id='word_1_54' title='bbox 1156 1323 1306 1390; x_wconf 77' lang='lat' dir='ltr'>ecclesias</span> <span class='ocrx_word' id='word_1_55' title='bbox 1326 1328 1448 1388; x_wconf 89' lang='lat' dir='ltr'>mutuo</span> <span class='ocrx_word' id='word_1_56' title='bbox 1466 1340 1545 1388; x_wconf 87' lang='lat' dir='ltr'>con-</span> 
     </span>
     <span class='ocr_line' id='line_1_9' title="bbox 363 1433 1545 1522; baseline -0.004 -19"><span class='ocrx_word' id='word_1_57' title='bbox 363 1437 609 1520; x_wconf 69' lang='lat' dir='ltr'>l&#39;undautur,[et</span> <span class='ocrx_word' id='word_1_58' title='bbox 625 1439 652 1502; x_wconf 88' lang='lat' dir='ltr'>si</span> <span class='ocrx_word' id='word_1_59' title='bbox 668 1437 736 1502; x_wconf 93' lang='lat' dir='ltr'>sint</span> <span class='ocrx_word' id='word_1_60' title='bbox 749 1434 1024 1522; x_wconf 89' lang='lat' dir='ltr'>incompatibilia,</span> <span class='ocrx_word' id='word_1_61' title='bbox 1038 1435 1181 1502; x_wconf 90' lang='lat' dir='ltr'>meliora</span> <span class='ocrx_word' id='word_1_62' title='bbox 1194 1437 1426 1508; x_wconf 68' lang='lat' dir='ltr'>reserventur,</span> <span class='ocrx_word' id='word_1_63' title='bbox 1441 1433 1545 1518; x_wconf 67' lang='lat' dir='ltr'>reico-</span> 
     </span>
     <span class='ocr_line' id='line_1_10' title="bbox 365 1548 1370 1614; baseline 0 -2"><span class='ocrx_word' id='word_1_64' title='bbox 365 1549 408 1612; x_wconf 87' lang='lat' dir='ltr'>tis</span> <span class='ocrx_word' id='word_1_65' title='bbox 423 1548 507 1614; x_wconf 88' lang='lat' dir='ltr'>uliis.</span> <span class='ocrx_word' id='word_1_66' title='bbox 1366 1554 1370 1562; x_wconf 91' lang='grc'><strong><em>’</em></strong></span> 
     </span>
    </p>

    <p class='ocr_par' dir='ltr' id='par_1_5' title="bbox 364 1652 1548 2158">
     <span class='ocr_line' id='line_1_11' title="bbox 404 1652 1547 1742; baseline -0.003 -21"><span class='ocrx_word' id='word_1_67' title='bbox 404 1658 437 1722; x_wconf 68' lang='lat'>2·</span> <span class='ocrx_word' id='word_1_68' title='bbox 449 1657 554 1742; x_wconf 85' lang='lat' dir='ltr'>AEquo</span> <span class='ocrx_word' id='word_1_69' title='bbox 570 1655 810 1740; x_wconf 79' lang='lat' dir='ltr'>principaliter,</span> <span class='ocrx_word' id='word_1_70' title='bbox 826 1655 962 1740; x_wconf 87' lang='lat' dir='ltr'>quando</span> <span class='ocrx_word' id='word_1_71' title='bbox 977 1655 1045 1720; x_wconf 90' lang='lat' dir='ltr'>duo</span> <span class='ocrx_word' id='word_1_72' title='bbox 1059 1654 1235 1730; x_wconf 83' lang='lat' dir='ltr'>beneficia,</span> <span class='ocrx_word' id='word_1_73' title='bbox 1252 1672 1284 1718; x_wconf 86' lang='lat' dir='ltr'>v.</span> <span class='ocrx_word' id='word_1_74' title='bbox 1300 1672 1333 1735; x_wconf 81' lang='lat' dir='ltr'>g.</span> <span class='ocrx_word' id='word_1_75' title='bbox 1348 1652 1425 1718; x_wconf 79' lang='lat' dir='ltr'>due</span> <span class='ocrx_word' id='word_1_76' title='bbox 1446 1652 1547 1718; x_wconf 89' lang='lat' dir='ltr'>ecole-</span> 
     </span>
     <span class='ocr_line' id='line_1_12' title="bbox 365 1761 1547 1852; baseline -0.005 -20"><span class='ocrx_word' id='word_1_77' title='bbox 365 1769 423 1832; x_wconf 79' lang='lat' dir='ltr'>siae</span> <span class='ocrx_word' id='word_1_78' title='bbox 437 1766 658 1852; x_wconf 77' lang='lat' dir='ltr'>parochiales,</span> <span class='ocrx_word' id='word_1_79' title='bbox 676 1766 844 1830; x_wconf 89' lang='lat' dir='ltr'>uniuntur</span> <span class='ocrx_word' id='word_1_80' title='bbox 870 1766 933 1830; x_wconf 91' lang='lat' dir='ltr'>sub</span> <span class='ocrx_word' id='word_1_81' title='bbox 954 1764 1076 1830; x_wconf 89' lang='lat' dir='ltr'>eodem</span> <span class='ocrx_word' id='word_1_82' title='bbox 1099 1767 1242 1840; x_wconf 89' lang='lat' dir='ltr'>rectore,</span> <span class='ocrx_word' id='word_1_83' title='bbox 1260 1765 1307 1829; x_wconf 88' lang='lat' dir='ltr'>ita</span> <span class='ocrx_word' id='word_1_84' title='bbox 1329 1769 1368 1828; x_wconf 92' lang='lat' dir='ltr'>ut</span> <span class='ocrx_word' id='word_1_85' title='bbox 1388 1761 1547 1847; x_wconf 69' lang='lat' dir='ltr'>quaelibet</span> 
     </span>
     <span class='ocr_line' id='line_1_13' title="bbox 366 1871 1546 1956; baseline -0.005 -16"><span class='ocrx_word' id='word_1_86' title='bbox 366 1893 485 1940; x_wconf 85' lang='lat' dir='ltr'>earum</span> <span class='ocrx_word' id='word_1_87' title='bbox 506 1879 620 1940; x_wconf 88' lang='lat' dir='ltr'>servet</span> <span class='ocrx_word' id='word_1_88' title='bbox 643 1891 742 1938; x_wconf 87' lang='lat' dir='ltr'>suum</span> <span class='ocrx_word' id='word_1_89' title='bbox 763 1878 933 1950; x_wconf 84' lang='lat' dir='ltr'>naturam,</span> <span class='ocrx_word' id='word_1_90' title='bbox 954 1891 1017 1938; x_wconf 89' lang='lat' dir='ltr'>sua</span> <span class='ocrx_word' id='word_1_91' title='bbox 1035 1875 1129 1956; x_wconf 82' lang='lat' dir='ltr'>jme,</span> <span class='ocrx_word' id='word_1_92' title='bbox 1151 1871 1329 1955; x_wconf 78' lang='lat' dir='ltr'>privilegia</span> <span class='ocrx_word' id='word_1_93' title='bbox 1352 1876 1386 1935; x_wconf 88' lang='lat' dir='ltr'>et</span> <span class='ocrx_word' id='word_1_94' title='bbox 1407 1875 1546 1935; x_wconf 72' lang='lat' dir='ltr'>ceteras</span> 
     </span>
     <span class='ocr_line' id='line_1_14' title="bbox 364 1979 1548 2068; baseline -0.005 -20"><span class='ocrx_word' id='word_1_95' title='bbox 364 1985 555 2068; x_wconf 86' lang='lat' dir='ltr'>qualitates.</span> <span class='ocrx_word' id='word_1_96' title='bbox 572 1983 719 2048; x_wconf 81' lang='lat' dir='ltr'>Effectus</span> <span class='ocrx_word' id='word_1_97' title='bbox 741 1983 832 2046; x_wconf 90' lang='lat' dir='ltr'>illius</span> <span class='ocrx_word' id='word_1_98' title='bbox 857 1999 927 2048; x_wconf 91' lang='lat' dir='ltr'>non</span> <span class='ocrx_word' id='word_1_99' title='bbox 950 1987 1002 2046; x_wconf 90' lang='lat' dir='ltr'>est</span> <span class='ocrx_word' id='word_1_100' title='bbox 1024 1981 1111 2046; x_wconf 85' lang='lat' dir='ltr'>alius</span> <span class='ocrx_word' id='word_1_101' title='bbox 1125 1981 1189 2044; x_wconf 88' lang='lat' dir='ltr'>nisi</span> <span class='ocrx_word' id='word_1_102' title='bbox 1211 1986 1250 2045; x_wconf 89' lang='lat' dir='ltr'>ut</span> <span class='ocrx_word' id='word_1_103' title='bbox 1263 1985 1374 2045; x_wconf 89' lang='lat' dir='ltr'>rector</span> <span class='ocrx_word' id='word_1_104' title='bbox 1388 1979 1490 2044; x_wconf 87' lang='lat' dir='ltr'>unius</span> <span class='ocrx_word' id='word_1_105' title='bbox 1504 1979 1548 2044; x_wconf 90' lang='lat' dir='ltr'>sit</span> 
     </span>
     <span class='ocr_line' id='line_1_15' title="bbox 365 2093 759 2158; baseline 0 -2"><span class='ocrx_word' id='word_1_106' title='bbox 365 2093 469 2158; x_wconf 88' lang='lat' dir='ltr'>etiam</span> <span class='ocrx_word' id='word_1_107' title='bbox 483 2097 595 2158; x_wconf 90' lang='lat' dir='ltr'>rector</span> <span class='ocrx_word' id='word_1_108' title='bbox 608 2093 759 2157; x_wconf 88' lang='lat' dir='ltr'>alterius.</span> 
     </span>
    </p>

    <p class='ocr_par' dir='ltr' id='par_1_6' title="bbox 351 2199 1548 2720">
     <span class='ocr_line' id='line_1_16' title="bbox 406 2199 1545 2286; baseline -0.003 -21"><span class='ocrx_word' id='word_1_109' title='bbox 406 2201 566 2286; x_wconf 85' lang='lat' dir='ltr'>Sequitur</span> <span class='ocrx_word' id='word_1_110' title='bbox 580 2205 654 2268; x_wconf 88' lang='lat' dir='ltr'>tum</span> <span class='ocrx_word' id='word_1_111' title='bbox 668 2203 761 2286; x_wconf 91' lang='lat' dir='ltr'>quod</span> <span class='ocrx_word' id='word_1_112' title='bbox 775 2203 930 2268; x_wconf 88' lang='lat' dir='ltr'>redditus</span> <span class='ocrx_word' id='word_1_113' title='bbox 949 2203 1170 2267; x_wconf 86' lang='lat' dir='ltr'>ecclesiarum</span> <span class='ocrx_word' id='word_1_114' title='bbox 1185 2202 1288 2266; x_wconf 87' lang='lat' dir='ltr'>etiam</span> <span class='ocrx_word' id='word_1_115' title='bbox 1303 2204 1465 2266; x_wconf 84' lang='lat' dir='ltr'>maneant</span> <span class='ocrx_word' id='word_1_116' title='bbox 1479 2199 1545 2264; x_wconf 89' lang='lat' dir='ltr'>dis·</span> 
     </span>
     <span class='ocr_line' id='line_1_17' title="bbox 365 2306 1548 2394; baseline -0.002 -20"><span class='ocrx_word' id='word_1_117' title='bbox 365 2311 472 2386; x_wconf 90' lang='lat' dir='ltr'>tincti,</span> <span class='ocrx_word' id='word_1_118' title='bbox 484 2315 586 2394; x_wconf 90' lang='lat' dir='ltr'>prout</span> <span class='ocrx_word' id='word_1_119' title='bbox 599 2329 720 2376; x_wconf 88' lang='lat' dir='ltr'>eorum</span> <span class='ocrx_word' id='word_1_120' title='bbox 733 2311 823 2376; x_wconf 90' lang='lat' dir='ltr'>tituli</span> <span class='ocrx_word' id='word_1_121' title='bbox 841 2311 990 2376; x_wconf 86' lang='lat' dir='ltr'>distincti</span> <span class='ocrx_word' id='word_1_122' title='bbox 1003 2315 1194 2386; x_wconf 78' lang='lat' dir='ltr'>remanent,</span> <span class='ocrx_word' id='word_1_123' title='bbox 1207 2314 1281 2374; x_wconf 92' lang='lat' dir='ltr'>tum</span> <span class='ocrx_word' id='word_1_124' title='bbox 1296 2308 1387 2394; x_wconf 92' lang='lat' dir='ltr'>quod</span> <span class='ocrx_word' id='word_1_125' title='bbox 1402 2309 1430 2374; x_wconf 89' lang='lat' dir='ltr'>si</span> <span class='ocrx_word' id='word_1_126' title='bbox 1445 2306 1548 2373; x_wconf 87' lang='lat' dir='ltr'>eccle·</span> 
     </span>
     <span class='ocr_line' id='line_1_18' title="bbox 366 2417 1547 2500; baseline -0.003 -18"><span class='ocrx_word' id='word_1_127' title='bbox 366 2420 425 2484; x_wconf 83' lang='lat' dir='ltr'>siae</span> <span class='ocrx_word' id='word_1_128' title='bbox 441 2419 546 2484; x_wconf 82' lang='lat' dir='ltr'>unitae</span> <span class='ocrx_word' id='word_1_129' title='bbox 562 2423 679 2483; x_wconf 92' lang='lat' dir='ltr'>essent</span> <span class='ocrx_word' id='word_1_130' title='bbox 692 2418 905 2484; x_wconf 80' lang='lat' dir='ltr'>cathedrales</span> <span class='ocrx_word' id='word_1_131' title='bbox 920 2417 976 2484; x_wconf 83' lang='lat' dir='ltr'>vel</span> <span class='ocrx_word' id='word_1_132' title='bbox 987 2417 1186 2500; x_wconf 65' lang='lat' dir='ltr'>collegiatae,</span> <span class='ocrx_word' id='word_1_133' title='bbox 1198 2419 1351 2484; x_wconf 85' lang='lat' dir='ltr'>canonici</span> <span class='ocrx_word' id='word_1_134' title='bbox 1364 2417 1466 2482; x_wconf 91' lang='lat' dir='ltr'>unius</span> <span class='ocrx_word' id='word_1_135' title='bbox 1477 2434 1547 2480; x_wconf 92' lang='lat' dir='ltr'>non</span> 
     </span>
     <span class='ocr_line' id='line_1_19' title="bbox 366 2525 1548 2614; baseline -0.001 -23"><span class='ocrx_word' id='word_1_136' title='bbox 366 2529 490 2592; x_wconf 87' lang='lat' dir='ltr'>tierent</span> <span class='ocrx_word' id='word_1_137' title='bbox 502 2547 543 2592; x_wconf 94' lang='lat' dir='ltr'>eo</span> <span class='ocrx_word' id='word_1_138' title='bbox 557 2529 632 2612; x_wconf 90' lang='lat' dir='ltr'>ipso</span> <span class='ocrx_word' id='word_1_139' title='bbox 649 2528 804 2594; x_wconf 88' lang='lat' dir='ltr'>canonici</span> <span class='ocrx_word' id='word_1_140' title='bbox 819 2527 970 2604; x_wconf 78' lang='lat' dir='ltr'>alteriue,</span> <span class='ocrx_word' id='word_1_141' title='bbox 987 2547 1066 2593; x_wconf 92' lang='lat' dir='ltr'>cum</span> <span class='ocrx_word' id='word_1_142' title='bbox 1082 2531 1237 2614; x_wconf 88' lang='lat' dir='ltr'>separata</span> <span class='ocrx_word' id='word_1_143' title='bbox 1253 2529 1430 2612; x_wconf 89' lang='lat' dir='ltr'>utriusque</span> <span class='ocrx_word' id='word_1_144' title='bbox 1446 2525 1548 2592; x_wconf 87' lang='lat' dir='ltr'>eccle·</span> 
     </span>
     <span class='ocr_line' id='line_1_20' title="bbox 351 2635 702 2720; baseline 0.003 -22"><span class='ocrx_word' id='word_1_145' title='bbox 351 2635 423 2698; x_wconf 82' lang='lat' dir='ltr'>&#39;siae</span> <span class='ocrx_word' id='word_1_146' title='bbox 439 2640 602 2700; x_wconf 86' lang='lat' dir='ltr'>maneant</span> <span class='ocrx_word' id='word_1_147' title='bbox 613 2638 702 2720; x_wconf 87' lang='lat' dir='ltr'>jura.</span> 
     </span>
    </p>

    <p class='ocr_par' dir='ltr' id='par_1_7' title="bbox 363 2743 1549 3268">
     <span class='ocr_line' id='line_1_21' title="bbox 405 2743 1546 2830; baseline 0 -22"><span class='ocrx_word' id='word_1_148' title='bbox 405 2743 438 2808; x_wconf 80' lang='lat'>3⁰</span> <span class='ocrx_word' id='word_1_149' title='bbox 453 2743 659 2822; x_wconf 76' lang='lat' dir='ltr'>Accessorie,</span> <span class='ocrx_word' id='word_1_150' title='bbox 683 2744 766 2808; x_wconf 88' lang='lat' dir='ltr'>dum</span> <span class='ocrx_word' id='word_1_151' title='bbox 786 2745 931 2811; x_wconf 90' lang='lat' dir='ltr'>ecclesia</span> <span class='ocrx_word' id='word_1_152' title='bbox 954 2747 1069 2810; x_wconf 88' lang='lat' dir='ltr'>minus</span> <span class='ocrx_word' id='word_1_153' title='bbox 1087 2745 1282 2830; x_wconf 88' lang='lat' dir='ltr'>principalis</span> <span class='ocrx_word' id='word_1_154' title='bbox 1296 2763 1358 2830; x_wconf 91' lang='lat' dir='ltr'>per</span> <span class='ocrx_word' id='word_1_155' title='bbox 1369 2743 1546 2810; x_wconf 86' lang='lat' dir='ltr'>adunatio·</span> 
     </span>
     <span class='ocr_line' id='line_1_22' title="bbox 367 2853 1546 2940; baseline 0 -24"><span class='ocrx_word' id='word_1_156' title='bbox 367 2870 447 2916; x_wconf 91' lang='lat' dir='ltr'>nem</span> <span class='ocrx_word' id='word_1_157' title='bbox 470 2853 586 2916; x_wconf 91' lang='lat' dir='ltr'>unitur</span> <span class='ocrx_word' id='word_1_158' title='bbox 603 2853 843 2936; x_wconf 88' lang='lat' dir='ltr'>principaliori.</span> <span class='ocrx_word' id='word_1_159' title='bbox 873 2853 932 2918; x_wconf 86' lang='lat' dir='ltr'>llic</span> <span class='ocrx_word' id='word_1_160' title='bbox 954 2856 1097 2920; x_wconf 90' lang='lat' dir='ltr'>uniendi</span> <span class='ocrx_word' id='word_1_161' title='bbox 1112 2856 1236 2922; x_wconf 90' lang='lat' dir='ltr'>modus</span> <span class='ocrx_word' id='word_1_162' title='bbox 1254 2861 1308 2920; x_wconf 92' lang='lat' dir='ltr'>est</span> <span class='ocrx_word' id='word_1_163' title='bbox 1324 2853 1546 2940; x_wconf 80' lang='lat' dir='ltr'>frequentior.</span> 
     </span>
     <span class='ocr_line' id='line_1_23' title="bbox 366 2959 1547 3048; baseline 0 -24"><span class='ocrx_word' id='word_1_164' title='bbox 366 2959 512 3026; x_wconf 83' lang='lat' dir='ltr'>Etlectua</span> <span class='ocrx_word' id='word_1_165' title='bbox 530 2962 701 3042; x_wconf 78' lang='lat' dir='ltr'>generalis</span> <span class='ocrx_word' id='word_1_166' title='bbox 727 2967 781 3027; x_wconf 92' lang='lat' dir='ltr'>est</span> <span class='ocrx_word' id='word_1_167' title='bbox 803 2967 842 3026; x_wconf 94' lang='lat' dir='ltr'>ut</span> <span class='ocrx_word' id='word_1_168' title='bbox 867 2963 1010 3030; x_wconf 87' lang='lat' dir='ltr'>ecclesia</span> <span class='ocrx_word' id='word_1_169' title='bbox 1031 2965 1146 3028; x_wconf 91' lang='lat' dir='ltr'>minus</span> <span class='ocrx_word' id='word_1_170' title='bbox 1165 2963 1359 3048; x_wconf 84' lang='lat' dir='ltr'>principalis</span> <span class='ocrx_word' id='word_1_171' title='bbox 1378 2967 1547 3036; x_wconf 87' lang='lat' dir='ltr'>naturam,</span> 
     </span>
     <span class='ocr_line' id='line_1_24' title="bbox 363 3067 1549 3156; baseline 0.002 -24"><span class='ocrx_word' id='word_1_172' title='bbox 363 3069 442 3150; x_wconf 86' lang='lat' dir='ltr'>jura</span> <span class='ocrx_word' id='word_1_173' title='bbox 466 3074 501 3133; x_wconf 89' lang='lat' dir='ltr'>et</span> <span class='ocrx_word' id='word_1_174' title='bbox 524 3067 704 3154; x_wconf 85' lang='lat' dir='ltr'>qualitates</span> <span class='ocrx_word' id='word_1_175' title='bbox 735 3070 983 3155; x_wconf 89' lang='lat' dir='ltr'>principalioris</span> <span class='ocrx_word' id='word_1_176' title='bbox 1010 3073 1203 3156; x_wconf 81' lang='lat' dir='ltr'>participet3</span> <span class='ocrx_word' id='word_1_177' title='bbox 1227 3071 1317 3140; x_wconf 90' lang='lat' dir='ltr'>unde</span> <span class='ocrx_word' id='word_1_178' title='bbox 1346 3073 1549 3136; x_wconf 84' lang='lat' dir='ltr'>beneficium</span> 
     </span>
     <span class='ocr_line' id='line_1_25' title="bbox 368 3179 1548 3268; baseline 0.002 -26"><span class='ocrx_word' id='word_1_179' title='bbox 368 3179 512 3254; x_wconf 89' lang='lat' dir='ltr'>unitum,</span> <span class='ocrx_word' id='word_1_180' title='bbox 525 3183 690 3263; x_wconf 82' lang='lat' dir='ltr'>tanquam</span> <span class='ocrx_word' id='word_1_181' title='bbox 701 3182 946 3259; x_wconf 85' lang='lat' dir='ltr'>accessorium,</span> <span class='ocrx_word' id='word_1_182' title='bbox 960 3183 1056 3268; x_wconf 87' lang='lat' dir='ltr'>quasi</span> <span class='ocrx_word' id='word_1_183' title='bbox 1072 3183 1310 3265; x_wconf 79' lang='lat' dir='ltr'>exstinguitur.</span> <span class='ocrx_word' id='word_1_184' title='bbox 1327 3181 1548 3265; x_wconf 85' lang='lat' dir='ltr'>Quapropter,</span> 
     </span>
    </p>
   </div>
   <div class='ocr_carea' id='block_1_5' title="bbox 367 3285 1663 3374">
    <p class='ocr_par' dir='ltr' id='par_1_8' title="bbox 367 3285 1663 3374">
     <span class='ocr_line' id='line_1_26' title="bbox 367 3285 1663 3374; baseline 0.002 -25"><span class='ocrx_word' id='word_1_185' title='bbox 367 3287 394 3350; x_wconf 88' lang='lat' dir='ltr'>si</span> <span class='ocrx_word' id='word_1_186' title='bbox 410 3285 553 3350; x_wconf 86' lang='lat' dir='ltr'>ecclesie</span> <span class='ocrx_word' id='word_1_187' title='bbox 569 3304 639 3352; x_wconf 94' lang='lat' dir='ltr'>non</span> <span class='ocrx_word' id='word_1_188' title='bbox 655 3293 819 3372; x_wconf 83' lang='lat' dir='ltr'>exempta</span> <span class='ocrx_word' id='word_1_189' title='bbox 839 3289 979 3354; x_wconf 88' lang='lat' dir='ltr'>uniatur</span> <span class='ocrx_word' id='word_1_190' title='bbox 996 3295 1175 3374; x_wconf 76' lang='lat' dir='ltr'>exemptor,</span> <span class='ocrx_word' id='word_1_191' title='bbox 1189 3293 1247 3374; x_wconf 91' lang='lat' dir='ltr'>jus</span> <span class='ocrx_word' id='word_1_192' title='bbox 1261 3288 1488 3372; x_wconf 84' lang='lat' dir='ltr'>exemptionis</span> <span class='ocrx_word' id='word_1_193' title='bbox 1500 3306 1551 3352; x_wconf 78' lang='lat' dir='ltr'>ao</span> <span class='ocrx_word' id='word_1_194' title='bbox 1658 3359 1663 3368; x_wconf 55' lang='grc'>,</span> 
     </span>
    </p>
   </div>
   <div class='ocr_carea' id='block_1_6' title="bbox 367 3397 1551 3918">
    <p class='ocr_par' dir='ltr' id='par_1_9' title="bbox 367 3397 1551 3918">
     <span class='ocr_line' id='line_1_27' title="bbox 367 3397 1551 3484; baseline 0 -24"><span class='ocrx_word' id='word_1_195' title='bbox 367 3397 480 3480; x_wconf 90' lang='lat' dir='ltr'>quirit,</span> <span class='ocrx_word' id='word_1_196' title='bbox 498 3401 533 3460; x_wconf 88' lang='lat' dir='ltr'>et</span> <span class='ocrx_word' id='word_1_197' title='bbox 553 3398 714 3462; x_wconf 84' lang='lat' dir='ltr'>vicissim.</span> <span class='ocrx_word' id='word_1_198' title='bbox 733 3399 842 3477; x_wconf 87' lang='lat' dir='ltr'>Ratio,</span> <span class='ocrx_word' id='word_1_199' title='bbox 858 3401 937 3484; x_wconf 87' lang='lat' dir='ltr'>quio</span> <span class='ocrx_word' id='word_1_200' title='bbox 959 3401 1063 3484; x_wconf 90' lang='lat' dir='ltr'>hujus</span> <span class='ocrx_word' id='word_1_201' title='bbox 1084 3401 1222 3466; x_wconf 86' lang='lat' dir='ltr'>unionis</span> <span class='ocrx_word' id='word_1_202' title='bbox 1242 3419 1284 3466; x_wconf 90' lang='lat' dir='ltr'>ea</span> <span class='ocrx_word' id='word_1_203' title='bbox 1298 3405 1351 3464; x_wconf 92' lang='lat' dir='ltr'>est</span> <span class='ocrx_word' id='word_1_204' title='bbox 1364 3399 1496 3474; x_wconf 87' lang='lat' dir='ltr'>natura&#39;,</span> <span class='ocrx_word' id='word_1_205' title='bbox 1513 3400 1551 3461; x_wconf 95' lang='lat' dir='ltr'>ut</span> 
     </span>
     <span class='ocr_line' id='line_1_28' title="bbox 367 3503 1549 3592; baseline 0.003 -26"><span class='ocrx_word' id='word_1_206' title='bbox 367 3503 504 3568; x_wconf 90' lang='lat' dir='ltr'>titulum</span> <span class='ocrx_word' id='word_1_207' title='bbox 521 3505 672 3570; x_wconf 73' lang='lat' dir='ltr'>ecclesia</span> <span class='ocrx_word' id='word_1_208' title='bbox 688 3507 792 3571; x_wconf 85' lang='lat' dir='ltr'>unitae</span> <span class='ocrx_word' id='word_1_209' title='bbox 808 3506 914 3584; x_wconf 91' lang='lat' dir='ltr'>tollat,</span> <span class='ocrx_word' id='word_1_210' title='bbox 928 3527 1073 3592; x_wconf 86' lang='lat' dir='ltr'>eamque</span> <span class='ocrx_word' id='word_1_211' title='bbox 1085 3509 1187 3574; x_wconf 82' lang='lat' dir='ltr'>faciat</span> <span class='ocrx_word' id='word_1_212' title='bbox 1197 3509 1392 3573; x_wconf 87' lang='lat' dir='ltr'>membrum</span> <span class='ocrx_word' id='word_1_213' title='bbox 1405 3511 1440 3572; x_wconf 91' lang='lat' dir='ltr'>et</span> <span class='ocrx_word' id='word_1_214' title='bbox 1452 3507 1549 3591; x_wconf 84' lang='lat' dir='ltr'>quasi</span> 
     </span>
     <span class='ocr_line' id='line_1_29' title="bbox 367 3613 1550 3702; baseline 0.004 -27"><span class='ocrx_word' id='word_1_215' title='bbox 367 3613 534 3694; x_wconf 72' lang='lat' dir='ltr'>praedium</span> <span class='ocrx_word' id='word_1_216' title='bbox 558 3613 709 3679; x_wconf 79' lang='lat' dir='ltr'>ecclesie</span> <span class='ocrx_word' id='word_1_217' title='bbox 732 3617 788 3679; x_wconf 92' lang='lat' dir='ltr'>cui</span> <span class='ocrx_word' id='word_1_218' title='bbox 812 3617 901 3681; x_wconf 87' lang='lat' dir='ltr'>facta</span> <span class='ocrx_word' id='word_1_219' title='bbox 929 3622 982 3682; x_wconf 87' lang='lat' dir='ltr'>est</span> <span class='ocrx_word' id='word_1_220' title='bbox 1002 3617 1095 3682; x_wconf 89' lang='lat' dir='ltr'>unio.</span> <span class='ocrx_word' id='word_1_221' title='bbox 1117 3653 1157 3664; x_wconf 88' lang='lat'><em>-</em></span> <span class='ocrx_word' id='word_1_222' title='bbox 1180 3617 1339 3702; x_wconf 86' lang='lat' dir='ltr'>Sequitur</span> <span class='ocrx_word' id='word_1_223' title='bbox 1359 3617 1449 3701; x_wconf 86' lang='lat' dir='ltr'>quod</span> <span class='ocrx_word' id='word_1_224' title='bbox 1480 3635 1550 3680; x_wconf 93' lang='lat' dir='ltr'>non</span> 
     </span>
     <span class='ocr_line' id='line_1_30' title="bbox 368 3721 1550 3808; baseline 0.002 -22"><span class='ocrx_word' id='word_1_225' title='bbox 368 3721 476 3802; x_wconf 89' lang='lat' dir='ltr'>possit</span> <span class='ocrx_word' id='word_1_226' title='bbox 501 3721 706 3786; x_wconf 83' lang='lat' dir='ltr'>beneficium</span> <span class='ocrx_word' id='word_1_227' title='bbox 725 3721 862 3806; x_wconf 77' lang='lat' dir='ltr'>dignius</span> <span class='ocrx_word' id='word_1_228' title='bbox 884 3725 1072 3790; x_wconf 86' lang='lat' dir='ltr'>accessorio</span> <span class='ocrx_word' id='word_1_229' title='bbox 1095 3726 1184 3790; x_wconf 90' lang='lat' dir='ltr'>uniri</span> <span class='ocrx_word' id='word_1_230' title='bbox 1205 3725 1321 3789; x_wconf 92' lang='lat' dir='ltr'>minus</span> <span class='ocrx_word' id='word_1_231' title='bbox 1340 3725 1456 3807; x_wconf 76' lang='lat' dir='ltr'>digno,</span> <span class='ocrx_word' id='word_1_232' title='bbox 1471 3723 1550 3808; x_wconf 89' lang='lat' dir='ltr'>quia</span> 
     </span>
     <span class='ocr_line' id='line_1_31' title="bbox 369 3829 1550 3918; baseline 0.003 -27"><span class='ocrx_word' id='word_1_233' title='bbox 369 3829 416 3892; x_wconf 85' lang='lat' dir='ltr'>sio</span> <span class='ocrx_word' id='word_1_234' title='bbox 430 3829 540 3912; x_wconf 83' lang='lat' dir='ltr'>magis</span> <span class='ocrx_word' id='word_1_235' title='bbox 555 3829 697 3912; x_wconf 82' lang='lat' dir='ltr'>dignum</span> <span class='ocrx_word' id='word_1_236' title='bbox 712 3832 826 3896; x_wconf 90' lang='lat' dir='ltr'>minus</span> <span class='ocrx_word' id='word_1_237' title='bbox 847 3831 950 3915; x_wconf 87' lang='lat' dir='ltr'>digno</span> <span class='ocrx_word' id='word_1_238' title='bbox 973 3834 1209 3918; x_wconf 88' lang='lat' dir='ltr'>subjiceretur.</span> <span class='ocrx_word' id='word_1_239' title='bbox 1235 3834 1362 3899; x_wconf 85' lang='lat' dir='ltr'>Temen</span> <span class='ocrx_word' id='word_1_240' title='bbox 1389 3832 1550 3898; x_wconf 88' lang='lat' dir='ltr'>Summus</span> 
     </span>
    </p>
   </div>
   <div class='ocr_carea' id='block_1_7' title="bbox 367 3935 1549 4110">
    <p class='ocr_par' dir='ltr' id='par_1_10' title="bbox 367 3935 1549 4110">
     <span class='ocr_line' id='line_1_32' title="bbox 367 3935 1549 4026; baseline 0.004 -27"><span class='ocrx_word' id='word_1_241' title='bbox 367 3935 522 4002; x_wconf 83' lang='lat' dir='ltr'>Pontifex</span> <span class='ocrx_word' id='word_1_242' title='bbox 558 3937 600 4004; x_wconf 91' lang='lat' dir='ltr'>de</span> <span class='ocrx_word' id='word_1_243' title='bbox 637 3938 849 4022; x_wconf 91' lang='lat' dir='ltr'>plenitudine</span> <span class='ocrx_word' id='word_1_244' title='bbox 889 3960 960 4008; x_wconf 82' lang='lat' dir='ltr'>suae</span> <span class='ocrx_word' id='word_1_245' title='bbox 994 3943 1174 4026; x_wconf 88' lang='lat' dir='ltr'>potestatis</span> <span class='ocrx_word' id='word_1_246' title='bbox 1202 3947 1316 4026; x_wconf 87' lang='lat' dir='ltr'>potest</span> <span class='ocrx_word' id='word_1_247' title='bbox 1350 3943 1412 4006; x_wconf 87' lang='lat' dir='ltr'>hos</span> <span class='ocrx_word' id='word_1_248' title='bbox 1439 3943 1549 4008; x_wconf 83' lang='lat' dir='ltr'>lacere</span> 
     </span>
     <span class='ocr_line' id='line_1_33' title="bbox 369 4061 524 4110; baseline 0 -4"><span class='ocrx_word' id='word_1_249' title='bbox 369 4061 524 4110; x_wconf 92' lang='lat' dir='ltr'>umones.</span> 
     </span>
    </p>
   </div>
   <div class='ocr_carea' id='block_1_8' title="bbox 366 4153 1551 4678">
    <p class='ocr_par' dir='ltr' id='par_1_11' title="bbox 366 4153 1551 4678">
     <span class='ocr_line' id='line_1_34' title="bbox 406 4153 1549 4246; baseline 0.005 -30"><span class='ocrx_word' id='word_1_250' title='bbox 406 4153 436 4235; x_wconf 84' lang='lat' dir='ltr'>b)</span> <span class='ocrx_word' id='word_1_251' title='bbox 453 4153 535 4235; x_wconf 79' lang='lat' dir='ltr'>Quis</span> <span class='ocrx_word' id='word_1_252' title='bbox 552 4157 661 4239; x_wconf 81' lang='lat' dir='ltr'>possit</span> <span class='ocrx_word' id='word_1_253' title='bbox 688 4159 783 4222; x_wconf 75' lang='lat' dir='ltr'>croire</span> <span class='ocrx_word' id='word_1_254' title='bbox 807 4159 989 4241; x_wconf 80' lang='lat' dir='ltr'>berreficic?</span> <span class='ocrx_word' id='word_1_255' title='bbox 1010 4161 1109 4246; x_wconf 86' lang='lat' dir='ltr'>Resp.</span> <span class='ocrx_word' id='word_1_256' title='bbox 1130 4163 1162 4226; x_wconf 81' lang='lat'>1⁰</span> <span class='ocrx_word' id='word_1_257' title='bbox 1178 4162 1339 4225; x_wconf 90' lang='lat' dir='ltr'>Summus</span> <span class='ocrx_word' id='word_1_258' title='bbox 1368 4161 1464 4226; x_wconf 89' lang='lat' dir='ltr'>Pont.</span> <span class='ocrx_word' id='word_1_259' title='bbox 1481 4177 1549 4243; x_wconf 82' lang='lat' dir='ltr'>pra·</span> 
     </span>
     <span class='ocr_line' id='line_1_35' title="bbox 368 4261 1551 4352; baseline 0.008 -29"><span class='ocrx_word' id='word_1_260' title='bbox 368 4261 526 4326; x_wconf 89' lang='lat' dir='ltr'>omnibus</span> <span class='ocrx_word' id='word_1_261' title='bbox 541 4263 615 4328; x_wconf 87' lang='lat' dir='ltr'>eliis</span> <span class='ocrx_word' id='word_1_262' title='bbox 632 4283 639 4327; x_wconf 76' lang='grc' dir='ltr'><strong><em>ε</em></strong></span> <span class='ocrx_word' id='word_1_263' title='bbox 657 4269 691 4328; x_wconf 93' lang='lat' dir='ltr'>et</span> <span class='ocrx_word' id='word_1_264' title='bbox 703 4265 776 4330; x_wconf 84' lang='lat' dir='ltr'>haec</span> <span class='ocrx_word' id='word_1_265' title='bbox 797 4271 949 4350; x_wconf 85' lang='lat' dir='ltr'>potestas</span> <span class='ocrx_word' id='word_1_266' title='bbox 971 4267 1143 4334; x_wconf 85' lang='lat' dir='ltr'>Pontisscis</span> <span class='ocrx_word' id='word_1_267' title='bbox 1166 4286 1203 4333; x_wconf 89' lang='lat' dir='ltr'>se</span> <span class='ocrx_word' id='word_1_268' title='bbox 1225 4269 1379 4334; x_wconf 86' lang='lat' dir='ltr'>extendit</span> <span class='ocrx_word' id='word_1_269' title='bbox 1398 4268 1441 4334; x_wconf 86' lang='lat' dir='ltr'>ed</span> <span class='ocrx_word' id='word_1_270' title='bbox 1461 4286 1551 4352; x_wconf 79' lang='lat' dir='ltr'>que·</span> 
     </span>
     <span class='ocr_line' id='line_1_36' title="bbox 366 4371 1551 4460; baseline 0.007 -29"><span class='ocrx_word' id='word_1_271' title='bbox 366 4385 513 4454; x_wconf 91' lang='lat' dir='ltr'>cumque</span> <span class='ocrx_word' id='word_1_272' title='bbox 534 4371 700 4438; x_wconf 79' lang='lat' dir='ltr'>beneficia</span> <span class='ocrx_word' id='word_1_273' title='bbox 714 4377 784 4438; x_wconf 87' lang='lat' dir='ltr'>tem</span> <span class='ocrx_word' id='word_1_274' title='bbox 797 4378 930 4458; x_wconf 86' lang='lat' dir='ltr'>majora</span> <span class='ocrx_word' id='word_1_275' title='bbox 945 4393 1049 4460; x_wconf 88' lang='lat' dir='ltr'>quern</span> <span class='ocrx_word' id='word_1_276' title='bbox 1062 4377 1209 4454; x_wconf 88' lang='lat' dir='ltr'>minora,</span> <span class='ocrx_word' id='word_1_277' title='bbox 1226 4381 1261 4442; x_wconf 91' lang='lat' dir='ltr'>et</span> <span class='ocrx_word' id='word_1_278' title='bbox 1275 4375 1435 4442; x_wconf 85' lang='lat' dir='ltr'>ecclesias</span> <span class='ocrx_word' id='word_1_279' title='bbox 1451 4393 1551 4460; x_wconf 87' lang='lat' dir='ltr'>quas·</span> 
     </span>
     <span class='ocr_line' id='line_1_37' title="bbox 367 4479 1548 4569; baseline 0.006 -30"><span class='ocrx_word' id='word_1_280' title='bbox 367 4493 525 4560; x_wconf 87' lang='lat' dir='ltr'>cumque,</span> <span class='ocrx_word' id='word_1_281' title='bbox 541 4479 620 4544; x_wconf 90' lang='lat' dir='ltr'>inde</span> <span class='ocrx_word' id='word_1_282' title='bbox 646 4482 747 4546; x_wconf 87' lang='lat' dir='ltr'>etad</span> <span class='ocrx_word' id='word_1_283' title='bbox 772 4481 931 4548; x_wconf 86' lang='lat' dir='ltr'>ecclesias</span> <span class='ocrx_word' id='word_1_284' title='bbox 956 4483 1168 4550; x_wconf 88' lang='lat' dir='ltr'>cathedrales</span> <span class='ocrx_word' id='word_1_285' title='bbox 1193 4489 1228 4548; x_wconf 91' lang='lat' dir='ltr'>et</span> <span class='ocrx_word' id='word_1_286' title='bbox 1250 4483 1548 4569; x_wconf 85' lang='lat' dir='ltr'>metropolitanas;</span> 
     </span>
     <span class='ocr_line' id='line_1_38' title="bbox 367 4585 1421 4678; baseline 0.008 -30"><span class='ocrx_word' id='word_1_287' title='bbox 367 4585 437 4650; x_wconf 92' lang='lat' dir='ltr'>imo</span> <span class='ocrx_word' id='word_1_288' title='bbox 451 4591 575 4672; x_wconf 82' lang='lat' dir='ltr'>praeter</span> <span class='ocrx_word' id='word_1_289' title='bbox 589 4589 682 4658; x_wconf 85' lang='lat' dir='ltr'>Sum.</span> <span class='ocrx_word' id='word_1_290' title='bbox 700 4591 796 4657; x_wconf 88' lang='lat' dir='ltr'>Pont.</span> <span class='ocrx_word' id='word_1_291' title='bbox 814 4611 917 4660; x_wconf 91' lang='lat' dir='ltr'>nemo</span> <span class='ocrx_word' id='word_1_292' title='bbox 932 4597 1046 4678; x_wconf 89' lang='lat' dir='ltr'>potest</span> <span class='ocrx_word' id='word_1_293' title='bbox 1060 4593 1159 4659; x_wconf 91' lang='lat' dir='ltr'>unire</span> <span class='ocrx_word' id='word_1_294' title='bbox 1172 4594 1234 4660; x_wconf 87' lang='lat' dir='ltr'>hes</span> <span class='ocrx_word' id='word_1_295' title='bbox 1250 4593 1421 4660; x_wconf 87' lang='lat' dir='ltr'>ecclesias.</span> 
     </span>
    </p>
   </div>
   <div class='ocr_carea' id='block_1_9' title="bbox 409 4697 1551 4789">
    <p class='ocr_par' dir='ltr' id='par_1_12' title="bbox 409 4697 1551 4789">
     <span class='ocr_line' id='line_1_39' title="bbox 409 4697 1551 4789; baseline 0.007 -29"><span class='ocrx_word' id='word_1_296' title='bbox 409 4697 442 4760; x_wconf 67' lang='lat'>2⁰</span> <span class='ocrx_word' id='word_1_297' title='bbox 463 4697 617 4784; x_wconf 86' lang='lat' dir='ltr'>Episcopi</span> <span class='ocrx_word' id='word_1_298' title='bbox 641 4703 719 4784; x_wconf 87' lang='lat' dir='ltr'>jnre</span> <span class='ocrx_word' id='word_1_299' title='bbox 741 4705 916 4770; x_wconf 84' lang='lat' dir='ltr'>communi</span> <span class='ocrx_word' id='word_1_300' title='bbox 944 4707 1149 4789; x_wconf 81' lang='lat' dir='ltr'>potestatem</span> <span class='ocrx_word' id='word_1_301' title='bbox 1170 4706 1307 4784; x_wconf 88' lang='lat' dir='ltr'>habent,</span> <span class='ocrx_word' id='word_1_302' title='bbox 1332 4710 1447 4772; x_wconf 87' lang='lat' dir='ltr'>tumen</span> <span class='ocrx_word' id='word_1_303' title='bbox 1467 4703 1551 4770; x_wconf 86' lang='lat' dir='ltr'>citra</span> 
     </span>
    </p>
   </div>
   <div class='ocr_carea' id='block_1_10' title="bbox 0 0 1768 5574">
    <p class='ocr_par' dir='ltr' id='par_1_13' title="bbox 0 0 1768 5574">
     <span class='ocr_line' id='line_1_40' title="bbox 0 0 1768 5574; baseline 0 0"><span class='ocrx_word' id='word_1_304' title='bbox 0 0 1768 5574; x_wconf 95' lang='lat' dir='ltr'> </span> 
     </span>
    </p>
   </div>
  </div>
 </body>
</html>
