3510 5574
569 573 655 624 usse
677 573 803 626 aranos
824 573 1047 624 camerinos.
1326 550 1396 636 ¹iii

216 689 457 775 habetlegem.
477 720 492 754 »
514 695 640 760 Verum
665 696 768 782 aliqui
792 698 916 763 docent
940 713 1149 762 consensum
1175 693 1400 778 apostolicum

212 818 288 866 ,uon
303 801 394 883 exigi
408 802 452 867 ad
472 802 715 870 alienationem
735 824 811 891 quae
828 806 868 869 lit
885 805 1049 871 suadente
1064 805 1159 886 juste
1177 819 1290 876 causa,
1309 800 1401 864 adhi-

217 907 365 992 bitisque
387 909 660 976 solemnitatibus
674 913 778 994 juris;
803 914 1035 997 requireretur
1055 916 1190 976 tantum
1211 909 1248 974 in
1266 908 1401 973 delectu

218 1014 363 1080 aliarum
377 1016 654 1095 solemnitatum;
672 1019 732 1084 sed
746 1019 927 1085 retinenda
944 1025 998 1084 est
1022 1017 1193 1083 sententia
1218 1015 1399 1090 contraria,

220 1143 295 1206 quse
321 1125 428 1207 exigit
451 1127 652 1209 praediolum
678 1145 888 1192 consensum
909 1127 951 1193 ad
979 1145 1119 1192 omnem
1147 1125 1400 1190 alienationem.

220 1231 345 1303 Verum
358 1241 409 1297 est
423 1239 539 1299 tamen
554 1235 645 1318 quod
659 1233 772 1302 valida
787 1238 831 1300 sit
844 1235 1004 1300 alienatio
1018 1237 1107 1300 lacta
1122 1235 1195 1298 sine
1210 1233 1405 1313 solemnita-

220 1340 311 1404 tibus
325 1340 411 1420 aliis,
426 1343 488 1407 sed
501 1343 752 1409 interveniente
762 1348 857 1428 justa
870 1363 984 1422 causa,
1001 1349 1036 1409 et
1047 1361 1217 1409 consensu
1233 1341 1404 1406 Pontisscis

221 1449 376 1516 absolute
396 1451 524 1536 absque
544 1455 743 1538 obreptione
754 1455 810 1520 vel
823 1457 1043 1540 subreptione
1057 1455 1240 1538 impetrato
1253 1473 1259 1529 ;
1277 1451 1405 1517 etenim

221 1559 253 1622 S.
269 1559 425 1624 Pontifex
437 1561 541 1626 babet
556 1581 753 1647 supremam
775 1569 983 1646 potestatem
1006 1563 1209 1647 disponendi
1236 1561 1278 1626 de
1304 1561 1405 1625 bonis

221 1667 467 1746 ecclesiasticis,
484 1675 649 1754 tanquam
665 1691 846 1756 supremus
867 1691 988 1737 eorum
1012 1671 1277 1753 administrator.
1308 1667 1403 1744 Nam,

222 1777 286 1841 etsi
300 1795 490 1843 consensus
506 1779 602 1846 Sedis
616 1781 819 1864 Apostolicae
839 1782 883 1846 sit
898 1779 1098 1846 solemnitas
1121 1775 1197 1844 aliis
1212 1777 1407 1842 solemnita-

224 1884 313 1950 tibus
329 1887 603 1970 superadjuncto,
632 1895 747 1954 tamma
763 1888 967 1972 plerumque
983 1887 1118 1972 supplet
1130 1887 1233 1953 hodie
1248 1885 1413 1968 antiquas.

223 1993 468 2072 solemnitatem
485 2014 566 2062 uam
576 1997 648 2062 dari
658 1997 746 2062 solet
756 1997 799 2062 ad
810 1997 919 2064 s'olam
932 1997 1182 2063 ordinariorum
1192 1996 1405 2079 petitionem,

223 2103 335 2168 causis
348 2103 510 2188 legitimis
524 2107 689 2171 innixam.

263 2211 332 2276 llas
344 2231 465 2278 omnes
474 2213 709 2282 solemnitates
723 2217 906 2282 observare
922 2221 1084 2281 tenentur
1099 2215 1203 2280 etiam
1217 2211 1403 2295 regulares,

224 2325 263 2385 ut
280 2329 375 2405 patet
388 2342 432 2388 ex
448 2323 551 2389 citata
565 2329 694 2390 extrav.
715 2329 749 2390 et
768 2325 904 2410 speciali
926 2325 957 2389 S.
977 2325 1099 2407 Gougr.
1117 2321 1255 2388 Consilii
1271 2323 1407 2386 decreto

222 2429 324 2511 jussu
337 2431 462 2498 Urbani
476 2433 546 2496 Vlll
562 2433 665 2498 edito.
683 2433 717 2497 Si
730 2452 840 2498 unum
855 2453 898 2499 ex
912 2435 965 2498 his
985 2432 1157 2518 requisitis
1171 2431 1316 2508 deliciet,
1337 2449 1407 2494 non

226 2539 380 2604 subsistit
402 2541 574 2618 alienatio,
596 2541 662 2605 nisi
685 2541 874 2607 intercedat
897 2540 1215 2628 extraordinarias.
1238 2539 1408 2604 Pontissois

225 2653 388 2730 potestas,
402 2669 477 2734 quae
493 2649 667 2733 dispenset
680 2651 722 2715 ab
736 2649 803 2715 illis
816 2649 1100 2716 solemnitatibus.

267 2758 436 2833 Quaen'tur
452 2779 459 2822 :
477 2759 570 2838 Quid
585 2759 789 2824 consuetudo
796 2761 906 2842 possit
924 2759 1012 2823 eirca
1029 2757 1271 2823 alienationem
1293 2775 1408 2820 rei'ttm

227 2864 406 2932 Ecclesia?
420 2865 638 2933 Consuetudo
652 2873 766 2951 potest
779 2869 944 2950 abrogare
961 2865 1197 2932 solemnitates
1210 2865 1299 2948 juris
1319 2881 1410 2927 seor-

230 2977 295 3038 sim
310 2995 316 3038 :
331 2981 445 3058 potest
459 2993 564 3040 unam
578 2981 638 3041 aut
650 2975 804 3053 alteram,
820 2994 900 3040 cum
914 2975 983 3040 sint
995 2975 1083 3058 juris
1101 2974 1260 3050 bumani;
1277 2989 1346 3036 nou
1363 2977 1412 3034 ta-

230 3103 310 3148 men
325 3101 446 3148 omnes
467 3083 580 3160 simul,
598 3084 678 3168 quia
701 3083 777 3149 talis
791 3083 1005 3148 consuetudo
1026 3087 1135 3147 essset
1156 3078 1360 3145 irrationalis
1378 3085 1412 3142 et

230 3211 418 3272 gravamen
432 3193 582 3258 ecclesiis
604 3193 752 3259 afferret.
767 3194 871 3258 Multo
883 3194 1124 3276 minuspotest
1138 3189 1354 3255 introducere
1373 3194 1412 3252 ut

231 3297 390 3365 alienatio
405 3302 464 3365 ssat
478 3302 552 3366 sine
564 3304 659 3384 justa
672 3319 786 3367 causa.
803 3301 897 3384 (Vide
913 3301 963 3365 tit.
980 3301 1019 3376 X,
1036 3299 1075 3376 ii,
1094 3299 1138 3380 l.)

369 3529 385 3601 ᾗ
405 3531 450 3588 iV.
470 3529 512 3588 ile
530 3528 635 3602 effecta
654 3528 848 3589 odenatioois
866 3541 970 3588 reram
989 3525 1273 3586 eccusmaiiccrum.

480 3709 499 3760 1.
518 3707 558 3760 Da
572 3705 745 3760 dianaticus
760 3705 835 3759 iacta
848 3704 910 3758 sina
925 3701 1164 3758 solemnitatibus.
1202 3717 1206 3726 ⁴

274 3843 483 3928 millenatio
497 3845 587 3912 lacta
601 3848 675 3911 sine
686 3846 783 3910 dictis
789 3843 1073 3923 solemnitatibus,
1086 3845 1220 3910 etiamsi
1228 3843 1316 3909 adsit
1323 3847 1416 3926 justa

234 3969 346 4029 causa,
363 3959 417 4018 est
430 3955 579 4022 invalida
593 3957 629 4020 in
645 3957 720 4020 loro
734 3961 886 4020 externo.
905 3955 955 4020 lta
968 3973 1089 4019 omnes
1103 3972 1147 4016 ex
1162 3954 1264 4018 variis
1281 3953 1416 4036 juribus

234 4063 399 4127 hactenus
413 4063 533 4128 allatis.
544 4063 602 4127 llis
613 4063 748 4146 juribus
762 4081 922 4146 expresse
930 4063 1072 4126 irritatio
1083 4061 1228 4126 additur.
1240 4059 1337 4125 Ratio
1352 4065 1414 4136 est,

235 4171 313 4254 quia
330 4171 564 4236 solemnitates
574 4151 651 4253 jure
666 4169 870 4253 praescriptae
884 4167 1057 4252 pertinent
1073 4167 1117 4232 ad
1131 4168 1277 4232 sormam
1292 4165 1417 4231 aliena-

235 4279 336 4342 tionis
356 4297 472 4343 rerum
490 4277 656 4342 Ecclesia.
672 4277 775 4342 Porro
789 4281 885 4342 actus
900 4276 974 4340 sine
989 4277 1101 4340 iorma
1113 4279 1232 4358 gestus
1252 4279 1305 4337 est
1322 4274 1418 4336 inva-

233 4385 333 4463 lidus,
351 4405 412 4450 seu
426 4403 488 4469 pro
502 4386 628 4451 iniecto
642 4385 797 4449 habetur.

275 4495 304 4576 l)
319 4495 375 4559 An
396 4495 440 4559 sit
454 4495 558 4558 eliam
574 4493 728 4558 inualida
752 4494 788 4556 in
810 4495 887 4575 soro
909 4495 1040 4558 interno
1066 4491 1298 4557 conscientia?
1320 4489 1418 4551 arur-

235 4607 332 4666 mant
345 4601 471 4686 plures,
490 4619 636 4686 quorum
651 4600 822 4666 sententia
837 4607 889 4666 est
901 4619 983 4665 vere
997 4598 1192 4683 probabilis.
1209 4597 1303 4673 liinc,
1319 4597 1419 4678 juxta

236 4709 324 4775 hanc
335 4710 552 4786 sententiam,
565 4707 725 4774 manatio
734 4710 901 4775 fantasiae
912 4707 1185 4774 solemnitatibus
1191 4707 1279 4790 juris
1287 4703 1417 4769 nullam
