3510 5574
813 597 865 646 JUS
886 597 1067 646 canoatcmt.

782 977 968 1054 TlTULUS
994 973 1102 1053 XVII.

621 1157 664 1202 na
691 1157 874 1206 euarronu
899 1160 944 1205 ar
968 1158 1187 1206 vnnmrtorur
1208 1141 1261 1222 (l).

393 1473 488 1539 Nom.
514 1473 552 1539 ln
583 1476 689 1542 initus
717 1477 826 1542 titulis
847 1477 1120 1562 praecedentibus
1142 1481 1257 1542 actum
1279 1483 1332 1541 est
1354 1476 1396 1542 de
1422 1477 1530 1540 trihus

352 1583 594 1661 contractibus,
611 1585 668 1668 qui
688 1589 769 1650 aunt
782 1586 1012 1652 unitateralaa.
1030 1585 1149 1650 Caeten'
1166 1591 1226 1650 aut
1243 1585 1458 1660 omittuntur,
1470 1589 1530 1648 aut

351 1689 387 1752 in
408 1688 514 1754 alium
530 1690 645 1756 locum
669 1692 881 1776 rejiciuntur.
904 1693 943 1758 ln
967 1693 1189 1778 sequentihus
1219 1691 1327 1757 titulis
1350 1693 1463 1774 agitur
1487 1691 1529 1756 (ie

352 1799 581 1864 contractibus
593 1800 876 1866 consensualibua
887 1801 923 1865 in
938 1801 1061 1885 specie,
1075 1801 1133 1886 qni
1144 1802 1181 1865 in
1194 1801 1340 1882 gratiam
1352 1801 1529 1883 utriusque

352 1902 582 1983 celebrantur,
604 1923 729 1990 nempe
758 1913 839 1971 aunt
858 1906 1062 1973 hilntcralea.
1089 1908 1173 1973 ilinc
1192 1910 1250 1991 jue
1271 1906 1488 1992 progreditur
1510 1923 1531 1970 a

352 2012 581 2078 contractibus
595 2012 853 2081 unitatemlibua
867 2013 911 2080 ad
926 2013 1233 2098 aynallagmaticus.

773 2235 932 2298 seculo
953 2237 1107 2299 Palati.

490 2380 539 2434 Do
555 2383 679 2435 notura
696 2383 731 2434 ot
745 2381 912 2435 variatae
929 2371 1111 2448 emptioni&
1127 2382 1163 2434 ot
1176 2379 1390 2434 venditionis,

865 2543 886 2594 1.
902 2541 1018 2594 Natura.
1151 2562 1157 2576 ·

392 2671 424 2734 l⁰
434 2669 532 2754 Apud
544 2673 690 2747 veteres,
703 2668 997 2753 emptio-venditio
1010 2673 1205 2751 nuncupata
1217 2667 1283 2732 tuit
1294 2683 1356 2750 pru
1372 2683 1530 2750 quacum·

352 2795 418 2862 que
439 2777 689 2861 permutatione
710 2780 745 2842 et
767 2776 983 2852 alienatione,
1005 2781 1044 2840 ut
1055 2779 1191 2840 constat
1203 2775 1310 2854 ex§2
1326 2773 1434 2838 instit.
1450 2773 1483 2836 h.
1503 2779 1527 2834 t.

352 2885 542 2951 Recenticri
559 2888 653 2969 jure,
672 2887 835 2969 accipitur
851 2903 914 2968 pro
936 2889 1112 2950 contractu
1133 2903 1155 2950 a
1176 2883 1308 2949 ceteris
1335 2881 1495 2946 distincta
1519 2899 1526 2942 :

351 2992 442 3058 unde
455 2992 598 3058 candoe
614 2999 648 3060 et
661 2993 817 3058 venditor
827 2993 949 3058 dicitur
961 2993 1054 3058 solus
1068 2992 1127 3057 ille
1137 2993 1194 3076 qui
1205 3009 1279 3056 rem
1294 2991 1366 3054 aive
1378 3005 1530 3053 mercem

352 3100 454 3165 tradit
461 3118 523 3184 pro
539 3101 698 3184 pecunia;
714 3120 823 3166 emme
837 3105 953 3166 autem
970 3107 1005 3165 et
1019 3101 1193 3184 emptoris
1207 3103 1342 3163 tantum
1359 3095 1417 3180 qui
1430 3113 1530 3182 pecu·

351 3208 455 3285 niam,
472 3213 637 3292 tanquam
648 3209 796 3292 pretium
812 3227 875 3292 pro
890 3227 928 3273 re
942 3227 1002 3274 seu
1018 3225 1144 3286 merce,
1160 3206 1271 3272 tradit.
1290 3205 1339 3268 Ex
1353 3222 1421 3288 quo
1435 3207 1530 3286 patet

352 3315 562 3398 emptionem
572 3315 849 3381 etvenditionem
858 3334 959 3400 poseo
970 3317 1073 3400 accipi
1083 3334 1145 3400 pro
1156 3315 1345 3398 eodemque
1354 3315 1529 3376 contractu

351 3423 419 3506 qui,
430 3423 618 3488 secundum
628 3421 797 3505 duplicem
805 3441 1030 3506 personarum
1038 3428 1243 3507 respectum,
1254 3420 1380 3504 duplex
1388 3419 1529 3484 sortitus

351 3535 405 3594 eet
421 3545 564 3608 nomem
582 3535 696 3596 tamen
717 3535 863 3614 possunt
884 3531 1002 3596 haberi
1021 3535 1060 3595 ut
1081 3530 1208 3614 duplex
1230 3534 1424 3596 contractus
1445 3527 1528 3592 roci·

350 3655 473 3720 procus
487 3643 521 3702 et
533 3639 727 3704 necessario
743 3656 920 3704 connexus
936 3639 978 3704 ad
992 3640 1100 3705 instar
1110 3639 1403 3705 correlativorum.

390 3746 423 3810 ir
436 3745 737 3828 Emptio-venditic
752 3745 885 3812 definiri
899 3751 1033 3830 potest:
1052 3773 1068 3806 α
1080 3747 1280 3812 Contractus
1294 3745 1529 3813 consensuaiie

351 3871 390 3919 ac
405 3854 504 3918 honae
528 3852 619 3931 fldei,
636 3853 726 3919 ultro
746 3854 900 3940 citroque
923 3855 1158 3938 obligatoriua,
1175 3873 1279 3939 snper
1298 3873 1336 3920 re
1354 3873 1417 3939 pro
1435 3859 1528 3920 carto

350 3961 458 4044 pretio
474 3961 647 4026 tradenda.
659 3987 675 4020 »
685 3961 1100 4046 Diciturlmonaenscatte,
1113 3982 1155 4030 eo
1165 3963 1256 4049 quod
1266 3981 1337 4030 non
1347 3963 1530 4048 requiritur

351 4067 491 4133 actualia
514 4067 659 4147 traditio,
679 4075 715 4134 ut
728 4075 922 4136 contractus
941 4070 997 4135 ilie
1016 4072 1211 4156 perficiatur
1231 4077 1267 4136 et
1286 4070 1528 4153 obligationem

351 4174 525 4258 producat.
541 4175 591 4242 lta
603 4177 706 4242 etiam
718 4179 776 4261 jus
797 4177 878 4242 Gall.
895 4177 986 4262 (Coti.
1003 4181 1081 4256 civ„
1096 4186 1159 4245 art.
1177 4179 1263 4262 450);
1279 4180 1312 4242 i·
1327 4179 1421 4243 bonae
1434 4177 1526 4261 fidei,

352 4301 422 4348 uon
436 4284 528 4368 quod
542 4284 599 4349 alii
614 4289 808 4350 contractus
830 4287 899 4351 sint
916 4285 1015 4352 malae
1030 4287 1121 4365 fidei,
1138 4287 1199 4352 aed
1213 4287 1257 4352 ad
1275 4287 1528 4351 distinctionem

350 4397 588 4457 contractuum
602 4393 709 4458 stricti
722 4393 827 4476 juris3
848 4393 881 4456 3ο
895 4393 1147 4480 uincent-oque
1160 4395 1466 4480 colluctationem
1482 4392 1528 4456 hi-

383 4573 517 4638 (llouoad
530 4575 575 4639 jus
588 4574 676 4640 Rom,
688 4573 743 4627 viti.
756 4575 851 4638 instit,
864 4575 910 4628 lib.
922 4577 965 4640 lli,
976 4582 995 4652 t.
1008 4589 1092 4641 xxiv3
1105 4578 1241 4640 Pendeat,
1251 4577 1298 4630 lib.
1309 4577 1395 4640 xviii,
1406 4575 1452 4627 lib.
1463 4575 1527 4637 lilii,

351 4657 369 4703 t.
385 4665 403 4714 1,
417 4653 461 4703 lib.
475 4654 538 4718 xx1;
553 4655 627 4716 Coti,
641 4654 684 4706 iila
698 4655 739 4718 lv,
752 4656 790 4704 tit.
805 4667 1009 4719 auxum-axum
1023 4657 1112 4721 quoad
1122 4657 1167 4723 jue
1181 4657 1257 4718 Gall,
1268 4656 1332 4708 Coti.
1348 4658 1409 4718 cia,
1426 4655 1471 4706 lib.
1485 4653 1526 4718 lii,

351 4739 370 4784 i.
388 4745 426 4785 vi.
