3504 5572
565 615 653 662 ursan
672 614 800 661 rnnrrus
820 613 1045 660 nscmrmrua.
1335 593 1395 658 393

215 733 320 810 tiore,
334 735 411 807 etc,
431 725 600 815 par'ccbus
614 731 741 794 intrare
753 733 889 813 poterat
901 727 1080 794 ecclesiam
1092 727 1301 832 regplarium
1315 745 1394 792 cum

213 858 312 906 cruce
327 845 363 905 et
376 839 472 905 stola.
491 839 558 904 Sed
570 840 643 903 haec
655 837 854 903 constitutio
864 837 929 902 luit
938 835 1312 902 revocataesslemente
1323 835 1392 912 llll,

215 953 250 1012 et
265 951 323 1031 jus
349 948 554 1036 hodiernum
577 947 728 1012 sancitur
751 946 855 1012 variis
880 927 1164 1010 declarationibus
1190 943 1222 1007 S.
1249 943 1395 1026 Congre-

214 1056 362 1138 getionis
377 1055 519 1120 Rituum
540 1056 612 1136 (loc.
630 1055 710 1138 cit).
727 1055 850 1140 Nequit
867 1054 1036 1138 parochus
1050 1059 1130 1120 ente
1144 1053 1263 1118 limina
1276 1071 1394 1136 preces

213 1167 396 1229 consuetas
422 1163 575 1227 recitare.
604 1162 677 1227 lmc
710 1163 831 1246 nequit
855 1162 1016 1227 intonare
1044 1161 1169 1246 Repem
1196 1163 1252 1226 cui
1279 1163 1395 1227 omniu

213 1273 345 1350 vivunt,
362 1275 441 1348 etc,
456 1270 522 1334 nisi
537 1269 626 1334 adsit
643 1270 857 1335 consuetudo
870 1267 1139 1346 immemorielis,
1157 1275 1193 1334 et
1206 1275 1288 1335 tuuc
1306 1271 1396 1336 lacta

213 1378 428 1444 intonatione
443 1377 581 1442 recedit.
598 1377 716 1462 ltaque
739 1377 774 1440 in
797 1377 953 1459 ingressu
977 1379 1093 1460 januae
1115 1377 1170 1442 vel
1191 1377 1268 1442 atrii
1290 1377 1395 1443 eccle-

214 1487 274 1552 siae
289 1487 502 1562 tumulantis,
518 1487 706 1570 parochum
724 1499 826 1550 suunt
840 1503 929 1550 onus
943 1485 1097 1560 dimittit3
1115 1485 1307 1568 sedpotest,
1324 1491 1394 1552 tam

213 1597 249 1660 in
264 1595 369 1661 domo
384 1583 535 1660 defuncti
552 1613 655 1679 quam
668 1595 835 1678 perviam
849 1613 959 1679 usque
978 1594 1020 1660 ed
1036 1593 1225 1670 ecclesiam,
1243 1595 1394 1660 officium

212 1722 386 1788 peragere.
403 1703 529 1768 Verum
548 1705 584 1768 in
606 1703 748 1768 ecclesie
769 1703 953 1768 tumulenti
971 1701 1105 1768 nullum
1127 1703 1228 1787 plane
1243 1703 1394 1768 officium

213 1829 319 1896 super
332 1810 497 1876 cadavere
516 1830 681 1896 peregere
701 1815 825 1894 potest.
844 1811 960 1879 Potest
976 1812 1121 1876 transire
1142 1813 1229 1876 lines
1249 1811 1393 1876 aberrem

212 1919 462 2003 parochiarum,
485 1921 569 2004 quin
583 1919 719 1985 illarum
734 1921 872 2004 parochi
886 1919 1021 2004 possint
1033 1919 1131 1984 illum
1145 1919 1322 2003 impedire,
1338 1919 1394 1982 vel

209 2030 267 2111 jus
280 2029 465 2112 acquirere,
483 2028 538 2094 vel
554 2029 740 2112 quidquam
755 2029 915 2113 stipendii
928 2035 1056 2115 petere.

252 2138 280 2219 e)
299 2135 404 2201 Unica
416 2155 499 2202 nur
506 2137 542 2202 in
553 2137 710 2203 ducendo
720 2137 974 2204 lunereelevari
983 2141 1107 2222 potest.
1115 2136 1210 2202 Unde
1220 2137 1252 2200 t·
1263 2136 1292 2200 si
1305 2137 1394 2219 capi-

211 2244 323 2308 tulum
338 2244 532 2310 cathedrale
543 2245 759 2321 interveniat,
774 2263 845 2310 non
855 2245 921 2310 alia
929 2263 1014 2309 crux
1025 2244 1209 2310 deferende
1223 2247 1276 2307 est
1290 2261 1393 2328 quam

212 2351 349 2436 capituli
364 2351 408 2434 (S.
420 2339 524 2432 Gong'.
537 2351 627 2431 tiit).
638 2351 733 2416 ldem
750 2352 931 2418 dicendum
943 2357 996 2418 est
1009 2349 1223 2433 deeollegiali
1232 2350 1391 2436 capitulo,

213 2465 248 2524 et
270 2457 457 2544 capitulum
471 2458 672 2540 ingreditur,
693 2479 792 2526 cruce
808 2465 931 2537 erecta,
953 2459 1131 2525 ecclesiam
1151 2458 1389 2523 tumulantem.

212 2568 244 2632 i·
268 2567 369 2632 Extra
388 2567 480 2656 hunc
493 2585 622 2644 casum,
641 2567 767 2632 elevari
789 2567 892 2634 debet
912 2587 996 2633 cmx
1013 2567 1164 2633 ecclesiae
1179 2565 1390 2643 temulentis,
1430 2637 1432 2640 ,

213 2693 283 2740 non
311 2680 428 2739 autem
453 2675 604 2740 ecclesiae
628 2675 671 2740 ad
704 2694 808 2760 quam
839 2676 1019 2742 defunctus
1054 2675 1255 2759 pertineret,
1288 2675 1392 2739 etiam

214 2785 349 2869 quando
365 2786 507 2851 ecclesia
521 2786 696 2852 tumulans
710 2791 763 2851 est
777 2786 919 2852 ecclesia
933 2779 1153 2868 regularium.
1170 2787 1202 2850 3⁰
1221 2784 1391 2850 parochus

212 2893 446 2958 interveniens
460 2895 638 2958 funeribus
650 2895 777 2960 incedit
787 2915 896 2980 usque
907 2895 949 2962 sd
960 2898 1104 2979 januam
1118 2894 1269 2960 ecclesiae
1281 2897 1392 2957 tumu-

211 2999 323 3077 lantis,
342 3002 405 3066 sub
416 3021 515 3069 cruce
530 3003 674 3086 hujusce
687 3003 849 3069 ecclesiae.

295 3231 312 3302 ξ
332 3233 377 3288 lll.
399 3232 441 3290 lle
460 3185 510 3291 trie
524 3232 632 3307 quitto
652 3233 797 3308 humeri
815 3235 899 3294 debet
918 3235 1076 3307 sepultura
1094 3233 1306 3293 ecclesiastica.

421 3411 441 3460 1.
458 3407 566 3472 Quibus
582 3409 751 3476 deneganda
764 3410 802 3464 sit
815 3411 963 3476 sepulture
976 3408 1184 3464 ecclesiastica?

253 3547 284 3610 l⁰
294 3545 607 3612 Privanturomnes
619 3567 690 3615 nou
704 3550 873 3634 baptizati,
885 3570 918 3614 v.
935 3569 969 3632 g.
983 3549 1099 3634 judaei,
1115 3549 1251 3632 pagani,
1268 3547 1392 3632 aliique

212 3653 378 3730 infideles,
392 3657 494 3739 atque
504 3657 653 3722 infantes
662 3658 817 3723 fidelium
827 3659 885 3743 qui
896 3658 1117 3724 decesserunt
1131 3657 1205 3722 sine
1223 3655 1393 3740 baptismo

213 3762 298 3842 (can.
316 3761 356 3825 28
369 3763 411 3826 de
437 3762 549 3838 Cone,
565 3763 597 3826 d.
615 3764 645 3840 l,
659 3769 694 3830 et
707 3766 771 3829 Rit.
789 3765 900 3842 Rom„
923 3766 965 3830 de
981 3765 1177 3849 erseqm'is);
1193 3764 1263 3830 imo
1276 3769 1311 3829 et
1329 3764 1393 3846 ipsi

212 3869 468 3948 catechumeni;
493 3872 574 3937 licet
589 3873 738 3941 Ecclesia
765 3893 827 3959 pro
852 3873 1107 3940 catechumenis
1128 3877 1214 3952 oret,
1239 3872 1393 3938 nondum

213 3979 329 4040 tamen
340 3977 484 4058 ingressi
497 3984 578 4046 suut
589 3981 772 4046 Ecclesiam
784 4003 846 4072 per
857 3983 1076 4067 baptismum.
1093 3981 1191 4047 Ratio
1203 3981 1394 4046 desumitur

214 4102 256 4146 ex
276 4083 523 4165 significatione
546 4094 579 4154 et
599 4091 855 4156 consecratione
878 4091 1089 4156 caemeterii:
1112 4090 1281 4173 significat
1301 4089 1394 4153 enim

213 4193 493 4259 communionem
508 4195 674 4277 fidelium,
687 4203 721 4262 et
734 4199 991 4264 consecratione
1003 4183 1186 4282 deputatur
1197 4203 1235 4262 ut
1246 4195 1394 4262 sitlocus

213 4299 404 4381 religiosus.
422 4302 460 4366 ln
473 4303 576 4369 dubio
591 4305 633 4369 de
648 4306 808 4390 baptismi
823 4307 1007 4385 validitate,
1025 4308 1145 4392 nequit
1159 4306 1322 4388 denegari
1342 4323 1394 4369 se-

213 4405 351 4490 pultura
366 4404 603 4478 ecclesiastice.

251 4514 285 4578 9·
297 4515 462 4595 llaeretici,
476 4521 681 4587 schismatici
691 4528 726 4587 et
739 4527 914 4607 apostatae,
924 4541 1113 4607 eorumque
1121 4523 1157 4587 in
1167 4522 1308 4587 crimine
1320 4521 1394 4586 fau-

213 4625 317 4698 tores,
332 4625 532 4693 deienscree
545 4633 605 4694 aut
614 4637 819 4715 receptores,
833 4630 1020 4697 dummodo
1030 4630 1158 4696 fuerint
1166 4628 1395 4696 communiter

215 4735 252 4794 ut
267 4731 350 4796 tales
365 4734 469 4800 habiti
489 4738 575 4820 (can.
593 4741 611 4802 7
633 4743 668 4804 et
689 4759 793 4806 causa
809 4741 861 4818 al,
884 4761 915 4824 q.
938 4741 968 4816 i,
987 4744 1022 4804 et
1036 4759 1065 4804 c.
1081 4740 1118 4803 li
1135 4739 1176 4804 de
1189 4738 1340 4820 Horret).
1359 4735 1394 4800 ld
