3504 5572
327 549 387 612 390
787 569 839 615 rus
860 569 1043 615 carcarem.

332 684 411 748 alibi
426 681 566 761 habitet,
584 685 651 750 nisi
665 684 756 750 aliud
769 685 893 750 habeat
907 685 1130 752 consuetudo.
1149 685 1183 750 Si
1199 685 1343 751 clericus
1365 704 1434 751 non
1458 691 1511 751 est

331 793 553 858 beneficiatus
575 797 610 857 et
623 811 693 857 non
713 793 757 857 sit
778 793 952 878 sepultura
973 794 1110 877 propria
1131 797 1165 858 et
1183 793 1341 860 distincta
1360 812 1422 878 pro
1443 793 1509 858 ele-

329 901 407 965 ricis
424 901 461 966 in
480 901 622 966 ecclesia
642 902 826 967 cathedrali
848 903 904 968 vel
925 902 1014 978 alibi,
1032 903 1134 968 debet
1156 903 1292 986 sepeliri
1313 903 1349 967 iu
1372 902 1509 986 propria

329 1009 499 1094 parochia,
512 1013 550 1072 ut
563 1010 619 1074 alii
634 1009 763 1076 fideles,

370 1117 423 1182 111.
440 1119 508 1199 Qui
519 1118 729 1202 sepulturam
743 1139 812 1184 non
826 1120 925 1204 clepit
947 1139 1006 1184 nee
1028 1120 1182 1204 sepulcra
1204 1119 1376 1202 majorum
1394 1119 1505 1198 habet,

333 1227 366 1309 α)
391 1226 606 1310 sepeliendus
626 1233 679 1292 est
696 1229 731 1292 in
749 1229 909 1312 parochia
923 1229 1060 1314 propria
1083 1229 1141 1294 ubi
1164 1228 1373 1294 domicilium
1392 1228 1506 1306 habet,
1551 1216 1554 1225 ’

328 1335 462 1398 etiamsi
473 1335 599 1399 ibidem
614 1354 683 1400 non
698 1336 820 1401 luisset
835 1341 1004 1402 mortuus.
1018 1337 1116 1402 Ratio
1133 1341 1196 1412 est,
1216 1337 1295 1422 quia
1310 1355 1380 1402 uon
1395 1336 1509 1400 amisit

325 1443 420 1527 prius
435 1443 643 1510 domicilium
656 1464 719 1528 per
731 1445 979 1512 habitationem
995 1451 1092 1511 extra
1107 1445 1280 1530 propriam
1299 1446 1505 1529 parochiam,

327 1553 473 1637 ideoque
494 1573 564 1620 non
579 1556 687 1620 factus
706 1560 761 1619 est
774 1556 1002 1640 parochianus
1018 1555 1084 1620 loci
1103 1555 1266 1637 adquam
1285 1553 1456 1635 migravit.
1474 1553 1506 1616 Si

331 1665 445 1726 tamar
461 1665 534 1728 haec
553 1665 716 1730 habitatio
737 1664 859 1729 luisset
882 1666 1055 1729 sufssciens
1070 1664 1113 1729 ad
1129 1662 1375 1748 acquirendum
1396 1662 1507 1746 quasi-

328 1769 548 1848 domicilium,
566 1772 602 1836 iu
615 1771 689 1838 loco
705 1773 818 1838 obitus
834 1773 969 1856 sepeliri
984 1775 1111 1856 posset.
1214 1751 1217 1758 ¹

369 1882 402 1943 1⁰
420 1879 569 1945 Infantes
585 1883 642 1966 qui
661 1883 849 1946 nutricibus
865 1882 978 1946 alendi
1000 1887 1097 1947 extra
1119 1881 1291 1965 propriam
1312 1880 1507 1962 parochiam

329 1989 463 2066 dantur,
480 1991 629 2057 retinent
644 1991 852 2057 domicilium
866 1993 902 2056 in
915 1993 1076 2076 parochia
1091 1996 1284 2075 parentum,
1299 1991 1379 2054 licet
1392 1989 1427 2052 in
1442 1989 1509 2052 alia

330 2097 506 2164 decedant.
964 2181 966 2186 Δ

368 2208 400 2270 2⁰
416 2207 540 2272 Puellae
563 2209 747 2274 educandae
769 2189 973 2275 decedentes
994 2210 1029 2273 in
1049 2207 1267 2272 monasteriis
1291 2199 1504 2278 monialium,
1540 2219 1547 2240 ¹

329 2334 398 2381 non
412 2315 519 2380 electa
538 2316 724 2399 sepultura,
745 2337 807 2384 nec
821 2319 987 2383 habentes
1003 2319 1176 2400 majorum
1191 2315 1397 2397 sepulerum,
1415 2327 1527 2396 sepe*

326 2423 450 2489 liendae
474 2429 555 2488 sunt
574 2425 610 2488 in
633 2426 792 2508 parochia
814 2427 903 2490 intra
926 2443 1029 2510 quam
1054 2423 1301 2496 monasterium
1323 2422 1427 2485 situm
1443 2425 1506 2497 est,

327 2553 397 2598 non
420 2553 502 2598 vero
519 2534 554 2598 in
568 2533 710 2600 ccclesia
733 2535 944 2600 monialium.
962 2535 1109 2600 Possunt
1131 2537 1248 2598 tamen
1271 2530 1399 2613 eligere
1421 2530 1508 2594 hanc

329 2641 518 2707 ecclesiam.

367 2753 399 2814 3⁰
415 2749 565 2834 idipsum
588 2755 640 2814 est
662 2751 844 2816 dicendum
870 2752 911 2816 de
933 2751 1152 2815 sacularibus
1175 2747 1376 2813 mulieribus
1394 2749 1430 2812 in
1451 2748 1508 2811 iis-

330 2859 409 2924 dem
438 2859 745 2937 monasteriis,ch
771 2860 972 2936 famulatus,
989 2859 1045 2924 vel
1069 2859 1135 2924 alia
1162 2876 1377 2942 quacumque
1405 2875 1507 2921 causa

326 2967 480 3049 legitima
500 2968 792 3033 commorantibus
812 2987 851 3034 ac
869 2969 952 3032 inibi
973 2966 1227 3032 decedentibus.
1249 2964 1299 3030 lta
1324 2965 1356 3028 S.
1382 2964 1503 3047 Congr.

328 3075 426 3140 Gonu.
447 3094 535 3159 serpe
552 3075 744 3140 declaravit.

364 3185 397 3248 4ο
410 3185 475 3248 Sed
485 3186 675 3266 generatim
689 3187 873 3269 peregrini,
889 3187 1031 3251 advenae
1045 3190 1080 3251 et
1094 3187 1151 3252 alii
1166 3186 1357 3260 seaculares,
1371 3182 1506 3268 quando

326 3293 416 3357 intra
429 3293 637 3357 monasteria
659 3293 889 3370 decesserunt,
907 3293 1001 3358 nulla
1022 3293 1084 3357 sibi
1106 3294 1213 3359 electa
1234 3293 1420 3376 sepultura,
1436 3311 1506 3356 nou

325 3404 407 3463 sunt
431 3400 616 3483 sepeliendi
637 3403 672 3468 iu
697 3402 838 3467 ecelesia
863 3403 1072 3478 monasterii,
1092 3403 1200 3467 sedin
1216 3400 1399 3485 parochiali
1418 3400 1508 3464 intra

326 3512 426 3591 cujus
449 3510 655 3573 territorium
674 3517 727 3574 est
746 3513 1005 3586 monasterium,
1024 3511 1145 3574 saltem
1165 3510 1193 3572 sl
1216 3509 1387 3594 propriam
1410 3525 1507 3591 paro-

325 3617 437 3681 chiam
451 3635 520 3682 non
536 3618 694 3692 habeant,
705 3617 760 3682 vel
773 3619 952 3682 commode
968 3617 1096 3682 adeam
1108 3617 1231 3682 deferri
1247 3619 1423 3700 nequeant
1439 3615 1506 3678 :sic

326 3725 480 3808 inspecto
491 3729 570 3808 jure
591 3725 767 3798 statuitur;
783 3725 845 3788 sed
860 3725 1042 3808 aliquando
1059 3725 1197 3790 ordines
1213 3724 1363 3806 religiosi
1380 3726 1415 3788 et
1434 3739 1506 3786 mo-

328 3835 477 3899 nasteria
490 3836 617 3900 habent
632 3834 789 3918 specialia
801 3833 989 3917 privilegia.

369 3944 397 4025 d)
414 3943 482 4023 Qui
495 3945 530 4006 in
544 3945 675 4008 deradere
689 3945 904 4029 vclpluridtts
913 3943 1085 4028 parochiis
1100 3943 1309 4007 domicilium
1324 3941 1459 4019 hadent,
1471 3941 1506 4003 in

326 4052 384 4116 illa
404 4053 589 4136 sepeliendi
605 4057 685 4117 sunt
701 4054 737 4116 in
751 4072 818 4136 qua
833 4053 989 4117 viventes
1007 4056 1220 4116 sacramenta
1234 4053 1459 4134 perceperunt
1474 4052 1508 4111 et

327 4161 446 4225 olllciis
462 4161 585 4226 divinis
601 4163 839 4226 interluerunt.
856 4161 1107 4228 stupefactum
1123 4160 1213 4224 sitin
1229 4165 1384 4242 utraque,
1400 4157 1436 4220 iu
1450 4155 1508 4220 illa

329 4269 463 4351 sepeliri
479 4269 604 4334 debent
619 4289 694 4352 quar
709 4270 929 4352 praevenerim
945 4270 971 4334 si
989 4275 1105 4334 eutem
1121 4271 1244 4333 neutra
1258 4265 1436 4350 pravenit
1452 4262 1508 4328 val

326 4383 469 4461 uterque
486 4379 652 4463 parochus
667 4377 756 4441 inter
772 4396 808 4441 se
821 4377 942 4460 litiget,
962 4377 1056 4442 litem
1070 4379 1134 4442 hac
1145 4377 1179 4440 in
1190 4394 1226 4439 re
1241 4377 1425 4458 componet
1439 4371 1508 4455 epi-

326 4505 460 4568 scopus.
