3510 5574
372 591 433 656 118
834 612 887 658 sos
907 611 1087 660 canonicus.

372 731 537 806 hostibus,
552 747 661 814 psuco
674 727 801 814 populo
819 735 992 806 constans,
1009 732 1081 796 sive
1105 732 1209 796 etiarn
1228 749 1364 813 megum
1385 730 1550 808 utilitatis,

373 843 411 902 ut
431 841 460 903 si
482 839 595 904 desint
616 838 728 904 clerici
749 838 864 904 idonei
883 839 943 922 qui
961 837 1111 904 ecclesia
1130 839 1342 914 deserviant;
1357 854 1457 904 secus
1470 842 1553 906 unio

373 947 446 1012 sinc
457 949 552 1029 justa
565 965 669 1012 causa
681 947 770 1012 lacte
782 947 857 1029 ipso
868 949 946 1028 jure
967 946 1061 1012 nulla
1075 951 1139 1022 est,
1154 947 1234 1030 quia
1255 950 1308 1010 est
1326 945 1457 1032 species
1475 947 1554 1012 alie-

372 1057 531 1123 nationis.
548 1055 652 1121 Porro
666 1055 890 1122 alienationes
908 1075 1025 1122 rerum
1047 1057 1091 1122 ad
1108 1055 1293 1122 Ecclesiam
1307 1056 1554 1138 pertinentium

371 1167 446 1232 lleri
460 1172 638 1252 nequeunt
649 1167 723 1234 siue
736 1170 831 1250 justa
843 1185 948 1266 causa
966 1165 1002 1230 in
1017 1186 1056 1231 re
1077 1166 1258 1232 existente.
1275 1165 1349 1232 lmo
1373 1167 1455 1232 unio
1479 1167 1554 1231 sine

368 1279 464 1359 Justa
475 1296 578 1342 causa
590 1296 660 1342 non
673 1276 775 1354 valet,
788 1278 853 1342 etsi
864 1277 1006 1343 lactasit
1018 1295 1040 1342 a
1053 1277 1196 1342 Summo
1208 1275 1318 1350 Pont,
1331 1293 1402 1340 non
1414 1275 1555 1360 quidem

372 1388 416 1450 ob
439 1386 611 1452 delectum
630 1403 761 1462 causae,
787 1387 848 1450 sed
871 1388 915 1452 ob
937 1387 1058 1452 vitium
1082 1385 1327 1469 subreptionis;
1348 1383 1429 1468 quia
1447 1385 1483 1449 in
1502 1404 1556 1449 re-

372 1495 505 1579 scriptis
519 1495 687 1560 unionum
702 1513 723 1559 a
737 1493 827 1578 Papa
840 1495 1007 1560 enmnatis
1021 1511 1159 1578 semper
1180 1491 1446 1574 subintelligitur
1465 1493 1558 1560 clau-

373 1603 470 1670 sula:
487 1603 530 1671 Si
541 1624 651 1674 causac
665 1624 753 1672 veras
767 1605 845 1670 sint.
1276 1605 1281 1616 “

410 1714 443 1777 2⁰
457 1713 653 1797 Requiritur
663 1715 838 1796 sufficiens
850 1713 996 1798 adpetitio
1010 1716 1046 1776 et
1060 1711 1228 1776 discussio
1241 1729 1364 1788 causas,
1378 1710 1462 1776 alias
1475 1712 1555 1776 sub-

372 1821 508 1905 reptitia
536 1825 628 1886 esset
656 1821 737 1886 unio
762 1825 796 1885 et
820 1821 895 1906 ipso
919 1824 997 1904 jure
1024 1818 1134 1894 nulla3
1160 1837 1242 1884 nam
1266 1819 1414 1902 exigitur
1436 1839 1457 1885 a
1477 1822 1556 1902 iure

373 1931 559 1996 necessitas
573 1929 629 1995 vel
641 1929 769 1995 utilitas
785 1930 927 1995 evidens
942 1934 978 1994 et
990 1929 1142 2012 precisa,
1160 1947 1229 2013 qua
1247 1928 1449 1994 excludatur
1464 1948 1557 2012 quae-

373 2057 520 2124 cumque
534 2039 700 2104 dubietas.
710 2039 907 2104 Necessaria
917 2043 970 2103 est
978 2037 1121 2122 proinde
1135 2036 1238 2121 plena
1250 2037 1404 2121 probatio
1414 2036 1559 2120 justitiae

373 2167 496 2214 causae.

412 2259 445 2321 3ο
462 2257 657 2342 Requiritur
670 2259 922 2348 citatioecrum
938 2275 1086 2343 quorum
1098 2257 1253 2331 interest,
1271 2255 1344 2320 sive
1358 2255 1394 2318 in
1409 2271 1560 2338 quorum
1632 2240 1636 2248 ’
1730 2271 1731 2286 ’

371 2367 606 2450 prejudicium
628 2367 710 2432 unio
731 2367 854 2432 cedere
877 2370 1002 2450 potest,
1022 2369 1123 2450 J'uxta
1145 2364 1302 2447 regulam
1317 2363 1406 2447 juris
1428 2383 1436 2426 :
1459 2361 1563 2444 Quod

372 2494 485 2540 omnes
500 2477 624 2560 tangit,
637 2477 680 2540 ab
691 2477 846 2542 omnibus
856 2475 1041 2562 approbari
1048 2475 1154 2540 debet.
1167 2473 1329 2558 Sequitur
1337 2472 1431 2556 quod
1442 2471 1559 2538 vocari

372 2584 499 2652 dehent
520 2585 666 2667 patroni,
683 2585 814 2669 praelati
836 2590 871 2650 et
891 2584 939 2648 illi
961 2601 1082 2649 omnes
1104 2584 1163 2668 qui
1183 2582 1221 2646 in
1244 2581 1387 2646 ecclesie
1406 2579 1562 2646 unienda

373 2694 684 2775 praesentationem,
701 2693 1046 2770 administrationem,
1062 2691 1119 2756 vel
1132 2691 1225 2756 aliud
1240 2693 1299 2773 jus
1316 2689 1446 2754 habent
1460 2708 1468 2750 ε
1483 2687 1560 2750 herc

373 2801 466 2866 enim
477 2804 557 2886 jura
568 2819 630 2886 per
641 2803 807 2868 unionem
822 2803 1034 2869 auferuntur.
1052 2801 1180 2868 Tamen
1201 2815 1391 2864 consensus
1415 2797 1561 2860 rectoris

373 2911 529 2976 beneficii
552 2929 622 2976 ncn
643 2913 839 2996 requiritur,
856 2912 937 2996 quie
960 2911 1043 2976 unio
1065 2915 1145 2976 ants
1167 2909 1383 2974 vacationem
1407 2903 1561 2970 ccclesiae

373 3037 444 3084 non
459 3021 599 3084 sortitur
613 3021 786 3098 ellectum,
803 3023 839 3084 et
852 3021 930 3086 ideo
942 3023 1001 3103 jus
1023 3019 1166 3085 rectoris
1180 3016 1275 3084 nullo
1293 3015 1396 3080 modo
1410 3013 1559 3078 laeditur.

372 3127 552 3212 Excipitur,
571 3131 599 3192 si
614 3129 695 3194 uuio
710 3132 770 3194 liat
783 3149 804 3194 s
815 3129 909 3194 Sum.
926 3129 1022 3194 Pont.
1039 3130 1075 3194 in
1089 3131 1201 3194 forms
1213 3125 1376 3208 gratiosa,
1393 3123 1562 3206 quianon

373 3238 557 3321 requiritur
570 3239 605 3302 in
620 3239 791 3321 ejusmodi
805 3239 978 3323 rescriptis
997 3237 1150 3304 clausula
1163 3237 1291 3300 vocetis
1304 3231 1475 3298 vocandis.
1569 3232 1573 3238 ’

412 3347 446 3412 1·
461 3349 516 3414 An
537 3351 733 3433 requiratur
745 3367 923 3416 consensus
941 3349 1109 3434 capituli?
1121 3345 1292 3430 Respond.
1309 3343 1347 3406 ln
1370 3340 1561 3406 unionibus

375 3475 450 3540 quae
471 3459 513 3522 ab
537 3459 697 3542 episcopo
718 3460 817 3536 ssunt,
833 3459 1037 3544 requiritur3
1052 3475 1151 3522 secus
1173 3455 1320 3520 uniones
1342 3453 1459 3514 essent
1482 3449 1562 3531 ipso

371 3569 448 3646 jnre
464 3566 577 3644 nullae,
595 3567 675 3650 quis
688 3569 770 3632 unio
788 3574 841 3633 est
860 3569 991 3652 species
1014 3565 1171 3650 quadam
1191 3559 1418 3628 alienationis.
1434 3556 1560 3631 Perre,

375 3678 410 3737 et
439 3674 474 3736 id
502 3693 624 3738 verum
647 3681 701 3739 est
724 3676 787 3740 etsi
814 3677 995 3760 episcopus
1015 3673 1178 3758 procedat
1202 3675 1240 3734 ut
1263 3667 1441 3748 delegatus
1462 3663 1563 3728 Sedis

374 3781 587 3864 apostolice,
604 3803 647 3848 ex
669 3784 829 3850 facultate
844 3803 1042 3852 concessae
1062 3800 1156 3848 conc.
1173 3779 1261 3846 Trid.
1277 3775 1361 3840 Nam
1381 3771 1562 3850 concessio

376 3889 454 3956 data
471 3892 671 3975 intelligitur
697 3913 776 3958 curn
801 3894 955 3960 clausula
974 3899 1111 3958 seruata
1128 3891 1244 3972 forma
1261 3887 1353 3968 juris
1372 3884 1416 3967 (S.
1435 3879 1561 3960 Gongr.

375 3997 474 4064 Gouc.
492 4001 512 4064 8
535 4021 613 4083 aug.
631 4003 722 4079 16111,
741 4003 781 4068 11
800 4005 865 4068 oct.
884 4001 985 4081 11191).
1000 4001 1245 4065 Vemmtamen
1274 3992 1442 4076 excipitur
1465 3987 1496 4051 si
1525 3987 1564 4050 in

374 4107 582 4172 contrarium
603 4113 671 4174 stet
690 4109 904 4176 consuetudo
929 4105 1200 4181 immemorialis‚
1218 4101 1275 4168 vel
1288 4094 1566 4185 quadragenaria

375 4231 453 4277 cum
470 4213 582 4292 titulc;
597 4217 678 4294 imo,
692 4221 792 4301 juxta
805 4218 932 4302 plures,
952 4213 1226 4301 quadragenaria
1238 4212 1312 4275 sine
1327 4205 1437 4272 titulo.
1451 4239 1490 4250 -
1502 4201 1565 4280 llic

374 4340 564 4388 consensus
574 4327 776 4394 acanonicis
787 4327 942 4412 praestari
955 4327 1067 4402 debet,
1083 4343 1155 4389 non
1165 4318 1364 4403 singillatim
1374 4333 1435 4380 scu
1446 4313 1565 4391 singu-

374 4429 499 4508 lariter,
518 4435 578 4498 sed
593 4436 635 4500 ab
650 4435 691 4502 iis
705 4435 807 4502 simul
821 4437 856 4502 in
872 4455 979 4502 unum
995 4432 1224 4516 congregatis,
1240 4447 1302 4494 seu
1315 4419 1563 4508 capitulariter,

375 4541 503 4620 praevio
528 4547 672 4610 tractatu
696 4549 731 4610 et
750 4545 962 4612 discussione
987 4561 1099 4609 causae
1121 4543 1383 4626 propterquam
1406 4529 1488 4596 unic
1509 4527 1562 4590 fit.

376 4645 508 4714 Deinde
524 4651 626 4716 debet
640 4673 716 4720 esse
732 4675 928 4740 expressus,
945 4673 1009 4720 nec
1024 4651 1150 4718 sultlcit
1163 4649 1297 4714 tacitus.

418 4754 571 4824 Diximus
588 4785 603 4818 «
620 4763 647 4826 si
663 4765 722 4827 ssat
736 4765 778 4828 ab
794 4763 954 4848 episcopo
971 4789 998 4838 »,
1015 4779 1095 4826 nam
1108 4759 1244 4840 legatus
1256 4773 1277 4820 a
1290 4753 1408 4826 latere,
1424 4741 1566 4831 quando
