3504 5568
585 551 672 598 crena
692 549 815 598 raarrus
836 549 1053 597 sacraremus.
1347 533 1406 596 503

276 667 306 749 d)
319 666 436 732 iterari
451 667 553 732 debet
565 669 601 732 in
619 685 700 734 casu
719 670 965 734 exsecrationis.
990 670 1022 732 i⁰
1036 667 1182 736 Ecclesia
1198 671 1404 746 exsecratur,
1465 711 1467 726 .

236 775 372 858 quaudo
388 779 515 841 exicio
530 775 586 840 vel
598 775 787 840 secundum
800 779 969 859 majorem
982 781 1113 859 partem
1124 778 1225 842 simul
1235 778 1407 842 destructa

234 883 308 960 iuit,
329 881 408 949 licet
432 901 476 947 ex
497 884 618 948 eadem
634 884 778 952 materia
798 883 1046 948 reaediiicetur:
1068 883 1237 965 colligitur
1252 903 1294 949 ex
1308 901 1337 950 c.
1353 885 1405 960 al,

235 992 311 1055 dist.
330 993 358 1067 i,
371 991 412 1056 dc
423 991 591 1071 consocer
604 1009 686 1056 nam
697 992 733 1056 in
750 991 807 1056 tali
821 1010 914 1070 casu,
926 1011 990 1057 nec
1005 992 1180 1058 moraliter
1191 1011 1254 1058 nec
1267 991 1404 1076 physice

233 1103 393 1164 censetur
406 1117 481 1164 esse
492 1099 613 1165 eadem
622 1099 773 1164 ecclesia.
786 1100 1024 1165 Exsecrarctur
1036 1101 1138 1164 etiam
1149 1102 1177 1164 si
1191 1105 1305 1165 crusta
1318 1101 1404 1164 inie-

235 1207 304 1271 rior
316 1207 439 1290 majori
454 1225 497 1272 ex
510 1211 606 1291 parte
619 1206 757 1272 tollatur
771 1212 806 1272 et
821 1207 1013 1282 abradatur,
1039 1213 1079 1272 ul
1099 1208 1326 1273 communiter
1346 1207 1406 1272 do·

234 1317 313 1378 cent
326 1313 383 1378 CC.
398 1334 405 1376 :
422 1314 510 1380 ratio
522 1318 585 1390 est,
602 1314 682 1398 quia
695 1315 904 1380 consecratio
917 1313 1072 1379 consistit
1085 1315 1120 1379 in
1137 1315 1295 1380 exteriori
1309 1319 1405 1397 parte

235 1437 296 1486 seu
313 1422 490 1505 superlicio
509 1422 689 1506 parietum,
707 1421 764 1508 qui
786 1421 966 1487 chrismate
984 1420 1150 1488 liniuntur
1168 1427 1202 1486 et
1223 1422 1260 1486 in
1283 1422 1405 1507 quibus
1460 1452 1462 1458 .

234 1530 342 1594 crucis
358 1531 495 1612 signum
510 1531 700 1614 apponitur.

273 1639 305 1702 Ψ
321 1638 355 1702 Si
369 1641 517 1723 parietes
532 1640 681 1705 ecclesiae
702 1643 892 1706 successive
916 1645 1164 1725 repararentur,
1190 1641 1237 1706 ite
1259 1645 1299 1704 ul
1319 1657 1406 1704 nun-

234 1763 336 1829 quam
356 1749 468 1830 major
489 1765 567 1830 pars
592 1747 795 1825 destruatur,
818 1748 1024 1832 probabilius
1044 1766 1115 1813 non
1138 1753 1230 1812 esset
1250 1747 1292 1812 de
1314 1763 1405 1811 novo

232 1854 481 1920 consecranda:
500 1856 748 1920 itacommuuis
765 1857 934 1921 sententia
947 1861 1066 1922 contra
1086 1854 1211 1939 plures.
1235 1854 1332 1918 Ratio
1354 1857 1406 1918 est

234 1961 322 2043 quia,
341 1963 498 2044 quamvis
514 1978 556 2028 cx
570 1981 661 2028 nova
675 1963 818 2028 materia
831 1963 995 2047 palliatim
1008 1981 1028 2027 a
1041 1962 1159 2047 primis
1173 1961 1405 2026 fundamentis

232 2067 412 2146 reficietur,
429 2087 499 2134 non
510 2069 589 2135 ideo
601 2070 725 2134 desinit
740 2087 816 2135 esec
830 2071 949 2136 eadem
964 2069 1126 2147 ecciesia;
1145 2070 1232 2142 sicut
1250 2073 1344 2152 patet
1363 2068 1404 2132 dc

230 2174 366 2256 legione
387 2175 544 2254 miiitum,
567 2195 641 2262 quae
663 2176 783 2242 eadem
809 2178 899 2260 legio
921 2178 1052 2254 dicitur,
1065 2177 1220 2261 quamne
1240 2175 1404 2240 militibus

232 2283 467 2348 deficientibus
490 2286 571 2350 novi
595 2285 854 2352 substituantur.
876 2285 1016 2362 Deinde,
1032 2286 1117 2349 dum
1133 2283 1275 2350 ecclesia
1288 2283 1404 2367 paula-

231 2391 293 2456 tim
307 2397 342 2458 ct
355 2393 545 2458 successive
558 2393 718 2470 relicitur,
736 2394 846 2475 magis
862 2394 1005 2475 dignum
1017 2393 1155 2460 attrabit
1168 2393 1212 2458 ad
1232 2411 1269 2456 se
1288 2393 1403 2456 minus

231 2497 437 2578 dignumst
457 2503 568 2582 major
593 2517 672 2582 pars
686 2501 865 2578 minorem,
890 2502 991 2583 juxta
1017 2517 1089 2580 reg.
1105 2519 1168 2563 xla
1188 2501 1276 2582 juris
1295 2500 1332 2562 in
1348 2500 1401 2562 6⁰:

231 2607 458 2671 accessorium
485 2610 642 2672 naturam
670 2609 765 2692 sequi
793 2607 951 2689 congruit
976 2605 1180 2690 principalis.
1209 2607 1402 2672 benedictio

122 2732 133 2744 ·
231 2729 301 2776 non
316 2719 368 2778 est
382 2719 544 2798 tanquam
559 2714 640 2798 quid
651 2715 825 2780 materiale
836 2715 1013 2780 adhaerens
1019 2713 1158 2798 physice
1169 2714 1292 2780 talibus
1301 2714 1404 2797 parli-

230 2821 295 2882 bus
308 2820 487 2902 parietum,
505 2821 566 2885 sed
581 2821 662 2905 quid
676 2821 805 2887 morale
817 2822 969 2887 afficiens
990 2826 1098 2888 totam
1121 2821 1308 2886 ecclesiam.
1330 2821 1403 2897 Qua

232 2925 272 2989 de
293 2943 396 2992 causa
416 2928 571 3004 sufficiet,
589 2929 625 2992 in
643 2929 709 2993 hoc
730 2947 822 3005 casu,
847 2929 875 2992 si
894 2946 984 2993 nova
1003 2945 1081 3011 pars
1099 2947 1195 3012 aquae
1215 2927 1401 2992 benedictae

231 3036 429 3118 aspersione
440 3039 659 3114 exorcizetur,
677 3043 716 3103 ut
730 3039 853 3104 docent
865 3039 1095 3104 communiter
1107 3037 1172 3102 llll.

268 3144 302 3208 3ο
317 3143 350 3206 Si
364 3145 477 3212 minor
494 3165 573 3230 pars
592 3145 753 3226 ecclesiae,
779 3167 811 3212 v.
835 3165 868 3230 g.
891 3153 1030 3224 tectum,
1050 3151 1196 3222 corruat,
1217 3147 1401 3229 pmielibus

229 3251 339 3317 adbuc
353 3251 477 3330 illaesis,
494 3253 636 3320 ecclesia
649 3273 720 3320 non
734 3255 866 3338 indiget
879 3273 970 3320 nova
984 3254 1250 3331 consecratione,
1269 3258 1307 3318 ut
1322 3271 1402 3318 con-

230 3363 297 3422 stal
310 3377 353 3424 ex
364 3379 393 3425 c.
409 3361 429 3426 6
443 3362 485 3427 de
500 3361 651 3428 Consecr.
669 3364 744 3430 eccl.
790 3349 794 3358 ’

268 3466 302 3530 4⁰
316 3467 465 3534 Tandem
482 3472 619 3554 quando
633 3471 774 3537 ecclesia
787 3473 979 3556 ampliatur,
997 3473 1025 3536 si
1041 3491 1131 3537 nova
1142 3489 1219 3554 pare
1232 3471 1347 3536 addita
1358 3470 1402 3532 sil

228 3577 343 3640 minor
355 3579 463 3642 veteri
478 3583 689 3656 remanente,
707 3599 776 3645 non
800 3581 931 3662 indiget
948 3600 1038 3646 nova
1058 3579 1324 3655 consecratione,
1340 3577 1400 3642 sed

229 3683 353 3746 suflicit
364 3683 456 3766 quod
465 3703 556 3748 nova
567 3703 645 3768 pare
658 3703 755 3770 aquae
765 3688 951 3753 benedictas
962 3689 1157 3772 aspersione
1173 3685 1398 3750 exorcizetur:

228 3807 290 3854 seu
304 3790 396 3856 idem
412 3790 592 3856 dicendum
606 3811 645 3858 ac
659 3793 694 3856 in
711 3795 820 3876 primo
844 3811 936 3872 casu,
966 3795 1020 3860 cui
1041 3795 1094 3860 hic
1115 3793 1234 3858 tertius
1257 3797 1309 3856 est
1328 3793 1399 3856 iere

227 3895 405 3962 identicus.
523 3935 526 3942 ·

699 4065 858 4129 SEGTIO
884 4068 928 4130 ll.

291 4225 339 4279 llo
356 4227 541 4292 pollutione
558 4228 778 4282 ecclesiam
794 4231 829 4283 ot
845 4229 1040 4284 amandun
1055 4227 1334 4282 ”conciliatione

586 4417 605 4466 l.
623 4415 662 4466 lle
676 4413 830 4479 pollutione
840 4415 1039 4469 ecclesiarum.

270 4553 302 4628 c)
317 4551 453 4620 Natura
467 4563 499 4617 et
511 4553 646 4636 effectos
655 4555 852 4639 pollutionis
869 4531 933 4618 loci
947 4555 1044 4618 sacri.
1074 4555 1106 4616 i⁰
1124 4554 1151 4617 Α
1175 4557 1268 4636 parte
1290 4553 1340 4616 rei
1360 4569 1399 4616 ac

229 4657 367 4741 physice
382 4659 565 4744 loquendo,
581 4662 733 4740 ecclesia,
748 4682 827 4728 cum
841 4663 885 4727 sit
904 4681 958 4727 res
979 4667 1104 4738 sancta,
1117 4663 1235 4748 nequit
1248 4660 1398 4748 prolenis
