3498 5572
537 599 625 646 nisan
646 596 770 648 rannus
791 597 1013 646 oscanraarvu.
1305 575 1373 645 tal·

189 716 335 802 quiajns
354 720 555 802 patronatus
576 723 629 783 est
648 708 800 803 potestas
827 723 862 785 et
882 720 994 785 honor
1017 735 1201 784 concessus
1229 717 1366 802 speciali

187 825 297 905 gratia
314 824 469 890 Ecclesiae
482 847 495 920 ;1
510 845 612 910 porro
630 827 780 894 heretici
802 829 962 892 omuibus
980 827 1116 911 juribus
1137 832 1172 892 et
1191 827 1366 893 favoribus
1423 887 1426 896 ,

187 934 366 1015 privantur
387 935 470 1018 (cap.
489 935 719 1002 recelleret.
737 937 839 1018 in60).
857 936 1002 1002 Proinde
1026 935 1117 1001 idem
1136 935 1307 1002 diceretur
1324 935 1365 1000 de
1409 931 1413 942 “

187 1041 393 1125 principibus
407 1043 575 1108 hereticis
590 1061 630 1108 ac
644 1044 686 1108 de
710 1043 925 1121 inlidelibus;
948 1045 1012 1110 hac
1037 1043 1079 1109 de
1099 1061 1203 1108 causa
1223 1041 1366 1108 facultas

188 1168 291 1233 quarn
310 1156 389 1216 ante
410 1151 686 1216 recentissimum
710 1153 955 1219 concordatum
975 1152 1159 1218 affectabat
1181 1152 1367 1236 imperator

188 1255 386 1335 Germanie,
402 1260 602 1326 nominandi
618 1263 794 1346 episcopos
809 1261 865 1327 vel
879 1280 1015 1327 summo
1023 1261 1177 1327 Pontiilci
1191 1261 1367 1346 episcopos

186 1365 243 1430 vel
256 1369 423 1450 parochos
442 1369 662 1435 ecclesiarum
675 1371 872 1437 vacantium
887 1371 924 1434 in
937 1369 1068 1436 Alsecia
1082 1370 1138 1436 vel
1151 1368 1368 1451 botharingia

185 1477 426 1556 praesentandi,
444 1496 515 1542 non
530 1495 629 1542 secus
645 1498 684 1544 ae
709 1476 916 1561 gubemium
935 1477 1060 1556 Gallie,
1080 1479 1135 1543 cui
1149 1475 1364 1552 succedebat,

186 1584 327 1650 minime
342 1586 459 1667 agnita
470 1587 535 1652 luit
548 1595 586 1653 ut
597 1591 656 1672 jus
671 1591 818 1655 exsecto
832 1588 1065 1674 acquisitionis
1080 1587 1216 1654 illarum
1229 1585 1368 1671 provin·
1441 1659 1444 1666 ,

186 1693 315 1758 ciarum
326 1701 450 1760 ortum.

226 1801 352 1869 Tamen
367 1805 408 1870 de
421 1806 521 1884 facto,
539 1825 582 1871 ex
597 1805 729 1870 Summi
746 1806 918 1873 Pontimis
938 1811 973 1871 et
994 1806 1232 1889 episcoporum
1251 1804 1369 1872 conni-

185 1912 302 1976 ventia
315 1911 350 1976 in
366 1912 547 1979 Germania
571 1913 799 1980 admittuntur
821 1915 1104 1998 praesentationes
1132 1915 1174 1979 ab
1197 1910 1366 1978 hereticis

184 2020 281 2086 facte
296 2021 338 2086 ad
348 2022 514 2088 beneficia
524 2023 823 2107 jurispatronatus
837 2023 960 2102 reolis;
973 2041 1054 2088 nam
1069 2023 1143 2088 sina
1156 2021 1368 2105 gravissimis

186 2128 330 2206 damnis,
348 2134 418 2196 tam
432 2131 666 2197 materialibus
682 2149 785 2216 quam
805 2129 1003 2207 moralibus,
1029 2129 1177 2197 Ecclesia
1202 2131 1369 2196 obsistere

185 2254 255 2301 non
268 2238 446 2321 potuisset,
465 2243 500 2304 et
512 2238 591 2305 ideo
606 2238 764 2305 toleravit
778 2257 840 2304 seu
854 2239 969 2324 potius
984 2237 1223 2303 dissimulavit.

224 2345 257 2407 3⁰
270 2343 572 2426 Excommunioati‚
588 2347 668 2414 licet
681 2349 755 2433 ipso
769 2351 859 2414 lactc
873 2367 945 2413 non
958 2347 1136 2431 priventur
1154 2349 1232 2432 jure
1254 2352 1369 2431 patro·

185 2455 297 2530 natus,
312 2473 383 2520 non
397 2461 539 2539 possent
556 2459 684 2532 tamen,
697 2457 799 2539 juxta
818 2453 1009 2537 rigidiores,
1031 2454 1142 2520 valide
1160 2459 1369 2539 presentare

185 2561 228 2625 ad
241 2563 407 2628 benesscia
418 2565 506 2647 juris
523 2549 736 2647 patronatus,
757 2565 837 2648 quia
854 2563 1074 2648 presentatio
1099 2563 1170 2627 vim
1194 2561 1370 2630 electionis

184 2669 307 2746 habet3
325 2673 484 2754 jamvero
506 2670 626 2737 electio
645 2673 688 2738 ab
711 2671 1007 2737 excommunicato
1035 2669 1175 2736 vitando
1202 2671 1292 2738 facts
1317 2673 1371 2736 est

185 2778 289 2844 irrita.
305 2779 407 2846 iuxta
425 2781 590 2857 mitiores,
608 2779 828 2864 presentatio
856 2781 898 2844 ab
926 2780 1234 2858 excommunicato,
1260 2779 1367 2844 etiarn

185 2886 325 2954 vitando
340 2890 439 2966 lacte,
461 2894 553 2954 esset
574 2889 697 2967 valida,
724 2890 805 2974 quia
831 2887 926 2953 nullc
947 2891 1025 2972 jure
1050 2889 1123 2954 hec
1150 2888 1370 2972 presentatio

184 2997 301 3062 valore
318 3017 381 3066 suc
395 2999 559 3083 privatur.
583 3000 627 3064 At
646 2997 790 3084 epistola
811 2999 943 3064 Summi
964 2993 1136 3065 pontilicis
1155 2998 1277 3065 Leonis
1296 2985 1370 3062 lllll

185 3105 314 3171 directa
335 3107 379 3174 ad
396 3107 604 3174 cardinalem
616 3107 785 3174 asecretis
799 3106 924 3185 Status,
942 3109 1005 3172 sub
1021 3107 1122 3181 diem
1131 3107 1269 3189 augusti
1277 3107 1368 3183 1878,

184 3215 320 3282 videtur
335 3216 505 3300 denegare
518 3218 822 3310 excommunicatis
833 3206 1035 3284 exercitium
1044 3219 1134 3302 juris
1153 3221 1365 3302 patronatus.

224 3324 350 3391 Verum
362 3325 410 3390 illi
422 3327 576 3393 mitiores
588 3328 756 3394 docebant
775 3327 974 3412 episcopum
987 3345 1101 3412 posse,
1124 3331 1159 3392 et
1182 3325 1366 3412 aliquando

186 3432 309 3500 debere
330 3433 496 3518 repellere
519 3436 823 3520 presentationem
837 3437 880 3502 ab
902 3434 1198 3500 excommunicato
1219 3433 1369 3499 factam:

185 3547 302 3626 posset
314 3562 397 3628 ergo
411 3545 462 3609 uti
472 3547 551 3628 jure
565 3543 781 3629 repulsionis,
799 3544 882 3629 quin
892 3547 1062 3622 teneatur,
1074 3541 1211 3629 quando
1223 3559 1371 3627 presen-

186 3651 270 3718 tatio
283 3653 324 3718 lit
338 3653 381 3719 ab
394 3655 690 3720 excommunicato
705 3655 859 3734 tolerato,
876 3673 909 3720 v.
930 3674 964 3738 g.
991 3674 1012 3721 a
1033 3655 1185 3739 principe
1211 3655 1371 3720 invasore

188 3759 330 3825 dominii
357 3760 578 3845 pontificalis;
608 3765 784 3827 teneretur
810 3781 893 3828 vero
920 3762 1056 3848 quando
1085 3763 1305 3846 presentatio
1331 3763 1373 3826 tlt

187 3869 230 3934 ab
258 3871 554 3936 excommunicato
577 3871 728 3948 vitando,
758 3872 838 3956 quia
864 3873 892 3936 si
916 3871 1113 3938 admitteret
1138 3871 1374 3957 presentatio-

188 3997 279 4058 nem,
296 3981 565 4046 communicaret
576 3999 656 4045 cum
671 3982 966 4046 excommunicato
978 3981 1130 4059 vitando,
1145 3987 1181 4046 et
1195 3982 1243 4046 sic
1257 3979 1372 4050 illicite

188 4095 316 4172 ageret.
350 4089 522 4175 Excipitur
551 4097 668 4156 tamen
692 4091 720 4155 si
748 4095 870 4172 urgeat
891 4092 1087 4170 necessitas,
1119 4096 1158 4156 ut
1181 4092 1209 4156 si
1239 4090 1373 4160 vacatio

188 4196 350 4264 diuturna
377 4203 412 4263 et
438 4186 788 4265 Ecclesie'damnosa
807 4218 870 4283 per
893 4199 1126 4284 repulsionem
1153 4199 1375 4268 induceretur

189 4304 418 4389 (Schmalzgr,
433 4305 467 4370 h.
480 4311 504 4372 t.
522 4325 556 4372 n.
572 4307 634 4391 70).

492 4499 524 4552 11.
540 4500 608 4552 tura
621 4499 651 4552 et
664 4496 852 4564 obligationes
865 4498 1064 4563 patronorum.

184 4641 187 4646 “
231 4635 263 4716 α)
277 4629 353 4702 Tria
367 4637 449 4700 sunt
465 4636 636 4720 precipua
662 4637 988 4720 patronorumjura,
1014 4650 1162 4718 quorum
1188 4633 1255 4703 alia
1291 4639 1373 4704 sunt

189 4739 629 4811 honorificaetalieutilia:

332 4873 366 4918 ιι.
1193 4856 1230 4918 31
