3510 5574
361 513 421 581 ast
823 533 874 580 rus
894 533 1075 582 canonicus.

361 653 447 718 Cum
461 651 511 716 ad
523 649 618 716 illud.
636 649 693 714 llis
708 651 743 714 in
757 649 840 716 locis
857 653 1087 734 prescribitur
1101 653 1213 718 torma
1225 669 1412 718 concursus
1426 656 1539 737 quoad

358 759 517 824 ecclesias
543 758 763 842 parochiales.
778 757 881 824 Porro
907 758 964 823 lex
984 757 1043 825 illa
1063 760 1166 824 etiam
1190 777 1281 825 nunc
1305 761 1410 840 viget,
1427 767 1461 825 et
1481 764 1539 844 jus

359 885 542 932 commune
566 865 742 930 constituit
766 866 879 949 quoad
901 867 1139 950 parochiarum
1162 867 1391 946 collationem,
1419 886 1482 933 nec
1506 870 1539 933 in

360 971 466 1039 Gallia
487 973 551 1038 fuit
564 991 626 1057 per
644 973 889 1038 concordatum
909 975 1089 1056 abrogata
1115 975 1221 1040 verba
1241 977 1333 1040 enirn
1356 1001 1371 1036 «
1392 975 1539 1060 episcopi

359 1083 402 1148 ad
425 1083 602 1166 parochias
623 1081 890 1160 nominabunt»,
907 1083 1048 1148 minime
1071 1084 1259 1168 important
1281 1084 1540 1164 abrogationem

360 1209 556 1256 concursus.
580 1189 647 1256 Neo
674 1191 843 1272 majorem
870 1189 942 1254 vim
968 1190 1087 1256 habuit
1112 1191 1326 1256 consuetudo
1353 1192 1538 1266 contraria,

357 1303 456 1384 juxta
480 1301 651 1365 veriorem
675 1299 891 1364 sententiam.
909 1297 967 1364 Est
990 1300 1083 1364 euim
1102 1299 1159 1365 lex
1182 1299 1250 1376 illa,
1267 1299 1325 1365 lex
1347 1299 1542 1364 Tridentino

362 1427 438 1493 quae
465 1408 595 1474 nullam
621 1407 771 1472 admittit
802 1409 1088 1473 consuetudinem
1115 1409 1150 1472 in
1179 1408 1399 1474 contrarium.
1425 1407 1541 1492 ltaque

360 1519 474 1602 praxis
497 1519 569 1583 iere
593 1517 783 1582 universim
805 1520 941 1601 recepta
964 1535 1056 1582 nunc
1078 1517 1114 1581 in
1136 1516 1253 1595 Gallia,
1269 1516 1385 1600 Belgio
1410 1521 1445 1581 et
1467 1515 1541 1582 aliis

360 1625 558 1708 regionibus
572 1623 737 1690 ‘toleratur
751 1629 918 1690 tantuma
932 1623 1055 1690 Sancta
1069 1623 1168 1700 Sede,
1185 1628 1224 1688 ut
1236 1624 1325 1688 inira
1339 1623 1478 1689 dicetur.

401 1737 428 1818 c)
443 1735 613 1800 Beneficia
626 1732 802 1800 saecularia
814 1735 962 1799 conferri
974 1739 1121 1816 possunt
1134 1733 1264 1798 novitio
1277 1732 1450 1814 religioso,
1462 1733 1542 1816 quie

360 1842 471 1912 adhuc
494 1848 547 1906 cst
570 1843 623 1907 sui
641 1843 741 1924 juris,
758 1861 870 1926 noque
891 1842 1078 1908 novitiatus
1100 1839 1363 1924 incompatibilis
1387 1845 1440 1909 est
1463 1858 1542 1904 cum

362 1951 539 2016 beneflcio.
573 1951 639 2016 Sed
670 1951 836 2017 beneflcio
858 1949 1037 2032 regularia,
1063 1969 1139 2036 quae
1160 1951 1434 2033 jurisdictionem
1463 1967 1542 2013 cum

362 2058 655 2124 administratione
670 2060 808 2138 habent,
824 2059 955 2124 novitio
977 2059 1123 2124 conferri
1142 2078 1212 2125 non
1226 2063 1372 2143 possunt
1386 2063 1425 2140 (c.
1441 2058 1483 2122 aa
1501 2057 1543 2122 u'e

359 2163 479 2246 Elect,
492 2170 528 2234 in
539 2169 594 2252 θ’),
613 2169 775 2254 quianon
790 2170 892 2236 debet
906 2170 980 2236 aliis
990 2171 1114 2255 profici
1124 2171 1182 2255 qui
1193 2173 1335 2236 subesse
1348 2188 1418 2236 non
1432 2169 1539 2234 novit.

362 2275 435 2342 Alia
449 2295 531 2343 vero
547 2279 713 2345 benetloia
725 2281 880 2346 conferre
894 2278 973 2345 licet
991 2280 1133 2357 novitio,
1150 2280 1253 2346 modo
1275 2281 1339 2346 iste
1360 2277 1543 2364 professio-

289 2385 292 2391 ’
362 2399 443 2449 nem
457 2384 540 2450 velit
555 2388 711 2452 emittere
729 2379 955 2470 (Gonc.'l'1id.,
972 2407 1057 2455 sess.
1075 2389 1126 2467 il,
1138 2407 1167 2454 c.
1185 2390 1235 2466 ll,
1252 2388 1294 2454 de
1307 2388 1408 2472 liet).
1424 2387 1541 2464 Quoad

361 2494 579 2562 collationem
593 2497 673 2563 eccl.
690 2500 827 2580 parocb-
843 2500 1069 2582 regularibus,
1085 2500 1163 2564 vide
1179 2517 1282 2583 supra
1297 2497 1395 2564 dicta.

554 2693 596 2744 111.
615 2693 654 2746 De
669 2692 755 2746 modo
769 2691 935 2746 conterendi
949 2691 1089 2747 beneflcio
1102 2705 1152 2758 per
1166 2703 1348 2772 concursum.

403 2825 437 2907 o)
459 2821 664 2906 Generatim,
687 2827 730 2894 ad
752 2827 899 2894 formam
925 2826 1125 2894 conferendi
1149 2825 1315 2891 beneficia
1337 2823 1541 2910 requiritur:

363 2931 394 2996 l⁰
412 2937 451 2996 ut
473 2933 678 2999 beneficium
697 2935 742 2999 sit
764 2939 841 3000 actu
857 2953 982 3000 vacans
998 2937 1038 3018 (o.
1054 2935 1130 2999 lde
1141 2933 1292 3000 Concess.
1304 2932 1441 3019 pred.);
1456 2933 1490 2997 2·
1504 2937 1543 2995 ut

363 3038 499 3119 collatio
523 3041 567 3105 sit
587 3043 736 3123 gratuita
751 3043 789 3124 (c.
811 3043 831 3106 8
849 3042 891 3107 de
907 3041 1092 3126 Simonio);
1111 3043 1144 3106 3⁰
1166 3041 1324 3128 absoluta
1338 3046 1373 3105 at
1385 3039 1543 3105 determi-

363 3152 458 3224 nata,
482 3167 553 3214 non
576 3167 659 3214 vero
682 3151 924 3228 conditionata,
948 3152 1012 3216 sub
1035 3151 1230 3217 conditione
1256 3154 1434 3226 sairanem
1462 3167 1543 3213 nam

362 3255 498 3321 collatio
511 3261 546 3322 et
560 3256 679 3322 electio
695 3263 921 3324 numerantur
933 3259 1024 3323 iuter
1040 3263 1136 3324 actus
1155 3257 1329 3340 legitimos
1350 3257 1408 3340 qui
1428 3251 1543 3321 condiss

363 3361 493 3428 tionem
507 3383 578 3429 non
590 3365 761 3449 recipiunt
774 3385 886 3450 neque
903 3365 993 3430 diem
1009 3365 1102 3448 (Reg.
1115 3385 1131 3428 n
1145 3366 1182 3430 in
1196 3365 1239 3448 6⁰)
1249 3385 1255 3440 ;
1267 3365 1300 3428 4⁰
1312 3369 1350 3428 ut
1364 3365 1453 3430 absit
1467 3382 1543 3447 pac-

364 3475 438 3535 tum
453 3490 639 3538 onerosum
654 3478 858 3540 extraneum
875 3494 881 3536 :
899 3473 927 3538 si
942 3478 1059 3538 tamen
1077 3491 1165 3538 onus
1187 3472 1229 3538 de
1241 3475 1319 3555 jure
1340 3471 1422 3536 insit
1442 3473 1544 3536 bene-

362 3578 450 3656 flcio,
473 3583 588 3663 potest
607 3581 751 3666 exprimi
766 3581 802 3644 iu
816 3580 1014 3656 collatione;
1030 3582 1063 3644 5⁰
1078 3581 1108 3644 si
1126 3579 1332 3644 beneficium
1350 3579 1545 3645 conferatur

363 3703 383 3750 a
397 3685 490 3771 Papa
502 3688 557 3754 vel
570 3688 685 3771 legato
699 3709 720 3756 a
732 3689 850 3767 latere,
866 3690 1051 3774 requiritur
1068 3687 1271 3771 rescriptum
1293 3689 1387 3754 nulla
1405 3688 1545 3769 subrep-

364 3795 457 3860 tione
478 3796 535 3860 vel
554 3797 754 3880 obreptione
778 3799 946 3866 vitiatum.

403 3907 447 3968 ht
468 3907 644 3989 speciatim
666 3908 840 3990 agendum
857 3914 910 3974 ast
931 3909 972 3974 de
986 3909 1099 3976 forma
1115 3905 1306 3974 collationis
1325 3904 1544 3971 ecclesiarum

364 4013 619 4096 parochialium,
636 4033 698 4082 seu
712 4015 755 4082 de
771 4018 882 4083 torma
894 4035 1092 4082 concursus.
1110 4015 1296 4081 Concilium
1310 4011 1544 4078 'tridentinum

364 4120 495 4188 nubam
506 4123 688 4206 specialem
697 4125 845 4190 sormam
856 4125 1034 4210 proposuit
1044 4143 1106 4209 pro
1118 4124 1276 4189 examine
1288 4121 1545 4188 candidatorum

365 4229 409 4293 ad
436 4229 596 4296 ecclesias
620 4231 845 4315 parochialem
871 4233 931 4298 sed
956 4237 1078 4319 postes
1098 4232 1281 4298 methodus
1304 4227 1459 4315 specialis
1482 4227 1548 4290 luit

366 4335 600 4416 determinata,
625 4359 729 4423 quam
752 4359 924 4425 exponere
944 4347 1089 4426 oportet.
1110 4339 1227 4424 ltaque
1248 4341 1290 4404 de
1310 4337 1487 4403 vacatione
1503 4333 1546 4398 ad

365 4461 586 4525 concursum,
602 4447 645 4513 de
661 4449 963 4528 examinatoribus,
987 4455 1050 4515 etc.
1072 4450 1108 4514 in
1122 4449 1235 4533 specie
1250 4445 1466 4512 tractandum
1481 4448 1543 4507 est.
1593 4429 1597 4436 ⁸

407 4551 437 4632 d)
449 4553 497 4618 De
514 4558 692 4621 vacatione
712 4557 762 4624 ad
783 4575 990 4623 concursum.
1009 4557 1101 4622 Intra
1114 4557 1233 4623 decern
1248 4556 1321 4621 dies
1334 4573 1354 4620 a
1368 4553 1546 4620 vacatione
1625 4576 1628 4584 ¹

367 4659 516 4725 ecclesia
531 4663 742 4746 parochialis,
760 4665 908 4730 edictum
923 4665 1177 4731 convocationis
1197 4669 1249 4729 est
1270 4659 1543 4747 proponendum.
1612 4754 1615 4766 Ι
