3440 5568
371 527 431 592 ete
837 548 887 594 tus
906 547 1085 596 canonican.

407 668 436 724 S.
452 668 485 722 E.
500 667 544 734 C,
554 665 602 724 die
614 667 717 740 tijan.
735 670 804 726 16111
817 687 825 726 :
836 667 1015 727 Monialibus
1028 682 1089 726 uon
1103 665 1299 726 committitur
1307 667 1402 726 elaris
1415 667 1552 725 taberna·

371 754 441 825 culi,
457 754 509 812 sed
524 769 616 828 penes
641 771 711 814 eum
734 757 918 816 sacerdotem
941 771 1060 829 semper
1080 755 1250 816 essedebet
1268 755 1410 830 adquam
1432 760 1550 827 spectat

371 858 443 902 eura
456 844 687 904 administrandi
702 847 752 904 SS.
769 847 1005 926 sacramentum.
1357 881 1360 888 ·

407 933 477 992 Ead.
488 936 517 992 S.
534 935 656 1009 (ionga,
671 935 721 994 die
736 941 769 994 11
783 949 853 994 nov.
868 939 948 1009 1113,
958 936 1141 995 declaravit:
1158 936 1200 994 ad
1215 935 1388 1010 parochum,
1404 933 1550 1008 privative

370 1023 407 1082 ad
423 1024 581 1082 sacristam
596 1030 625 1082 et
639 1025 837 1098 capellanum,
855 1026 997 1099 competit
1006 1025 1059 1100 jus
1073 1027 1220 1086 retinendi
1236 1025 1349 1084 clavem
1364 1022 1548 1082 tabernaculi

371 1112 401 1169 in
417 1127 477 1186 quo
492 1113 665 1172 reconditur
678 1117 728 1173 SS.
745 1117 978 1174 Sacramentum.

407 1203 459 1261 Die
474 1206 504 1260 13
519 1203 582 1262 deo.
602 1206 680 1274 tert,
695 1207 724 1262 S.
735 1208 766 1264 P.
776 1205 849 1264 Pius
860 1208 896 1264 IX
904 1205 994 1265 elicui
1008 1205 1122 1264 vicario
1137 1219 1185 1279 ap.
1197 1205 1349 1264 concessit
1362 1203 1547 1262 indultum...

370 1295 404 1350 ut
415 1291 591 1365 dispensare
611 1293 706 1351 valeat
720 1293 757 1352 ab
772 1293 956 1370 obligatione
971 1296 1064 1354 cleris
1083 1295 1268 1354 tabernaculi
1286 1293 1438 1353 tradendae
1455 1292 1548 1350 alicui

371 1381 518 1440 sacerdoti
528 1381 566 1440 ab
579 1396 673 1454 eoque
688 1381 862 1454 retinente,
878 1383 905 1442 si
920 1383 1107 1443 rationabilis
1121 1383 1201 1442 adsit
1218 1397 1321 1453 causa,
1336 1378 1549 1440 eodemmodo

360 1469 455 1529 -aliter
469 1471 603 1544 ejusdem
618 1471 711 1530 clavis
725 1472 868 1532 custodiae
884 1473 1084 1546 provideatur.

407 1563 448 1618 Ex
461 1561 549 1633 epist.
567 1564 595 1618 S.
611 1562 720 1634 Gongr.
744 1561 843 1634 Episc.
859 1569 888 1620 et
905 1562 1010 1638 Regni.
1024 1563 1144 1636 januar.
1162 1567 1240 1632 1121,
1256 1561 1349 1620 clavis
1363 1557 1547 1618 tabernaculi

370 1656 474 1722 posset
488 1651 618 1724 relinqui
633 1652 664 1708 in
679 1651 827 1724 sacristia,
843 1649 1005 1711 dummodo
1021 1654 1052 1711 in
1065 1652 1131 1711 loco
1144 1652 1225 1712 clave
1235 1651 1375 1710 obserato
1390 1651 1430 1708 sit
1443 1663 1547 1708 recon-

370 1740 442 1798 dita.

407 1830 509 1900 Quoad
524 1845 640 1889 sacram
663 1833 942 1892 recommonet
964 1835 1014 1892 SS.
1039 1833 1206 1906 specierum
1229 1832 1463 1902 renovationem,
1477 1835 1546 1897 etc,

370 1919 437 1978 vide
452 1921 490 1978 te
505 1920 665 1980 Cononiate
674 1924 908 1996 mntcmporota,
921 1929 943 1980 1.
960 1927 981 1994 1,
994 1939 1022 1996 p.
1036 1928 1166 1995 itt-itm
1180 1930 1201 1982 t.
1214 1925 1259 1993 111,
1275 1926 1404 1982 tlt-tto.

515 2087 547 2138 lla
561 2085 673 2152 qualitate
689 2086 738 2142 olei
751 2102 797 2153 quo
812 2089 901 2156 lampas
916 2089 1057 2142 sanctssimi
1072 2090 1214 2142 secanam
1229 2088 1350 2142 uutdenda
1364 2094 1408 2142 est.

408 2237 422 2266 «
436 2213 577 2272 Nonnulli
606 2214 673 2272 Emi
688 2214 851 2275 Galliarum
865 2216 1025 2288 antistitae,
1051 2218 1130 2276 serio
1148 2215 1367 2296 perpendentes
1391 2214 1421 2272 ln
1446 2213 1549 2271 multis

274 2337 280 2352 ·
372 2317 496 2362 suarum
525 2303 702 2362 dioecesium
728 2305 865 2364 ecclesiis
878 2305 1000 2364 difficile
1027 2305 1189 2365 admodum
1211 2311 1241 2364 et
1263 2303 1400 2363 nonnisi
1427 2301 1547 2375 magnis

372 2395 544 2468 sumptibus
559 2395 725 2468 comparari
739 2409 831 2468 posse
844 2395 943 2454 oleum
958 2395 1105 2455 olivarum
1120 2396 1156 2454 ad
1169 2394 1358 2454 nutriendam
1373 2393 1425 2451 diu
1441 2395 1547 2449 noctu-

371 2499 428 2556 que
454 2485 560 2544 saltem
574 2498 664 2543 unam
691 2484 859 2557 lampadem
879 2491 948 2544 ante
972 2485 1200 2545 sanctissimum
1227 2483 1421 2543 Eucharistiae
1447 2496 1546 2539 sacra-

371 2579 516 2646 mentum,
532 2574 569 2632 ab
584 2574 756 2646 Apostolica
769 2575 843 2633 Sede
862 2575 1005 2634 declarari
1021 2576 1172 2648 petierunt
1192 2581 1293 2634 utrum
1312 2575 1343 2633 in
1358 2587 1442 2644 casu,
1454 2577 1547 2629 atten-

371 2663 411 2722 tis
433 2663 660 2722 difficultatibus
680 2669 709 2721 et
728 2663 924 2724 ecclesiarum
943 2671 1131 2738 paupertate,
1147 2665 1213 2724 oleo
1234 2664 1380 2722 olivarum
1401 2661 1545 2720 substitui

373 2754 491 2826 possint
511 2755 570 2813 alia
596 2756 672 2825 olea,
698 2769 765 2826 quae
792 2771 828 2814 ex
851 2755 1039 2831 vegetallbus
1063 2755 1222 2827 habentur,
1245 2755 1312 2828 ipso
1335 2767 1397 2814 nou
1423 2751 1546 2810 excluso

372 2845 514 2916 petroleo.
542 2847 630 2904 Sacra
643 2859 732 2917 porro
758 2847 880 2905 Rituum
903 2849 1112 2923 congregatio,
1137 2847 1194 2906 etsi
1223 2860 1342 2918 semper
1366 2843 1493 2903 sollicita
1514 2847 1547 2900 ut

372 2934 460 2991 etiam
476 2936 506 2992 iu
522 2934 578 2993 bec
595 2939 677 3008 parte
691 2935 770 3007 quod
786 2949 884 3008 usque
899 2937 936 2995 ab
951 2937 1092 2996 Ecclesia
1107 2937 1280 3011 primordiis
1295 2937 1374 2994 cirea
1389 2947 1477 2994 usum
1488 2933 1545 2992 olei

372 3037 407 3082 ex
420 3024 508 3083 olivis
517 3025 672 3083 inductum
681 3029 737 3094 est,
749 3025 787 3083 ob
802 3027 945 3100 mysticas
959 3027 1207 3102 significationes
1220 3028 1399 3098 retineatur;
1415 3030 1545 3084 ettamen

372 3114 493 3173 silentio
514 3115 665 3187 praeterire
679 3115 803 3173 minime
828 3117 948 3176 censuit
968 3119 1100 3177 rationes
1120 3119 1157 3176 ab
1181 3117 1289 3177 iisdem
1308 3115 1459 3190 episcopis
1479 3128 1547 3187 pro·

372 3203 464 3275 latas;
491 3217 526 3262 ac
554 3205 690 3278 proinde,
716 3205 868 3278 exquisito
895 3208 981 3280 prius
1013 3213 1083 3266 voto
1104 3207 1228 3268 alterius
1250 3223 1287 3266 ex
1317 3205 1547 3281 apostolicarum

372 3294 616 3354 caeremoniarum
639 3295 805 3370 magistris,
829 3295 1019 3371 subscriptus
1041 3298 1202 3356 cardinalis
1230 3297 1388 3371 praelectus
1411 3294 1545 3370 eiusdem

373 3373 469 3443 Sacrae
485 3386 734 3461 congregationis
749 3401 811 3446 rem
826 3402 945 3447 omnem
961 3389 1118 3462 proposuit
1139 3389 1169 3447 iu
1185 3387 1346 3447 ordinariis
1364 3385 1494 3446 comitiis
1510 3384 1546 3442 ad

372 3476 548 3533 Vaticanum
571 3475 716 3534 hodierna
742 3477 790 3535 die
819 3477 940 3536 habitis.
966 3479 1029 3536 Emi
1058 3485 1157 3538 autern
1186 3485 1215 3538 et
1238 3478 1305 3536 Emi
1326 3481 1428 3536 Patres
1450 3475 1546 3534 sacris

373 3565 494 3624 tuendis
502 3563 612 3624 ritibus
627 3567 789 3639 prepositi,
801 3568 943 3628 omnibus
952 3573 1090 3628 accurate
1100 3568 1257 3642 perpensis
1266 3583 1301 3626 ao
1315 3566 1547 3642 diligentissimo

373 3655 568 3724 examinatis,
585 3655 810 3715 rescribendum
824 3664 1008 3717 censuerunt
1027 3677 1034 3716 :
1052 3659 1217 3717 Generatim
1240 3658 1383 3716 utendum
1398 3671 1466 3714 esse
1481 3655 1548 3712 oleo

373 3744 536 3814 olivarum3
552 3745 604 3803 ubi
628 3759 699 3804 vero
714 3745 816 3804 haberi
831 3753 970 3820 nequeat,
985 3748 1194 3807 remittendum
1210 3747 1377 3822 prudentia
1391 3746 1546 3820 episcopo·

373 3847 440 3891 rum
456 3840 490 3892 ut
503 3834 657 3907 lampades
671 3836 843 3895 nutriantur
858 3837 969 3896 axeliis
980 3837 1065 3910 oleis,
1081 3844 1227 3911 quantum
1242 3837 1305 3896 fleri
1320 3836 1418 3909 possit
1432 3842 1548 3908 vegeta-

375 3921 466 3981 libus.
478 3946 492 3974 »
509 3925 561 3982 Die
576 3929 592 3982 9
605 3923 674 3998 julii
684 3927 764 3998 1861,
777 3927 811 3985 ia
824 3941 887 3986 ouo
897 3927 1034 4000 ptumam
1048 3927 1227 3986 dtoeoeeiom.

700 4132 743 4184 lv.
761 4129 817 4182 ΒΕ.
834 4130 1000 4197 imagines
1016 4131 1227 4198 candentes.

860 4289 887 4363 a)
900 4289 1061 4364 Imagines.

410 4425 495 4485 Circa
508 4427 635 4486 sormam
651 4429 701 4486 sS.
726 4428 894 4502 imaginum
912 4435 1060 4504 receptam
1080 4431 1126 4490 vel
1148 4431 1335 4506 reprobatam
1348 4433 1380 4491 in
1404 4433 1546 4505 Ecclesia,

373 4517 441 4574 vide
451 4517 604 4576 decretum
614 4517 724 4576 Urbani
738 4521 799 4578 Vlll
815 4524 942 4578 temari.
960 4524 1078 4591 tuimet
1087 4523 1332 4582 constitutionem
1341 4521 1546 4582 somatum

375 4605 524 4678 Benedicti
551 4611 630 4677 xlv,
643 4613 729 4666 loct.
755 4613 834 4666 1111.
860 4611 967 4668 Confer
984 4612 1073 4670 etiam
1088 4613 1208 4672 constit.
1219 4613 1392 4688 Accepimus
1410 4611 1546 4686 ejusdem

374 4695 528 4755 Pontitlcis
543 4701 575 4754 td
588 4697 643 4770 jul.
669 4700 748 4769 ¹743,
763 4698 843 4758 circa
861 4699 1024 4777 imaginem
1038 4702 1171 4762 crucifixi
1191 4719 1283 4777 super
1297 4704 1388 4762 altare
1405 4705 1543 4777 positam.
