3488 5568
345 571 406 636 tto
805 593 856 638 rus
877 592 1058 640 canonicus.

344 707 557 772 committere
582 725 645 772 suo
666 707 792 774 vicario
812 709 954 777 missam
973 709 1225 784 celebrandam,
1246 712 1282 772 et
1301 706 1349 770 illi
1368 706 1521 789 praebere

346 819 478 880 tentum
488 813 743 898 eleemosynam
754 835 984 893 communem,
997 835 1038 884 ac
1050 836 1113 902 pro
1126 837 1162 882 se
1177 815 1332 881 retinere·
1341 829 1523 880 excessum

346 924 432 989 datae
448 923 674 1008 eleemosynae
688 925 735 1008 (in
749 927 783 990 h.
801 931 824 990 t.
839 946 873 991 n.
890 927 936 1010 6);
953 945 1034 993 nem
1044 926 1118 992 haec
1133 925 1353 1008 eleemosyna
1362 921 1524 1006 pinguior

344 1037 510 1098 consueta
522 1051 593 1098 non
607 1034 767 1098 tribuitur
780 1037 928 1119 parocho
943 1039 1107 1120 unquam
1121 1034 1343 1119 pernimium
1357 1031 1464 1096 stolae.

386 1141 462 1206 llaec
483 1141 598 1207 omnia
614 1142 834 1226 probabiliter
851 1143 989 1209 extendi
1002 1148 1158 1228 possunt,
1176 1143 1249 1206 sive
1265 1139 1309 1205 ad
1324 1157 1384 1204 eos
1399 1139 1524 1222 quibus

345 1249 528 1314 commissa
549 1254 603 1314 est
620 1247 800 1316 celebratio
821 1251 935 1315 missae
956 1253 1141 1334 perpetuae,
1160 1249 1231 1313 sive
1246 1248 1289 1314 ad
1302 1246 1379 1312 illos
1398 1247 1522 1330 quibus

346 1357 505 1439 imposita
524 1363 577 1422 est
592 1357 774 1423 celebratio
789 1376 833 1424 ex
847 1359 967 1442 pingui
980 1358 1094 1441 legato
1113 1357 1156 1423 ad
1178 1358 1284 1422 vitem
1304 1355 1387 1439 ipsis
1405 1353 1522 1420 relicto

346 1482 426 1532 oum
439 1484 544 1532 onere
558 1467 752 1534 missarum.
769 1469 912 1533 Decreta
924 1469 1140 1553 prohibentia
1154 1486 1225 1534 non
1243 1466 1404 1531 videntur
1421 1463 1525 1529 attin-

345 1591 427 1654 gere
441 1574 517 1640 illos
530 1593 629 1640 casus
644 1576 680 1640 in
694 1577 817 1660 quibus
838 1577 973 1641 nullum
987 1579 1188 1642 mercaturae
1207 1593 1317 1656 genus
1334 1571 1518 1644 invenitur,

346 1681 407 1746 sed
421 1682 566 1749 habetur
580 1701 662 1750 vere
676 1684 825 1762 donatio,
839 1705 899 1750 seu
916 1703 1078 1751 excessus
1093 1684 1137 1749 ob
1150 1683 1301 1748 cilicium
1315 1680 1371 1746 vel
1386 1677 1523 1744 titulum

346 1791 578 1856 extrinsecum
589 1791 797 1858 conceditur.

384 1898 418 1961 4⁰
431 1897 732 1966 administratores
752 1901 973 1968 ecclesiarum
992 1907 1027 1967 et
1047 1902 1202 1967 locorum
1223 1901 1358 1984 piorum
1378 1901 1524 1982 possunt

344 2005 472 2090 aliquid
497 2007 644 2073 retinere
667 2027 729 2092 pro
753 2011 913 2094 expensis
936 2027 1126 2085 cereorum,
1143 2009 1226 2084 vini,
1242 2012 1320 2082 etc,
1336 2004 1524 2070 dummodo

344 2133 423 2196 pars
437 2120 612 2181 reservate
623 2135 694 2182 non
709 2117 852 2182 excedet
864 2117 1018 2183 velorem
1031 2135 1262 2200 expensorum
1272 2133 1348 2199 qnae
1358 2131 1419 2197 pro
1434 2113 1523 2196 ipso-

346 2227 418 2287 met
437 2227 569 2288 tantum
590 2225 704 2289 missae
728 2227 892 2292 sacrificio
916 2230 997 2290 eunt
1011 2224 1209 2302 subeunda,
1225 2228 1260 2290 et
1276 2222 1421 2288 illeloce
1436 2220 1523 2286 alios

346 2349 417 2396 non
441 2330 590 2396 habeant
607 2332 761 2398 redditus
778 2353 785 2397 :
805 2335 852 2399 ite
872 2340 904 2399 s.
921 2334 954 2398 G.
975 2333 1087 2411 Cone,
1105 2334 1140 2395 in
1163 2333 1299 2396 decreto
1321 2330 1523 2395 confirmato

345 2439 387 2502 ab
401 2437 474 2502 lnn.
491 2437 560 2502 llll.
576 2439 734 2506 Urbanus
748 2441 818 2506 Vlll
832 2442 867 2506 id
882 2442 986 2508 etiam
999 2441 1164 2525 permisit,
1181 2438 1243 2504 sed
1261 2441 1395 2503 tantum
1409 2435 1523 2519 quoad

345 2547 469 2612 missas
480 2548 640 2612 fundatas
654 2550 689 2612 in
704 2556 920 2634 perpetuum,
936 2554 971 2614 et
984 2548 1121 2632 quando
1136 2547 1279 2614 ecclesia
1291 2547 1327 2610 in
1350 2563 1417 2629 qua
1434 2543 1524 2608 cele·

347 2653 474 2728 bratur,
497 2659 590 2720 caret
609 2655 797 2721 redditibus
817 2657 1080 2732 suillcientibus;
1106 2655 1167 2720 sed
1187 2653 1341 2719 absolute
1366 2651 1524 2737 prohibet

347 2762 459 2844 quood
474 2763 596 2828 missas
610 2763 798 2830 manuales.
815 2765 925 2842 Quare
942 2765 978 2830 in
991 2763 1057 2828 alio
1071 2763 1207 2828 decreto
1223 2765 1254 2827 S.
1273 2761 1394 2843 Gongr.
1407 2759 1520 2835 Cena,

346 2870 438 2953 diui.
456 2871 545 2947 tito,
560 2871 751 2938 declaratur
768 2873 1098 2956 archipresbyterum
1117 2891 1188 2936 non
1208 2870 1316 2936 teneri
1336 2869 1379 2934 ad
1404 2867 1524 2932 minis-

347 2979 467 3043 tranda
477 2980 636 3046 utensilia
649 2981 690 3044 iis
705 2981 763 3064 qui
777 2981 952 3046 celebrant
965 2981 1000 3044 in
1015 2999 1079 3046 sua
1090 2979 1242 3056 ecclesia,
1261 2997 1304 3043 ex
1318 2977 1523 3060 cctipatiene

347 3087 498 3169 derceficii
509 3089 578 3152 sice
592 3089 800 3174 capellaniae.
818 3090 883 3155 Sed
904 3090 1017 3174 quoad
1031 3091 1151 3155 missas
1166 3087 1384 3165 adventitias,
1404 3089 1524 3150 tenen-

347 3199 402 3262 tur
414 3195 457 3260 ad
473 3196 596 3262 dictam
611 3199 974 3276 subministrationem,
991 3203 1159 3283 quatenus
1181 3195 1384 3280 permittunt
1396 3191 1471 3258 illes
1486 3191 1522 3258 in

347 3321 409 3369 sua
423 3304 567 3369 ecclesie
582 3305 756 3372 celebrari.

385 3413 418 3476 5ο
430 3413 529 3496 Apud
538 3413 705 3490 doctores,
718 3415 833 3500 plures
844 3416 901 3481 alii
913 3434 1013 3482 casus
1022 3416 1058 3480 in
1072 3413 1342 3481 controversiam
1357 3412 1519 3476 veniunt:

346 3519 465 3584 Utrum
485 3521 649 3604 colligens
672 3541 715 3588 ex
740 3523 852 3590 ottlcio
877 3524 1114 3607 eleemosynas
1135 3541 1197 3606 pro
1217 3521 1331 3586 missis
1352 3521 1395 3585 ab
1414 3517 1522 3584 altero

344 3629 566 3706 celebrandis,
582 3633 690 3714 possit
710 3632 837 3717 aliquid
856 3634 1003 3698 retinere
1024 3651 1086 3718 pro
1106 3637 1181 3698 rata
1194 3635 1290 3716 parte
1306 3629 1359 3694 sui
1373 3626 1522 3695 laboris?

346 3737 439 3802 blulti
459 3743 634 3820 etgraves
652 3741 803 3823 theologi
824 3743 997 3810 aillrmant
1010 3742 1113 3825 (apud
1132 3741 1165 3805 S.
1185 3742 1269 3822 lig„
1294 3737 1404 3803 Theoi.
1422 3753 1521 3812 mor„

305 3883 308 3888 ·
345 3843 368 3908 l.
382 3844 433 3920 Vl,
451 3865 485 3909 n.
499 3846 579 3923 329).
597 3845 716 3912 Utrum
726 3849 885 3914 sacerdos
892 3851 947 3914 cui
956 3849 1057 3915 hodie
1072 3849 1217 3915 offertur
1224 3845 1386 3930 pinguius
1396 3843 1522 3926 stipen-

346 3951 441 4016 dium
464 3957 502 4016 ut
523 3953 683 4032 celebret,
704 3961 740 4020 et
759 3957 880 4042 nequit
899 3977 961 4041 per
982 3977 1019 4023 se
1041 3957 1143 4023 hodie
1164 3957 1336 4022 celebrare
1353 3953 1396 4018 ad
1414 3951 1522 4014 inten-

347 4060 477 4124 tionem
500 4060 628 4138 dentis,
653 4064 761 4145 possit
787 4083 969 4148 procumrc
993 4070 1032 4129 ut
1054 4065 1141 4130 alius
1169 4063 1318 4128 celebret
1345 4078 1406 4144 pro
1434 4059 1520 4141 ipso,

346 4167 549 4250 promittens
564 4169 618 4236 die
633 4173 781 4238 crastina
791 4173 963 4240 celebrare
977 4192 1039 4258 pro
1052 4172 1130 4238 illo?
1142 4171 1350 4255 supponitur
1363 4165 1454 4252 quod
1466 4165 1522 4229 sti-

347 4274 513 4357 pendium
526 4295 597 4342 non
613 4279 679 4343 tuit
692 4279 811 4345 datum
825 4286 864 4345 ut
879 4281 935 4346 ille
950 4279 1109 4347 sacerdos
1124 4277 1349 4364 personaliter
1361 4274 1520 4348 celebret,

347 4381 407 4446 sed
436 4387 570 4448 tentum
593 4390 632 4448 ut
655 4387 757 4452 bodie
783 4387 984 4454 celebretur.
1010 4389 1113 4454 Juxta
1134 4386 1316 4472 quosdam,
1340 4383 1522 4448 baberetur

348 4493 481 4554 tantum
507 4490 599 4556 licito
625 4496 832 4576 permutatio
861 4497 1044 4562 missarum
1070 4499 1105 4559 et
1131 4495 1284 4568 dierum;
1309 4494 1409 4574 juxto
1437 4487 1521 4552 alios

347 4595 471 4662 melius
487 4601 685 4678 sentientes,
707 4603 740 4669 id
755 4623 825 4670 non
846 4611 964 4688 posset
984 4604 1138 4669 excusari
1153 4621 1172 4667 a
1187 4601 1299 4685 specie
1315 4598 1422 4684 turpis
1436 4615 1522 4664 incr·

347 4704 495 4772 cimonii.
514 4707 564 4774 lte
578 4709 610 4774 S.
628 4710 697 4792 big.
715 4711 797 4792 (loco
811 4713 878 4792 cit.)
894 4717 973 4796 post
986 4711 1121 4778 oenein.
