3504 5566
595 731 831 840 VARIA
866 723 1306 836 DOGUMENTA

793 959 859 1007 tinet
873 957 959 1006 aldais
972 957 1117 1014 ῦΰΒῐΙθΙΙ

429 1137 488 1184 DE
507 1135 672 1190 QUIBUS
694 1135 848 1184 AGTUM
869 1135 916 1182 IN
937 1132 1074 1183 LIBRO
1095 1133 1127 1180 11
1147 1131 1473 1182 DECRETALIUM

726 1347 1183 1404 ..W

788 1637 941 1714 sectio
967 1639 1121 1714 enine.

720 1819 762 1864 DE
790 1816 968 1864 Processu
994 1814 1187 1863 SUHARIO.

369 2125 387 2172 i.
406 2119 587 2172 instructio
605 2119 637 2170 Β.
658 2119 776 2186 coram.
796 2117 838 2170 de
858 2115 1080 2183 properanda
1098 2115 1181 2168 risle
1199 2115 1241 2170 ele
1260 2115 1356 2168 modo
1376 2115 1542 2168 servando

400 2200 442 2252 ab
463 2199 627 2266 episcopis
637 2199 890 2250 Foederatorum
911 2197 1188 2262 septentrionalia
1208 2195 1371 2248 Amorion
1385 2195 1545 2249 sutum

399 2280 436 2330 in
449 2277 686 2344 coemendis
702 2281 737 2330 et
752 2277 954 2330 claudendis
970 2276 1081 2330 unsis
1096 2276 1330 2329 criminalibus
1346 2278 1381 2328 ei
1396 2274 1542 2342 discipli·

401 2359 541 2412 naribus
554 2358 762 2412 densorum.

406 2485 548 2554 Quamvis
569 2483 730 2542 concilium
753 2483 922 2558 plenarium
944 2484 1161 2544 Baitimorense
1184 2486 1218 2553 ii,
1233 2483 1271 2542 eb
1285 2482 1456 2556 apostolica
1470 2482 1544 2540 Sede

371 2573 570 2646 recognitum,
590 2573 700 2632 certem
723 2573 883 2647 quemdam
906 2573 1012 2648 judicii
1028 2573 1165 2645 formam,
1182 2573 1244 2646 jam
1268 2577 1357 2631 enea
1380 2571 1544 2631 aeonoiiio

371 2662 546 2738 provinciali
560 2663 589 2720 S.
607 2661 747 2722 Lndovici
764 2663 919 2734 sancitam,
934 2663 964 2721 in
980 2662 1188 2722 criminalibus
1202 2661 1379 2721 clericorum
1394 2659 1495 2720 causis
1506 2659 1543 2718 ab

371 2753 585 2812 ecciesiasticis
604 2753 686 2812 curis
701 2753 878 2814 dioecesium
892 2753 1112 2814 Foederatorum
1132 2751 1375 2826 septentrionalis
1402 2750 1543 2810 Ameriae

372 2845 507 2901 statuum
525 2843 742 2916 pertractandis
768 2845 948 2904 serrandum
964 2859 1033 2904 esse
1053 2843 1226 2914 decreverit,
1248 2841 1430 2916 experientia
1446 2845 1543 2899 tamen

371 2938 556 3005 compertum
570 2937 627 3003 est,
643 2938 789 2992 statutum
802 2934 907 3007 judicii
918 2934 1054 2993 ordinem
1061 2933 1141 2993 haud
1155 2933 1356 3006 undequaque
1366 2945 1467 3004 parem
1478 2943 1544 2988 osse

371 3021 407 3080 ad
422 3021 559 3094 quereias
572 3035 676 3080 eorum
691 3023 911 3095 praestandas,
927 3037 1005 3098 quos
1027 3036 1117 3096 poena
1132 3021 1233 3095 aliqua
1254 3020 1391 3079 mulctari
1411 3018 1545 3094 contige·

281 3157 294 3176 ,
372 3109 420 3166 rit.
445 3111 528 3181 Saepe
551 3108 631 3167 enirn
647 3111 809 3182 postremis
824 3111 907 3170 bisce
929 3110 1115 3184 temporibus
1134 3109 1253 3180 eccidit,
1266 3113 1301 3168 ut
1314 3106 1481 3182 presbyteri
1497 3107 1546 3179 ju·

372 3199 458 3257 diciis
474 3209 509 3257 ea
527 3199 640 3258 ratione
663 3199 746 3259 initis
769 3200 900 3274 latisque
921 3201 1079 3259 sententiis
1103 3199 1246 3270 damnati,
1261 3197 1365 3257 remoti
1382 3197 1546 3271 presertim

372 3289 409 3346 ab
424 3288 523 3348 officio
533 3289 657 3348 rectoris
668 3289 862 3361 missionarii‚
873 3291 932 3349 hue
942 3289 1014 3350 iiiuc
1027 3289 1064 3348 de
1080 3290 1145 3348 suis
1160 3288 1292 3362 prelatis
1310 3287 1468 3360 conquesti
1483 3287 1547 3345 iue-

372 3379 443 3448 rint,
466 3384 496 3438 et
509 3380 681 3452 frequenter
702 3381 791 3438 etiam
812 3379 848 3438 ad
870 3379 1070 3453 apostolicam
1090 3377 1194 3437 sedem
1215 3391 1357 3437 recursus
1374 3376 1545 3435 detulerint.

373 3469 538 3528 [iciendum
562 3475 660 3529 autem
682 3477 727 3529 est
749 3487 809 3529 non
839 3485 905 3529 raro
931 3471 1049 3529 evenire
1076 3475 1109 3528 ut
1133 3468 1322 3527 transmissis
1347 3466 1545 3538 aetis'piura,

372 3573 467 3631 eaque
479 3561 659 3630 necessaria,
673 3561 881 3620 desiderentur
894 3565 993 3634 etque,
1008 3559 1166 3634 perpensis
1180 3557 1332 3628 omnibus
1349 3557 1451 3632 gravia
1466 3571 1547 3630 saepe

373 3648 464 3707 dubia
473 3649 696 3709 oriantureirca
710 3649 799 3708 fidem
809 3650 1000 3710 documentis
1012 3649 1096 3709 hisee
1110 3651 1141 3708 in
1152 3650 1256 3710 causis
1271 3647 1370 3708 allatis
1380 3647 1546 3707 habendam

373 3739 419 3796 vel
434 3739 651 3812 denegandam.

410 3831 480 3898 Quae
496 3829 596 3887 omnia
620 3831 649 3887 S.
667 3830 866 3904 congregatio
889 3829 957 3888 iidei
983 3829 1183 3904 propaganda
1204 3831 1362 3904 praeposita
1385 3831 1465 3889 serio
1482 3843 1547 3903 per·

375 3917 520 3990 pendens,
535 3917 655 3990 aliquod
669 3919 833 3977 remedium
852 3919 936 3978 hisce
951 3919 1149 3978 incommodis
1162 3920 1338 3992 parendum,
1354 3935 1389 3979 ac
1405 3921 1446 3978 ita
1455 3921 1547 3994 justi-

374 4008 423 4065 tiae
437 4007 657 4066 consulendum
678 4023 745 4068 esse
760 4009 880 4066 censuit
901 4013 935 4066 ut
949 4023 1047 4082 neque
1068 4010 1205 4068 insontes
1220 4010 1320 4068 cleriei
1341 4025 1393 4082 per
1407 4011 1547 4084 injuriam

374 4113 463 4170 poena
477 4097 656 4170 efficiantur,
671 4113 768 4171 neque
778 4098 907 4172 alicujus
920 4099 1056 4159 criminis
1069 4101 1111 4158 rei
1126 4099 1164 4158 ob
1179 4101 1281 4159 minus
1297 4107 1407 4160 rectem
1419 4102 1546 4175 iudicio-

375 4202 441 4246 rum
456 4187 582 4246 iormem
598 4202 616 4246 a
637 4189 797 4261 promerita
814 4204 903 4262 poena
916 4190 1067 4250 immunes
1082 4191 1218 4250 evadant.
1235 4191 1318 4261 Quod
1333 4192 1453 4265 quidem
1469 4192 1547 4251 iaoiii

373 4283 460 4350 paeto
474 4277 632 4348 obtineret,
646 4278 672 4337 si
688 4293 795 4337 ornnes
810 4279 1053 4352 proscriptiones
1069 4296 1086 4338 a
1105 4280 1200 4339 sacris
1215 4281 1383 4338 canonibus
1398 4281 1549 4354 sapienter

374 4365 468 4426 editas
489 4381 543 4440 pro
564 4367 776 4428 ecclesiasticis
792 4368 926 4442 judiciis,
941 4370 1107 4442 presertim
1129 4370 1348 4440 criminalibus,
1363 4371 1505 4430 ineundis
1520 4378 1548 4430 et

374 4454 565 4514 absolvendis
590 4457 753 4516 servandas
777 4458 901 4516 omnino
924 4474 992 4518 esse
1011 4460 1193 4533 preciperet.
1207 4463 1316 4519 Verum
1335 4458 1436 4518 animo
1459 4475 1548 4532 repu-

375 4549 451 4614 tans,
473 4545 504 4602 in
526 4545 676 4618 predictis
698 4547 916 4606 Foederatorum
939 4551 1073 4608 statuum
1093 4547 1269 4623 regionibus
1291 4549 1319 4607 id
1336 4548 1421 4607 iaeile
1436 4549 1547 4607 servari

375 4647 434 4688 non
464 4647 565 4705 posse,
590 4649 625 4692 ea
651 4635 767 4694 ratione
792 4637 1007 4709 providendum
1031 4652 1100 4696 esse
1120 4637 1216 4708 duxit,
1240 4643 1273 4696 ut
1296 4637 1402 4697 saitem
1433 4637 1491 4709 illae
1511 4637 1547 4696 de

375 4720 506 4781 admisso
531 4723 656 4784 crimine
684 4731 822 4786 accurate
846 4731 1028 4802 peragantur
1052 4726 1311 4802 investigationes,
1336 4741 1404 4801 qun
1424 4727 1548 4786 omnino
