3504 5572
378 557 438 622 ὅθ
837 574 890 620 aas
910 573 1090 620 eanonicus.

380 695 510 762 tionem
523 695 678 760 taciatex
691 693 790 758 bonis
805 691 978 770 debitoris,
994 709 1075 756 cum
1085 694 1144 776 jus
1156 692 1219 758 sibi
1231 691 1344 758 dicere
1357 708 1460 758 nemo
1479 711 1556 776 pos-

380 804 437 867 sit:
451 821 559 877 secus,
573 801 769 884 occupando
779 801 870 866 bona
878 800 1051 878 debitoris,
1066 819 1187 885 poenas
1202 799 1401 866 invasorum
1415 799 1557 866 incurrit

380 915 414 976 et
439 909 608 976 actionem
636 909 757 994 perdit.
780 909 876 974 Prius
897 925 980 990 ergo
1002 907 1348 974 debetsmtcebttiter
1366 908 1556 974 debitorem

379 1018 562 1085 convenire
576 1039 583 1094 ;
600 1018 723 1084 sivero
740 1018 805 1082 boc
819 1035 889 1083 non
909 1017 1065 1094 sufficiat,
1078 1021 1160 1082 tunc
1171 1017 1265 1085 adire
1278 1016 1381 1082 debet
1391 1017 1553 1101 Judicem,

381 1128 438 1212 qui
452 1127 641 1193 debitorem
652 1127 733 1191 citet
746 1130 782 1190 et
793 1125 1000 1192 solutionem
1013 1125 1204 1192 taciendam
1217 1126 1408 1209 imperabit.

419 1235 452 1298 θ’
464 1234 582 1312 Quoad
597 1233 796 1311 debitorem,
812 1235 841 1298 si
855 1235 1031 1317 bonaejus
1043 1237 1124 1299 sunt
1134 1232 1376 1300 insufficientia
1386 1234 1430 1300 ad
1444 1234 1558 1301 debita

380 1341 555 1418 solvenda,
571 1346 695 1428 potest,
713 1340 756 1406 ad
767 1341 965 1408 instantiam
981 1339 1083 1406 unius
1104 1340 1161 1405 vel
1174 1340 1323 1425 plurium
1337 1341 1555 1417 creditorum,

381 1453 515 1519 detrudi
529 1453 566 1518 in
573 1469 756 1528 carcerem,
764 1453 864 1536 juxta
880 1449 1110 1516 illudaxioma
1120 1471 1127 1514 ε
1139 1475 1155 1509 c
1165 1449 1228 1528 Qui
1238 1468 1309 1516 non
1320 1451 1424 1517 babet
1433 1450 1469 1516 in
1477 1468 1555 1527 aare,

379 1563 501 1646 lustin
515 1566 603 1628 onte.
622 1587 638 1620 s
652 1559 779 1626 Tamen
794 1561 822 1624 si
844 1560 1011 1626 bonasus
1025 1559 1142 1626 omnia
1158 1560 1383 1626 creditoribus
1397 1559 1555 1636 dimittat,

380 1677 416 1738 et
429 1671 606 1755 promittat
618 1690 655 1736 se
675 1669 928 1736 satisfacturum
939 1687 1001 1751 pro
1015 1669 1165 1746 residuo,
1190 1687 1270 1760 cum
1284 1669 1327 1734 ad
1342 1669 1558 1752 pinguiorem

379 1780 554 1846 fortunam
567 1779 711 1855 venerit,
727 1796 899 1845 carcerem
914 1778 1066 1860 effugere
1080 1776 1215 1860 poterit.
1233 1776 1301 1842 Sed
1313 1777 1378 1842 boc
1392 1778 1557 1842 beneflcio

380 1888 545 1954 cessionis
561 1907 632 1954 non
646 1887 798 1970 gaudent
811 1887 916 1962 iures,
932 1885 1077 1970 prodigi,
1094 1884 1334 1968 dilapidatores
1349 1891 1384 1952 et
1398 1886 1454 1952 alii
1468 1904 1558 1952 com·

380 1999 599 2066 miseratione
613 1997 754 2080 indigni.

419 2108 496 2184 Sed,
513 2127 558 2172 ex
570 2106 678 2173 altera
692 2110 799 2191 parte,
814 2107 846 2170 3⁰
863 2111 944 2172 sunt
956 2105 1113 2191 quaedam
1126 2123 1281 2190 personae
1295 2124 1370 2192 quae
1383 2107 1559 2173 conveniri

382 2220 558 2301 nequeunt
571 2214 661 2281 ultre
671 2215 706 2280 id
727 2214 830 2301 quod,
844 2233 997 2296 congrue
1010 2215 1259 2280 sustentatione
1269 2219 1413 2292 retenta,
1425 2215 1558 2281 solvere

381 2329 549 2410 possunt:
569 2325 697 2391 babent
715 2323 807 2390 enim
826 2323 1043 2407 privilegium
1063 2324 1312 2408 competentia.
1336 2323 1445 2390 Causa
1465 2343 1559 2392 reve-

382 2436 512 2508 rentiae,
529 2434 664 2518 pietatis
679 2437 715 2498 et
728 2433 941 2499 necessitatis
957 2433 1079 2498 suadet
1091 2437 1201 2498 certas
1215 2451 1379 2517 personae
1394 2452 1464 2500 non
1483 2451 1559 2498 esse

381 2542 660 2608 condemnandas
680 2541 769 2606 ultra
781 2540 815 2606 id
830 2541 923 2626 quod
936 2542 1048 2607 iacere
1060 2545 1216 2626 possunt.
1233 2541 1413 2625 Privilegio
1425 2560 1559 2628 compe-

383 2652 497 2716 tentiae
514 2650 675 2715 fruuntur
697 2655 857 2733 parentes
871 2649 1037 2715 adversus
1058 2650 1194 2728 liberos,
1210 2647 1307 2717 liberi
1321 2650 1487 2716 adversus
1503 2669 1560 2734 pa-

382 2763 509 2834 rentes,
526 2757 750 2824 ascendentes
769 2762 926 2842 respectu
946 2759 1239 2838 descendentium,
1265 2763 1301 2824 et
1321 2758 1481 2835 vicissim,
1504 2759 1561 2826 do-

384 2873 492 2944 nater,
519 2867 546 2930 si
569 2867 794 2933 conveniatur
820 2887 864 2932 ex
884 2867 1080 2944 donatione,
1098 2869 1181 2934 socii
1207 2867 1364 2952 ejusdem
1390 2867 1560 2934 societatis

383 2976 548 3041 adversus
559 2977 680 3053 socios,
697 2994 795 3054 uxor,
813 2976 842 3039 si
860 2977 1119 3042 conveniatura
1139 2976 1263 3042 marito
1278 2996 1322 3041 ex
1334 2977 1560 3060 promissione

383 3083 483 3159 dotis,
497 3083 659 3149 mulieres
673 3085 826 3150 honesta
844 3085 887 3149 ob
902 3083 1069 3167 pudorem
1085 3102 1200 3160 sexus,
1215 3083 1352 3160 milites,
1369 3087 1432 3148 etc.

425 3192 490 3258 Sed
510 3192 685 3276 speciatim
697 3191 731 3256 4ο
745 3191 857 3276 quoad
871 3191 1023 3268 elericos,
1039 3192 1095 3256 isti
1108 3192 1143 3256 in
1156 3193 1355 3276 majoribus,
1371 3191 1427 3256 vel
1445 3191 1558 3267 etism,

381 3305 481 3384 juxta
491 3300 617 3384 plures,
631 3300 667 3362 in
681 3299 870 3366 minoribus
885 3299 1072 3375 constituti,
1089 3301 1251 3364 fruuntur
1272 3287 1451 3384 privilegio
1471 3317 1561 3367 com-

384 3407 554 3492 petentiae,
567 3411 606 3472 ut
618 3412 753 3472 constat
766 3427 808 3472 ex
822 3425 896 3490 cap.
910 3409 931 3470 3
944 3408 1016 3492 huj.
1035 3408 1085 3471 tit.
1102 3406 1168 3472 Sed
1180 3407 1291 3473 adhue
1301 3427 1441 3474 necesse
1456 3413 1510 3473 est
1524 3411 1564 3472 ut

383 3519 518 3582 constet
531 3515 573 3580 de
589 3515 713 3598 inopia,
731 3519 766 3579 et
778 3514 827 3578 illi
842 3514 954 3580 clerici
968 3515 1037 3579 sint
1049 3515 1169 3598 inopes
1183 3533 1227 3580 ex
1240 3533 1344 3582 cauea
1356 3515 1561 3602 incidpabili,

385 3629 421 3689 et
433 3623 511 3689 ideo
525 3623 775 3688 conveniantur
789 3622 939 3688 incensa
953 3621 1056 3698 civili,
1070 3623 1140 3687 imo
1153 3623 1366 3707 etpersonali
1376 3645 1383 3700 ;
1393 3643 1474 3690 nam
1483 3643 1564 3692 con-

384 3735 508 3796 ventus
535 3729 668 3794 actione
689 3729 772 3795 reali
796 3747 865 3795 non
882 3734 996 3814 potest
1016 3729 1065 3793 uti
1087 3731 1153 3796 hoc
1175 3731 1364 3814 privilegio,
1382 3731 1473 3815 quod
1487 3751 1564 3817 per-

385 3839 502 3905 sonale
516 3839 681 3904 duntaxat
697 3842 768 3914 est,
785 3855 926 3903 necesse
941 3843 994 3903 est
1006 3839 1109 3904 etiam
1131 3844 1169 3904 ut
1184 3838 1326 3904 clericus
1340 3845 1565 3923 recognoscat

386 3951 421 4012 et
442 3946 590 4012 fateatur
605 3944 769 4024 debitum,
788 3949 890 4029 atque
905 3946 996 4011 bona
1010 3965 1073 4012 sua
1087 3965 1158 4012 non
1177 3945 1332 4012 occultet.
1350 3947 1467 4014 Clerici
1484 3949 1564 4014 huic

386 4055 562 4139 privilegio
577 4053 773 4120 renuntiare
788 4059 976 4138 nequeunt,
993 4056 1073 4140 quia
1086 4073 1289 4122 concessum
1299 4062 1352 4121 est
1361 4057 1396 4121 in
1408 4058 1562 4124 favorem

377 4147 491 4229 ¹totius
509 4161 643 4244 collegii
659 4161 888 4226 ecclesiastici.
913 4161 1007 4228 idem
1024 4163 1205 4230 dicendum
1233 4169 1286 4229 est
1299 4164 1341 4229 de
1364 4165 1564 4249 parentibus

387 4277 421 4338 et
442 4271 658 4354 conjugibus.
675 4269 726 4334 lta
740 4271 853 4355 quoad
868 4272 984 4337 omnia
995 4275 1053 4355 jus
1072 4272 1182 4349 Rom,
1206 4273 1381 4338 communi
1400 4273 1564 4356 suffragio

385 4381 640 4447 canonistarum
653 4379 889 4463 approbatum,
906 4380 961 4445 cui
976 4385 1144 4446 consonat
1158 4383 1216 4464 jus
1235 4379 1330 4456 Gall,
1348 4379 1480 4447 secluso
1499 4381 1564 4465 pri-

385 4489 511 4572 vilegio
525 4487 774 4572 competentiae,
791 4487 883 4573 quod
899 4487 1022 4553 saltem
1034 4507 1105 4554 non
1120 4493 1199 4571 eget
1214 4489 1457 4573 approbatione
1475 4489 1564 4573 juris

385 4595 505 4672 civilis,
517 4601 591 4662 tum
601 4595 680 4680 quia
689 4595 803 4679 quoad
816 4596 956 4662 clericos
968 4597 1131 4662 tundatur
1140 4595 1175 4660 in
1189 4597 1266 4679 lege
1277 4595 1443 4680 superiori
1456 4596 1564 4664 Eccle-

388 4703 457 4779 siae,
474 4709 548 4769 tum
564 4702 814 4788 quiaproxime
828 4703 1004 4770 descendit
1017 4703 1126 4786 alege
1141 4702 1286 4768 naturali
1298 4703 1410 4786 quoad
1425 4704 1520 4770 alios.
