3498 5572
539 611 626 656 nsnn
648 591 775 657 verrius
796 613 1017 658 nncasrsmun.
1309 593 1369 662 443

186 729 259 795 luta
284 729 405 793 fuisset
417 731 561 804 extorta,
579 731 639 792 ant
660 746 703 791 ex
717 728 898 811 praecipitis
914 729 1018 794 animi
1046 731 1205 812 passione
1231 733 1368 808 emissa,

187 857 257 903 non
270 841 362 902 essct
376 842 506 910 votum;
523 854 604 900 nam
626 835 670 901 ad
697 837 767 902 voti
786 836 1008 912 validitatem,
1037 843 1075 901 ut
1091 839 1278 904 ostendunt
1295 840 1368 916 ΤΤ.,

187 946 378 1027 generatim
404 945 590 1028 requiritur
605 944 763 1009 discretio
778 948 890 1029 major
910 965 1013 1030 quam
1028 946 1071 1011 ad
1087 953 1266 1030 peccatum
1281 967 1372 1012 mor-

190 1053 266 1120 tale.
282 1053 348 1117 Sed
364 1053 477 1137 quoad
491 1054 564 1118 haro
576 1071 652 1136 qua
662 1055 777 1120 forum
788 1054 964 1119 internum
973 1055 1253 1137 respiciunt‚vide
1261 1075 1372 1122 mora-

188 1165 294 1228 listas.

228 1273 261 1336 3⁰
278 1297 293 1330 «
305 1272 375 1336 beo
389 1272 479 1336 facta
492 1294 519 1346 n,
537 1275 572 1335 et
587 1288 657 1335 non
670 1271 771 1336 elicui
783 1277 965 1348 creaturae3
983 1273 1063 1356 quia
1077 1277 1197 1337 votum
1212 1277 1265 1337 est
1278 1278 1374 1338 actus

189 1380 366 1462 religionis
381 1397 441 1443 scu
456 1378 574 1454 latria,
590 1398 657 1463 qna
671 1379 868 1445 immediate
876 1380 985 1444 Deum
1000 1385 1164 1464 tanquam
1178 1399 1375 1465 supremam

191 1492 409 1572 majestatem
423 1487 580 1552 colimus.
596 1487 746 1552 Tandem

230 1599 263 1662 40
279 1621 295 1656 «
307 1599 354 1662 De
368 1597 611 1662 bono'meliore
624 1618 651 1672 »;
667 1598 749 1664 alias
764 1598 846 1690 neo,
856 1603 975 1681 utpote
990 1599 1217 1676 sanctissimo,
1229 1617 1299 1664 non
1309 1600 1376 1682 pla-

192 1711 294 1784 ceret,
305 1706 333 1770 si
349 1709 441 1770 esset
453 1705 614 1786 obligatio
626 1705 668 1770 ad
684 1706 879 1771 laciendum
891 1707 1007 1798 minus
1019 1707 1148 1770 bouum
1162 1725 1169 1780 ;
1185 1725 1287 1788 porro
1302 1726 1377 1790 pro·

191 1816 310 1881 missio
334 1834 405 1880 non
431 1814 570 1896 obligat,
599 1815 666 1878 nisi
690 1834 710 1880 a
730 1815 951 1898 promissorio
979 1819 1183 1898 acceptetur.
1212 1815 1278 1879 Sed
1297 1814 1377 1898 quid

192 1925 332 2007 praecise
359 1922 569 2004 intelligatur
592 1941 653 2006 per
674 1923 804 1986 bonum
827 1922 975 1986 melius?
1000 1923 1067 1986 Res
1085 1923 1253 2006 promissa
1268 1927 1321 1987 est
1336 1921 1377 1986 de

192 2031 334 2097 meliore
345 2032 448 2107 bono,
466 2029 604 2112 quando
620 2033 672 2095 est
687 2030 756 2094 lleo
768 2031 879 2111 magis
893 2035 991 2111 grata
1001 2029 1202 2114 quamillins
1212 2031 1261 2094 rei
1278 2049 1378 2113 oppo-

193 2141 307 2215 situm,
326 2158 387 2204 seu
402 2138 594 2220 generatim
614 2155 684 2201 non
710 2141 763 2201 est
791 2137 989 2220 impeditiva
1012 2137 1153 2219 majoris
1182 2139 1262 2202 boni
1287 2138 1377 2222 qnod

193 2249 268 2333 quis
284 2253 361 2314 actu
372 2248 495 2312 habet:
512 2267 544 2311 v.
568 2265 601 2327 g.
626 2247 837 2310 matrimonii
856 2245 1038 2329 promissio
1053 2265 1123 2311 non
1146 2251 1238 2311 esset
1251 2247 1293 2312 de
1307 2265 1379 2311 me-

191 2357 267 2423 liori
296 2359 397 2431 bono,
425 2356 505 2438 quia
533 2353 683 2420 excludit
702 2358 830 2419 statum
853 2353 1053 2436 religiosum
1068 2359 1102 2418 et
1116 2355 1320 2430 caelibatum,
1334 2373 1377 2419 ex

196 2470 319 2530 nature
333 2483 395 2528 sua
409 2465 630 2546 perfectiores
644 2468 735 2527 statu
750 2463 1003 2528 matrimoniali.

234 2572 395 2653 Theologi
405 2572 643 2636 demonstrant
652 2571 819 2636 adversus
828 2573 1007 2636 haereticos
1019 2571 1150 2636 licitum
1159 2589 1377 2646 essevovere,

194 2687 232 2744 ut
257 2685 352 2764 petet
379 2699 421 2744 ex
444 2679 624 2762 Scripturis
649 2684 684 2744 et
705 2699 749 2744 ex
775 2681 907 2744 ratione
934 2681 1093 2757 naturali,
1126 2697 1202 2764 quae
1232 2679 1382 2744 ostendit

194 2794 315 2853 votum
333 2805 409 2852 esse
425 2788 568 2852 modum
579 2787 786 2854 laudabilem
799 2788 932 2855 colendi
947 2790 1069 2864 Deum,
1091 2789 1216 2872 quippe
1240 2806 1319 2852 cnm
1339 2788 1382 2851 sit

197 2897 237 2961 de
254 2899 345 2962 bono
361 2897 513 2962 meliore.

236 3007 265 3088 b)
278 3007 403 3070 Votum
417 3005 509 3069 varie
521 3005 692 3070 dividitur.
708 3005 1105 3090 Expartereiprcmissae
1117 3005 1296 3070 dividitur:
1307 3004 1382 3068 l⁰in

195 3132 372 3180 commune
386 3131 446 3178 seu
462 3115 702 3191 necessarium,
725 3117 826 3196 cujus
846 3115 991 3179 materie
1012 3118 1065 3178 est
1078 3131 1134 3178 res
1149 3117 1328 3196 praecepta,
1345 3115 1383 3175 ut

196 3223 224 3286 si
248 3240 376 3287 voveas
391 3240 461 3285 non
482 3209 598 3296 furari,
617 3225 652 3284 et
669 3221 843 3305 sz'npulure
858 3243 920 3288 sen
945 3222 1098 3302 liberum,
1121 3223 1221 3303 cujus
1239 3219 1384 3286 materia

197 3335 250 3394 est
263 3329 407 3405 consilii,
425 3335 463 3392 nt
476 3329 504 3392 si
519 3346 647 3394 voveas
661 3331 910 3396 continentiam
930 3351 937 3406 ;

236 3438 268 3500 Ψ
285 3437 323 3500 ln
337 3437 440 3513 reale,
451 3437 632 3520 personale
647 3443 682 3502 et
695 3440 843 3503 mz'atum
860 3457 872 3503 r
894 3438 985 3504 reale
1006 3443 1059 3504 est
1075 3457 1142 3522 qno
1165 3456 1220 3503 res
1243 3443 1385 3503 externa

197 3546 418 3631 promittitur,
444 3551 483 3608 ut
506 3547 662 3628 pecunia,
688 3548 813 3612 domus
834 3565 896 3631 pro
911 3547 1077 3624 Ecclesia;
1100 3547 1292 3631 personale,
1317 3565 1384 3630 quo

197 3655 335 3737 propria
349 3655 498 3719 bominis
513 3656 601 3720 actio
617 3655 672 3720 vel
688 3658 764 3738 ejus
783 3655 935 3732 omissio,
964 3660 1003 3718 ut
1031 3673 1140 3730 orare,
1169 3655 1338 3720 abstinere
1365 3673 1386 3719 a

197 3762 366 3836 carnibus,
386 3767 549 3838 vovetur;
571 3762 730 3838 mixtum,
748 3765 847 3844 cujus
871 3763 1044 3844 objectum
1069 3768 1122 3826 cst
1146 3762 1249 3826 simul
1274 3780 1329 3826 res
1350 3766 1384 3825 et

199 3869 297 3944 actio,
315 3873 353 3931 ut
366 3868 596 3950 peregrinatio
613 3867 715 3932 simul
726 3887 805 3932 cum
821 3867 993 3933 oblatione
1007 3868 1181 3944 facienda;

240 3976 540 4061 3⁰1npeperuum
565 3981 600 4040 et
621 3975 818 4060 temporale,
838 3979 941 4058 prout
955 3975 1117 4056 obligatio
1138 3994 1200 4058 pro
1223 3981 1293 4041 tota
1314 3977 1385 4040 vita

201 4085 393 4166 suscipitur,
410 4083 466 4147 vel
482 4101 544 4165 pro
558 4083 704 4147 limitato
715 4087 880 4165 ternpore.

239 4191 271 4256 40
287 4191 326 4254 ln
340 4197 549 4254 reservatum
565 4194 600 4254 et
612 4208 680 4252 non
694 4196 915 4264 reservatum,
932 4193 1034 4272 prout
1055 4189 1282 4272 dispensabile
1297 4195 1386 4256 esta

201 4300 274 4365 solo
289 4301 444 4364 Romano
460 4299 635 4374 Pontissoe,
650 4297 706 4362 vel
721 4297 825 4362 etiam
840 4299 882 4362 ab
896 4298 1119 4362 inferioribus
1132 4297 1290 4381 praelatis.

240 4409 289 4470 Ex
302 4412 398 4490 parte
408 4406 645 4489 promissionis
662 4404 824 4469 dividitur
838 4425 844 4467 :
860 4406 892 4468 10
906 4406 942 4468 in
956 4405 1159 4482 absolutum,
1177 4405 1384 4470 conditionu-

202 4526 274 4580 tum
290 4515 468 4599 etpoenulc
483 4534 494 4578 .·
509 4515 704 4578 absolutum
721 4520 773 4578 est
788 4513 916 4597 quoda
937 4512 1031 4578 nulla
1047 4513 1242 4578 conditione
1260 4515 1385 4598 depen-

203 4624 270 4701 det,
284 4624 343 4688 sed
358 4624 498 4706 praecise
507 4623 550 4688 ad
564 4624 800 4688 honoremDei
812 4623 954 4698 elicitur,
967 4627 1006 4686 nt
1020 4623 1151 4704 ingredi
1162 4622 1383 4704 religionem

202 4733 484 4812 conditionatum,
506 4733 596 4820 quod
623 4733 751 4817 pendet
778 4731 1022 4808 accumbens,
1045 4737 1079 4796 et
1103 4731 1304 4815 plerumque
1323 4733 1385 4798 im-
