3510 5574
406 541 466 604 iti
869 557 920 604 tas
941 560 1121 606 assessoris.

407 673 525 738 titulus
541 673 696 738 beneficii
714 675 749 738 in
765 675 891 740 sicario
906 676 964 758 qui
978 675 1071 740 tices
1088 675 1178 758 gerit
1192 673 1399 746 beneficiam
1415 677 1586 736 verumta-

406 801 487 848 men
502 783 648 848 moerim
661 787 860 866 perpetuus,
877 784 942 846 etsi
954 801 1026 848 non
1048 783 1173 848 babeat
1186 781 1323 846 titulum
1342 781 1510 856 beneficii,
1527 780 1584 844 ha-

404 889 463 955 bet
477 895 592 956 tamen
602 893 662 974 jus
675 890 711 954 in
725 890 903 966 beneflcio,
919 908 964 954 ex
980 908 1010 956 c.
1026 890 1066 954 ii
1080 891 1123 955 de
1134 889 1294 975 Rescript.

803 1081 834 1134 11.
851 1079 957 1134 Divisio
969 1079 1183 1136 beneficiorum.

445 1217 478 1300 a)
493 1215 699 1282 Benetleium
711 1215 874 1282 dividitur
887 1217 924 1280 in
936 1215 1098 1282 secutam
1116 1221 1152 1280 et
1168 1215 1337 1299 reputare.
1352 1213 1504 1279 Primum
1517 1212 1585 1278 cle-

403 1326 481 1390 ricis
495 1323 724 1402 sacularibus,
737 1326 771 1390 b.
784 1345 815 1390 e.
828 1323 958 1392 nnllam
969 1323 1115 1408 abcujus
1128 1324 1257 1390 ordinis
1266 1323 1417 1406 religiosi
1429 1321 1585 1405 regulam

402 1435 576 1518 protessis,
592 1434 739 1500 oonierri
759 1433 847 1500 solet
866 1439 901 1498 et
921 1433 1038 1510 debet;
1053 1432 1201 1498 alterum
1222 1433 1397 1498 contestur
1415 1430 1585 1512 religiosis

403 1547 537 1606 tantum
553 1547 589 1605 et
606 1559 669 1625 per
685 1559 746 1608 eos
760 1540 990 1606 administrari
1011 1539 1123 1616 debet,
1139 1539 1585 1622 utsuntabbatiae,p1iora-

403 1655 469 1714 tus.
485 1651 529 1714 At
539 1651 719 1734 sequentia
734 1655 815 1716 sunt
826 1649 999 1715 nomada:

442 1761 474 1822 t·
488 1757 526 1826 ln
540 1759 656 1838 dubio,
672 1761 877 1826 beneficium
890 1764 1052 1826 censetur
1065 1760 1238 1838 waslare,
1257 1761 1338 1844 quis
1352 1758 1464 1824 clerus
1478 1776 1584 1824 saca

401 1866 483 1933 laris
492 1869 586 1951 prior
598 1873 652 1933 est
665 1873 819 1954 tempore
835 1873 870 1933 et
880 1871 960 1952 jure
975 1868 1068 1934 clero
1085 1868 1245 1950 regulari,
1260 1874 1296 1934 et
1309 1868 1386 1933 ideo
1400 1869 1436 1931 in
1448 1872 1585 1932 contro-

402 1977 515 2043 versia
527 1977 703 2060 regulares
721 1976 887 2044 deberent
903 1979 1048 2062 probare
1069 1979 1275 2045 beneficium
1296 1995 1367 2043 non
1386 1995 1463 2042 esse
1479 1994 1584 2041 saecu

400 2084 482 2154 lare.

440 2196 655 2264 &Beneficia
678 2193 855 2264 secularia
875 2213 946 2262 non
972 2196 1099 2262 debent
1117 2196 1263 2262 conterri
1284 2195 1498 2280 regularibus
1518 2212 1583 2262 neo

399 2304 549 2370 vicissim
561 2311 820 2373 :verumtamen
835 2306 863 2370 si
879 2311 1002 2389 urgeat
1015 2307 1215 2384 necessitas,
1226 2324 1259 2370 v.
1272 2323 1306 2388 g.
1320 2306 1349 2369 si
1365 2303 1507 2370 ecclesia
1520 2321 1583 2390 per

401 2412 576 2496 regulares
590 2413 665 2498 regi
684 2433 724 2482 ac
744 2415 923 2480 reformari
936 2415 1056 2498 possit,
1074 2417 1255 2500 episcopus
1274 2415 1311 2479 in
1329 2413 1387 2480 illa
1405 2418 1520 2498 potest
1533 2413 1582 2478 in·

402 2524 544 2590 stituere
559 2525 699 2592 clericos
713 2523 902 2609 regulares.

441 2632 473 2695 a·
487 2633 543 2698 Aa
556 2633 732 2718 reputares
742 2633 842 2700 bodie
857 2633 983 2718 absque
998 2634 1247 2719 dr'sperssatioae
1256 2633 1435 2720 pontificia
1448 2633 1516 2698 sciat
1529 2651 1582 2698 ca-

397 2757 498 2826 paces
512 2741 725 2808 secusia-am
737 2741 986 2828 parochialium
1000 2743 1238 2808 secularium?
1251 2742 1332 2806 Tres
1350 2747 1432 2806 sunt
1446 2745 1582 2806 senten-

401 2850 466 2914 tiae.
482 2849 601 2916 hena
617 2849 814 2935 simpliciter
827 2852 985 2928 affirmat,
1003 2851 1084 2936 quia
1106 2850 1191 2914 nihil
1215 2851 1425 2916 contrarium
1445 2849 1481 2914 in
1502 2851 1580 2932 jure

399 2955 535 3040 legitur,
550 2965 586 3024 et
597 2977 659 3044 par
672 2965 725 3024 est
738 2961 824 3026 ratio
839 2959 952 3044 quoad
966 2959 1142 3042 regulares
1163 2966 1199 3024 et
1214 2958 1404 3024 saculares.
1422 2957 1582 3023 Secunda

401 3067 579 3150 distinguit
591 3069 682 3134 inter
694 3069 878 3135 canonicos
892 3067 1069 3151 regulares
1091 3075 1126 3134 et
1145 3067 1231 3134 alios
1252 3067 1444 3150 religiosos.
1460 3067 1583 3132 Priori-

401 3175 465 3240 bus
480 3182 613 3242 tantum
633 3178 790 3244 concedit
803 3179 892 3243 hanc
907 3178 1141 3262 capacitatem.
1160 3178 1273 3242 Tertia
1291 3176 1406 3242 verior
1422 3195 1483 3240 seu
1500 3195 1583 3240 vera

401 3285 639 3352 universaliter
646 3293 751 3370 negat
760 3287 802 3352 de
813 3287 985 3364 omnibus,
998 3291 1033 3352 et
1041 3292 1177 3354 constet
1186 3292 1260 3350 tum
1269 3305 1313 3350 ex
1322 3284 1445 3350 decim.
1457 3283 1580 3365 Congr.

401 3392 501 3461 Cone.
517 3395 611 3480 ajal.
629 3397 719 3472 saei,
738 3402 811 3461 tum
826 3396 1006 3479 ex'Gongr.
1023 3396 1080 3481 Ep.
1098 3402 1133 3462 et
1146 3397 1229 3478 Reg.
1246 3395 1301 3461 die
1318 3396 1357 3459 19
1371 3398 1470 3459 mart.
1489 3393 1580 3457 ibit.

441 3501 471 3584 b)
485 3501 653 3568 Dividitur
665 3504 701 3568 in
715 3505 859 3590 simplae
873 3510 908 3568 et
917 3503 1055 3589 duplae.
1069 3503 1219 3588 Simplex
1230 3502 1322 3588 quod
1338 3500 1467 3568 nullam
1479 3501 1583 3584 juris-

402 3610 596 3691 dictionem,
612 3611 944 3680 administrationem
958 3613 1014 3680 vel
1028 3632 1147 3680 curam
1166 3614 1360 3680 animarum
1379 3616 1439 3679 aut
1456 3609 1583 3696 specia-

400 3717 470 3784 lem
481 3720 775 3804 praeeminentiam
786 3739 958 3788 annexam
969 3723 1088 3800 hebet;
1101 3722 1193 3788 unde
1205 3721 1333 3804 obliget
1346 3721 1390 3787 ad
1404 3719 1581 3784 servitium

401 3828 516 3894 altaris
537 3829 593 3896 vel
611 3833 843 3898 assistentiam
860 3833 895 3896 in
910 3833 1026 3898 choro.
1041 3831 1245 3917 Hujusmodi
1264 3837 1345 3898 sunt
1362 3829 1582 3896 canonicatus

401 3935 573 4022 pleraeque
593 3938 789 4024 capellaniae
813 3945 848 4005 et
867 3941 1111 4024 praestimonia.
1132 3939 1259 4006 Tamen
1282 3937 1517 4014 canonicatus,
1538 3937 1582 4002 ob

400 4044 664 4128 precellentium
680 4048 936 4126 canonicorum,
953 4048 1113 4114 dicuntur
1133 4049 1299 4114 beneficis
1323 4045 1489 4131 simplicia
1511 4063 1583 4110 ma-

397 4153 491 4234 jora;
519 4159 554 4219 et
580 4155 617 4219 in
642 4157 787 4222 materia
813 4157 932 4224 odiosa
958 4175 998 4224 ac
1025 4158 1062 4222 in
1088 4157 1261 4240 rescriptis
1286 4156 1484 4240 provison'is
1511 4169 1582 4218 non

401 4262 544 4328 veniunt
569 4265 708 4330 nomine
730 4265 886 4332 beneticii
911 4265 1085 4351 simplicis,
1109 4285 1153 4332 ex
1172 4283 1246 4350 cap.
1267 4265 1288 4329 4
1311 4265 1353 4330 de
1375 4261 1580 4342 Prabmdis,

401 4371 436 4434 in
459 4373 502 4436 θ’.
518 4371 727 4440 Beneficium
752 4375 878 4460 duplex
900 4381 954 4440 est
976 4377 1030 4442 cui
1054 4377 1168 4461 aliqua
1191 4374 1345 4460 specialis
1371 4372 1528 4458 qualitas,
1545 4376 1583 4434 ut

401 4481 668 4561 praeminentia,
694 4483 954 4562 administratio,
974 4485 1165 4569 jurisdictio
1192 4483 1249 4551 vel
1271 4503 1354 4550 cura
1376 4485 1579 4554 animarum,

401 4587 562 4672 adjuncta
577 4598 639 4658 est.
656 4593 785 4660 tiorum
799 4601 945 4680 quatuor
959 4601 1040 4660 sunt
1054 4614 1182 4677 genera
1199 4619 1205 4660 :

441 4701 863 4790 t⁰Primumestdipoitos,
874 4725 949 4790 quae
960 4706 1081 4772 dicitur
1091 4707 1228 4790 quando
1239 4707 1270 4771 ei
1280 4725 1415 4773 annexa
1424 4699 1580 4788 estjuris·
