3504 5572
352 569 412 632 296
815 587 866 633 ros
887 587 1066 634 sinoncort.

353 709 392 768 ut
403 705 432 768 si
446 709 582 788 emptor
595 703 694 769 seivit
711 721 786 769 rem
800 723 877 770 esse
892 703 1051 782 alienam,
1067 706 1123 772 vel
1138 707 1166 771 si
1183 707 1250 772 alia
1269 724 1373 772 eausa
1383 711 1478 791 justa
1499 707 1534 772 id

353 811 508 878 suadeat.

394 923 420 1004 c)
434 922 490 988 An
503 922 721 1006 oendipossr't
734 940 787 986 res
800 940 870 986 non
884 923 1051 988 existeres?
1064 923 1137 987 Emi
1151 928 1266 1008 potest
1277 943 1334 990 res
1354 943 1425 990 non
1445 926 1534 990 exis-

353 1035 440 1106 tens,
457 1029 561 1095 modo
577 1032 733 1113 speretur
748 1022 924 1096 exstitura.
941 1031 1068 1096 Tamen
1082 1033 1113 1096 l·
1135 1033 1163 1096 si
1178 1031 1349 1098 ordinarie
1368 1035 1535 1098 exstitura

353 1142 416 1213 est,
434 1155 496 1202 eeu
515 1136 678 1222 procedat
693 1137 840 1202 ooausis
858 1137 964 1202 veluti
985 1137 1209 1216 naturalibus,
1230 1144 1270 1204 ut
1288 1159 1323 1204 v.
1345 1159 1380 1223 g.
1401 1143 1532 1206 boelus

351 1264 525 1328 agrorum,
541 1246 645 1312 foetus
666 1245 877 1322 animalium,
891 1246 1045 1312 venditio
1073 1251 1127 1312 est
1139 1248 1372 1314 eondilionats
1386 1253 1421 1314 et
1434 1251 1533 1316 elleo-

353 1360 425 1420 tum
440 1355 637 1430 nonhabet,
652 1356 680 1420 si
696 1353 780 1419 nibil
795 1354 837 1420 de
856 1355 1022 1421 iruolibus
1042 1361 1102 1420 aut
1118 1356 1259 1421 fretibus
1276 1362 1397 1424 natum
1410 1359 1531 1435 fuerit;

349 1467 468 1528 oontra
485 1463 588 1538 valet,
604 1461 633 1526 si
652 1462 735 1548 quid
756 1467 876 1528 natum
896 1463 1010 1539 suerit,
1035 1465 1256 1548 quantumvis
1276 1465 1470 1542 minimum,
1496 1472 1532 1531 el

353 1575 462 1636 totum
490 1571 640 1655 pretium
657 1574 868 1636 conventum
891 1570 1045 1636 debetur.
1068 1571 1191 1653 Agitur
1214 1572 1257 1637 de
1283 1573 1457 1658 emptione
1482 1575 1532 1638 rei

353 1699 428 1764 quae
450 1684 606 1762 tempore
628 1679 811 1762 emptionis
826 1678 1023 1745 nullatenus
1046 1679 1173 1756 existit,
1190 1699 1270 1746 nam
1285 1682 1325 1758 si,
1349 1701 1382 1746 v.
1399 1700 1433 1763 g.
1450 1701 1533 1747 ven-

351 1787 515 1852 derentur
534 1787 665 1850 fruetus
679 1785 715 1850 in
727 1785 835 1851 herbo
847 1786 903 1850 vel
919 1785 1001 1850 dum
1016 1787 1168 1870 pendent
1182 1787 1218 1852 in
1232 1788 1364 1864 arbore,
1379 1789 1531 1854 venditio

352 1902 444 1962 esset
455 1897 622 1972 absoluta,
641 1901 676 1962 et
688 1897 878 1981 perieulum
890 1897 934 1963 ed
948 1903 1141 1981 emptorem
1156 1905 1335 1982 spectaret.

388 2009 422 2071 2⁰
437 2007 471 2071 Si
485 2008 534 2072 rei
549 2012 737 2092 proventus
752 2012 844 2074 esset
857 2009 1009 2074 insertus
1024 2013 1059 2074 et
1071 2009 1244 2087 fortuitus,
1259 2011 1309 2075 uti
1328 2016 1382 2076 est
1392 2016 1533 2095 raptura

350 2117 529 2184 voluerum
544 2123 580 2183 et
594 2118 750 2202 piscium,
776 2117 873 2184 luera
897 2137 941 2185 ex
964 2123 1068 2196 sorte,
1092 2125 1174 2186 tuno
1197 2121 1350 2188 venditio
1369 2141 1457 2204 pure
1479 2128 1533 2187 est

351 2247 521 2312 suumque
536 2230 698 2295 ellectum
704 2230 972 2296 irrevocabiliter
981 2231 1237 2314 operatursive
1247 2231 1385 2318 aliquod
1394 2237 1531 2316 raptum

271 2405 273 2408 ,
350 2339 463 2414 luerit,
477 2339 550 2403 sive
565 2355 646 2404 non.
664 2337 714 2404 Ita
728 2356 889 2423 expresse
901 2343 959 2424 jus
973 2339 1071 2406 Rom.
1087 2340 1185 2407 Ratio
1202 2345 1264 2418 est,
1282 2343 1445 2426 quianon
1462 2347 1531 2406 tam

350 2467 406 2514 res
422 2451 525 2523 oerta,
543 2466 647 2532 quem
660 2448 801 2526 ineerta,
818 2450 955 2516 videtur
966 2451 1116 2516 vendita.

392 2556 426 2637 d)
445 2556 564 2621 Utrum
584 2557 689 2622 vendi
703 2559 813 2644 possit
837 2557 1042 2624 baereditas?
1064 2561 1096 2623 1ο
1117 2558 1151 2624 Si
1174 2565 1335 2642 ageretur
1358 2561 1399 2626 de
1424 2557 1531 2627 haere·

352 2663 456 2730 ditate
479 2665 638 2742 viventis,
664 2684 735 2731 non
757 2665 888 2732 valeret
909 2668 1074 2742 venditio,
1104 2669 1184 2754 quia
1208 2675 1261 2734 est
1279 2675 1399 2736 eontra
1421 2672 1530 2737 bonos

352 2792 478 2850 mores,
496 2779 530 2839 et
544 2775 674 2840 induoit
685 2779 807 2841 votum
819 2779 996 2862 ooptendae
1007 2780 1128 2844 mortis
1143 2799 1150 2842 :
1166 2779 1215 2844 ita
1224 2781 1282 2863 jus
1292 2779 1389 2845 Rom.
1403 2783 1438 2845 el
1447 2781 1529 2846 Gall.

252 2875 255 2882 “
351 2879 485 2947 valeret
506 2883 678 2960 tamensi
702 2887 911 2950 consentiret
924 2885 980 2950 ifle
1003 2885 1045 2951 de
1066 2889 1166 2970 eujus
1187 2887 1384 2953 haereditote
1406 2887 1529 2971 agitur,

352 2989 432 3072 quia
445 2989 576 3055 tollitur
584 2991 710 3076 injuria
721 2993 876 3058 testatori
889 2994 988 3071 laeto,
1002 2998 1037 3059 et
1049 3013 1140 3060 unus
1155 2995 1352 3079 simpliciter
1366 2995 1532 3060 suffieitur

148 3195 151 3204 ¹
267 3143 268 3146 ,
352 3098 448 3164 alleri
462 3100 498 3163 in
511 3119 571 3184 spe
583 3099 801 3166 hereditatis.

391 3205 424 3270 Ψ
448 3205 481 3271 Si
504 3208 686 3274 haeredites
700 3229 763 3295 per
775 3215 923 3275 mortem
939 3213 1111 3276 testatoris
1127 3217 1219 3276 esset
1235 3215 1308 3295 jem
1326 3211 1438 3278 delata
1450 3231 1532 3277 ven-

352 3315 463 3390 ditori,
475 3315 604 3382 voleret
617 3317 789 3396 venditio;
806 3310 886 3383 nem
899 3319 1011 3402 quivis
1025 3317 1068 3384 de
1082 3337 1120 3384 re
1135 3337 1198 3384 sue
1211 3318 1393 3403 disponere
1406 3325 1529 3403 potest,

352 3423 417 3488 nisi
440 3423 517 3507 lege
541 3425 762 3508 prohibeatur
785 3443 909 3510 :porro
939 3425 1058 3490 nullibi
1084 3424 1253 3510 prohibite
1282 3431 1334 3492 est
1361 3427 1531 3510 ejusmodi

350 3533 513 3599 venditio.
530 3533 600 3600 lloo
620 3553 712 3610 ouen,
725 3538 783 3620 jus
805 3534 1030 3612 sooresoendi,
1051 3537 1151 3618 juxto
1168 3533 1432 3618 probabiliorem
1456 3553 1531 3599 sen-

352 3643 506 3718 tentiam,
523 3643 565 3708 ad
588 3647 780 3728 emptorem
804 3643 942 3718 transit;
960 3659 1042 3707 nam
1065 3659 1167 3713 omne
1178 3645 1236 3726 jus
1260 3643 1352 3728 quod
1373 3643 1532 3708 venditor

351 3749 471 3814 habuit
484 3757 544 3816 sut
557 3750 708 3828 habebit,
725 3750 906 3820 transitad
922 3755 1131 3834 emptorem:
1149 3769 1181 3814 v.
1198 3769 1232 3832 g.
1250 3751 1278 3813 si
1297 3769 1387 3816 unus
1407 3751 1528 3827 haereo,

351 3857 405 3922 oui
415 3857 522 3923 altera
535 3877 614 3944 pars
621 3857 829 3924 haereditatis
840 3858 1054 3935 obveniebat,
1071 3875 1170 3922 suam
1181 3861 1314 3940 p'ertem
1323 3859 1528 3942 repudiaret,

354 3967 613 4032 totabaereditee
627 3967 788 4032 transiret
798 3966 841 4031 ad
856 3969 1046 4052 emptorem
1058 3965 1115 4050 qui
1128 3964 1229 4029 unius
1242 3969 1377 4029 tantum
1385 3965 1531 4030 baeredis

351 4079 485 4158 partem
495 4075 588 4141 emit.
600 4075 698 4142 Ratio
709 4079 771 4152 est,
781 4073 862 4158 quia
871 4073 982 4160 portio
993 4073 1281 4138 relioteeoeresoit
1290 4073 1439 4156 portioni
1448 4091 1530 4138 ven-

352 4181 442 4260 ditae,
452 4183 561 4248 instar
573 4182 765 4249 alluvionis.

511 4378 542 4427 11.
561 4375 687 4428 Pretium
702 4377 745 4428 est
759 4374 882 4427 alterum
896 4372 1042 4438 objeotum
1055 4371 1175 4436 partiale
1189 4369 1369 4424 venditionis.

393 4508 426 4590 o)
448 4507 599 4574 Pretium
621 4506 1026 4593 emptionis-venditionis
1046 4505 1148 4571 debet
1165 4521 1241 4570 esse
1261 4523 1390 4582 oerum,
1409 4510 1445 4570 et
1461 4523 1530 4571 non

353 4617 470 4680 delum
493 4621 553 4682 aul
575 4616 791 4692 simuletum3
815 4633 914 4682 secus
934 4633 1005 4681 non
1026 4617 1119 4679 esset
1142 4611 1306 4689 venditio,
1334 4613 1396 4678 sed
1417 4615 1530 4697 polius
1603 4661 1606 4666 .

355 4723 508 4800 donati03
521 4725 766 4810 pecuniarium,
780 4743 858 4790 nam
873 4725 900 4792 si
914 4740 969 4789 res
983 4740 1045 4809 pro
1060 4739 1097 4788 re
1112 4724 1342 4808 prestaretur,
1354 4739 1425 4788 non
1440 4725 1531 4788 esset
