<?xml version="1.0" encoding="UTF-8"?>
<!DOCTYPE html PUBLIC "-//W3C//DTD XHTML 1.0 Transitional//EN"
    "http://www.w3.org/TR/xhtml1/DTD/xhtml1-transitional.dtd">
<html xmlns="http://www.w3.org/1999/xhtml" xml:lang="en" lang="en">
 <head>
  <title>
</title>
<meta http-equiv="Content-Type" content="text/html;charset=utf-8" />
  <meta name='ocr-system' content='tesseract 3.04.00' />
  <meta name='ocr-capabilities' content='ocr_page ocr_carea ocr_par ocr_line ocrx_word'/>
</head>
<body>
  <div class='ocr_page' id='page_1' title='image "./juscanonicumjux00grangoog_0292.png"; bbox 0 0 3510 5574; ppageno 0'>
   <div class='ocr_carea' id='block_1_1' title="bbox 363 552 1072 618">
    <p class='ocr_par' dir='ltr' id='par_1_1' title="bbox 363 552 1072 618">
     <span class='ocr_line' id='line_1_1' title="bbox 363 552 1072 618; baseline -0.011 0"><span class='ocrx_word' id='word_1_1' title='bbox 363 552 423 618; x_wconf 72' lang='lat'>280</span> <span class='ocrx_word' id='word_1_2' title='bbox 821 566 872 613; x_wconf 76' lang='lat' dir='ltr'>tus</span> <span class='ocrx_word' id='word_1_3' title='bbox 893 565 1072 612; x_wconf 78' lang='lat' dir='ltr'>aruoumur.</span> 
     </span>
    </p>
   </div>
   <div class='ocr_carea' id='block_1_2' title="bbox 286 681 1550 2619">
    <p class='ocr_par' dir='ltr' id='par_1_2' title="bbox 364 681 1543 878">
     <span class='ocr_line' id='line_1_2' title="bbox 364 681 1543 766; baseline -0.002 -16"><span class='ocrx_word' id='word_1_4' title='bbox 364 685 457 753; x_wconf 80' lang='lat' dir='ltr'>solue</span> <span class='ocrx_word' id='word_1_5' title='bbox 486 689 621 750; x_wconf 85' lang='lat' dir='ltr'>tenetur</span> <span class='ocrx_word' id='word_1_6' title='bbox 643 684 808 749; x_wconf 88' lang='lat' dir='ltr'>damnum</span> <span class='ocrx_word' id='word_1_7' title='bbox 826 700 1008 766; x_wconf 88' lang='lat' dir='ltr'>reparare;</span> <span class='ocrx_word' id='word_1_8' title='bbox 1034 682 1063 746; x_wconf 84' lang='lat' dir='ltr'>si</span> <span class='ocrx_word' id='word_1_9' title='bbox 1084 686 1227 766; x_wconf 88' lang='lat' dir='ltr'>uterque</span> <span class='ocrx_word' id='word_1_10' title='bbox 1248 681 1382 765; x_wconf 85' lang='lat' dir='ltr'>culpam</span> <span class='ocrx_word' id='word_1_11' title='bbox 1404 682 1543 748; x_wconf 88' lang='lat' dir='ltr'>commi·</span> 
     </span>
     <span class='ocr_line' id='line_1_3' title="bbox 365 789 989 878; baseline -0.008 -20"><span class='ocrx_word' id='word_1_12' title='bbox 365 796 419 872; x_wconf 87' lang='lat' dir='ltr'>sit,</span> <span class='ocrx_word' id='word_1_13' title='bbox 436 799 580 878; x_wconf 86' lang='lat' dir='ltr'>uterquc</span> <span class='ocrx_word' id='word_1_14' title='bbox 594 793 630 857; x_wconf 91' lang='lat' dir='ltr'>in</span> <span class='ocrx_word' id='word_1_15' title='bbox 645 789 793 858; x_wconf 86' lang='lat' dir='ltr'>solidum</span> <span class='ocrx_word' id='word_1_16' title='bbox 808 790 989 872; x_wconf 81' lang='lat' dir='ltr'>obligatur.</span> 
     </span>
    </p>

    <p class='ocr_par' dir='ltr' id='par_1_3' title="bbox 286 898 1550 2619">
     <span class='ocr_line' id='line_1_4' title="bbox 405 898 1543 985; baseline -0.005 -16"><span class='ocrx_word' id='word_1_17' title='bbox 405 905 439 985; x_wconf 84' lang='lat' dir='ltr'>d)</span> <span class='ocrx_word' id='word_1_18' title='bbox 455 902 624 982; x_wconf 70' lang='lat' dir='ltr'>Quaeritur</span> <span class='ocrx_word' id='word_1_19' title='bbox 633 900 703 966; x_wconf 81' lang='lat' dir='ltr'>:An</span> <span class='ocrx_word' id='word_1_20' title='bbox 713 907 870 965; x_wconf 82' lang='lat' dir='ltr'>tencatur</span> <span class='ocrx_word' id='word_1_21' title='bbox 881 898 1167 964; x_wconf 66' lang='lat' dir='ltr'>commodaremus</span> <span class='ocrx_word' id='word_1_22' title='bbox 1175 907 1463 984; x_wconf 72' lang='lat' dir='ltr'>praeturccooum</span> <span class='ocrx_word' id='word_1_23' title='bbox 1471 902 1543 984; x_wconf 80' lang='lat' dir='ltr'>sor-</span> 
     </span>
     <span class='ocr_line' id='line_1_5' title="bbox 366 1007 1544 1092; baseline -0.005 -14"><span class='ocrx_word' id='word_1_24' title='bbox 366 1015 504 1091; x_wconf 84' lang='lat' dir='ltr'>trc&#39;tum,</span> <span class='ocrx_word' id='word_1_25' title='bbox 519 1020 557 1075; x_wconf 86' lang='lat' dir='ltr'>ut</span> <span class='ocrx_word' id='word_1_26' title='bbox 572 1011 603 1074; x_wconf 70' lang='grc' dir='ltr'>εἰ</span> <span class='ocrx_word' id='word_1_27' title='bbox 614 1027 667 1074; x_wconf 83' lang='lat' dir='ltr'>ras</span> <span class='ocrx_word' id='word_1_28' title='bbox 686 1007 901 1074; x_wconf 84' lang='lat' dir='ltr'>commodata</span> <span class='ocrx_word' id='word_1_29' title='bbox 913 1007 1010 1092; x_wconf 81' lang='lat' dir='ltr'>opud</span> <span class='ocrx_word' id='word_1_30' title='bbox 1020 1007 1131 1091; x_wconf 61' lang='lat' dir='ltr'>ursum</span> <span class='ocrx_word' id='word_1_31' title='bbox 1139 1015 1259 1092; x_wconf 83' lang='lat' dir='ltr'>percat</span> <span class='ocrx_word' id='word_1_32' title='bbox 1274 1009 1438 1086; x_wconf 80' lang='lat' dir='ltr'>inccndio,</span> <span class='ocrx_word' id='word_1_33' title='bbox 1458 1029 1544 1073; x_wconf 84' lang='lat' dir='ltr'>nau·</span> 
     </span>
     <span class='ocr_line' id='line_1_6' title="bbox 365 1115 1541 1206; baseline -0.005 -20"><span class='ocrx_word' id='word_1_34' title='bbox 365 1123 480 1206; x_wconf 78' lang='lat' dir='ltr'>srapio</span> <span class='ocrx_word' id='word_1_35' title='bbox 494 1119 551 1184; x_wconf 87' lang='lat' dir='ltr'>cel</span> <span class='ocrx_word' id='word_1_36' title='bbox 566 1119 714 1186; x_wconf 79' lang='lat' dir='ltr'>hostium</span> <span class='ocrx_word' id='word_1_37' title='bbox 728 1115 943 1182; x_wconf 65' lang='lat' dir='ltr'>t&#39;ncursudlu</span> <span class='ocrx_word' id='word_1_38' title='bbox 958 1133 1000 1180; x_wconf 88' lang='lat' dir='ltr'>eo</span> <span class='ocrx_word' id='word_1_39' title='bbox 1015 1132 1108 1192; x_wconf 85' lang='lat' dir='ltr'>casu,</span> <span class='ocrx_word' id='word_1_40' title='bbox 1124 1133 1180 1180; x_wconf 88' lang='lat' dir='ltr'>res</span> <span class='ocrx_word' id='word_1_41' title='bbox 1193 1117 1283 1200; x_wconf 88' lang='lat' dir='ltr'>perit</span> <span class='ocrx_word' id='word_1_42' title='bbox 1299 1118 1541 1193; x_wconf 74' lang='lat' dir='ltr'><strong>commodanti,</strong></span> 
     </span>
     <span class='ocr_line' id='line_1_7' title="bbox 362 1222 1541 1313; baseline -0.003 -19"><span class='ocrx_word' id='word_1_43' title='bbox 362 1233 462 1313; x_wconf 87' lang='lat' dir='ltr'>juxta</span> <span class='ocrx_word' id='word_1_44' title='bbox 474 1227 617 1294; x_wconf 81' lang='lat' dir='ltr'>effatum</span> <span class='ocrx_word' id='word_1_45' title='bbox 628 1227 716 1310; x_wconf 81' lang='lat' dir='ltr'>juris</span> <span class='ocrx_word' id='word_1_46' title='bbox 728 1246 735 1290; x_wconf 92' lang='lat'><strong>:</strong></span> <span class='ocrx_word' id='word_1_47' title='bbox 747 1251 763 1284; x_wconf 91' lang='lat'>«</span> <span class='ocrx_word' id='word_1_48' title='bbox 772 1225 838 1290; x_wconf 84' lang='lat' dir='ltr'>Res</span> <span class='ocrx_word' id='word_1_49' title='bbox 848 1222 1050 1290; x_wconf 86' lang='lat' dir='ltr'>naturaliter</span> <span class='ocrx_word' id='word_1_50' title='bbox 1059 1225 1148 1308; x_wconf 90' lang='lat' dir='ltr'>perit</span> <span class='ocrx_word' id='word_1_51' title='bbox 1156 1224 1330 1290; x_wconf 79' lang='lat' dir='ltr'>domiuo.»</span> <span class='ocrx_word' id='word_1_52' title='bbox 1340 1225 1455 1310; x_wconf 87' lang='lat' dir='ltr'>ltajus</span> <span class='ocrx_word' id='word_1_53' title='bbox 1467 1245 1541 1292; x_wconf 85' lang='lat' dir='ltr'>can.</span> 
     </span>
     <span class='ocr_line' id='line_1_8' title="bbox 366 1333 1545 1420; baseline -0.001 -17"><span class='ocrx_word' id='word_1_54' title='bbox 366 1342 402 1403; x_wconf 86' lang='lat' dir='ltr'>et</span> <span class='ocrx_word' id='word_1_55' title='bbox 415 1338 479 1404; x_wconf 91' lang='lat' dir='ltr'>civ.</span> <span class='ocrx_word' id='word_1_56' title='bbox 491 1336 589 1402; x_wconf 81' lang='lat' dir='ltr'>Ratio</span> <span class='ocrx_word' id='word_1_57' title='bbox 601 1339 664 1412; x_wconf 86' lang='lat' dir='ltr'>est,</span> <span class='ocrx_word' id='word_1_58' title='bbox 674 1335 754 1418; x_wconf 89' lang='lat' dir='ltr'>quia</span> <span class='ocrx_word' id='word_1_59' title='bbox 766 1353 845 1400; x_wconf 90' lang='lat' dir='ltr'>cum</span> <span class='ocrx_word' id='word_1_60' title='bbox 859 1333 1059 1417; x_wconf 84' lang='lat' dir='ltr'>hujusmodi</span> <span class='ocrx_word' id='word_1_61' title='bbox 1073 1351 1173 1398; x_wconf 80' lang='lat' dir='ltr'>cauus</span> <span class='ocrx_word' id='word_1_62' title='bbox 1184 1333 1237 1398; x_wconf 82' lang='lat' dir='ltr'>vis</span> <span class='ocrx_word' id='word_1_63' title='bbox 1248 1337 1360 1418; x_wconf 87' lang='lat' dir='ltr'>major</span> <span class='ocrx_word' id='word_1_64' title='bbox 1374 1336 1428 1412; x_wconf 85' lang='lat' dir='ltr'>sit,</span> <span class='ocrx_word' id='word_1_65' title='bbox 1442 1356 1545 1420; x_wconf 89' lang='lat' dir='ltr'>quam</span> 
     </span>
     <span class='ocr_line' id='line_1_9' title="bbox 366 1442 1546 1530; baseline -0.002 -19"><span class='ocrx_word' id='word_1_66' title='bbox 366 1447 456 1511; x_wconf 89' lang='lat' dir='ltr'>utab</span> <span class='ocrx_word' id='word_1_67' title='bbox 465 1444 579 1530; x_wconf 86' lang='lat' dir='ltr'>aliquo</span> <span class='ocrx_word' id='word_1_68' title='bbox 593 1445 772 1530; x_wconf 72' lang='lat' dir='ltr'>praevideri</span> <span class='ocrx_word' id='word_1_69' title='bbox 785 1442 841 1508; x_wconf 92' lang='lat' dir='ltr'>vel</span> <span class='ocrx_word' id='word_1_70' title='bbox 853 1443 1037 1526; x_wconf 85' lang='lat' dir='ltr'>praecaveri</span> <span class='ocrx_word' id='word_1_71' title='bbox 1051 1443 1170 1526; x_wconf 83' lang='lat' dir='ltr'><strong>possit,</strong></span> <span class='ocrx_word' id='word_1_72' title='bbox 1183 1444 1326 1528; x_wconf 70' lang='lat' dir='ltr'>aequitas</span> <span class='ocrx_word' id='word_1_73' title='bbox 1338 1463 1408 1510; x_wconf 91' lang='lat' dir='ltr'>non</span> <span class='ocrx_word' id='word_1_74' title='bbox 1419 1447 1546 1529; x_wconf 89' lang='lat' dir='ltr'>patitur</span> 
     </span>
     <span class='ocr_line' id='line_1_10' title="bbox 368 1551 1546 1638; baseline -0.002 -18"><span class='ocrx_word' id='word_1_75' title='bbox 368 1560 407 1620; x_wconf 94' lang='lat' dir='ltr'>ut</span> <span class='ocrx_word' id='word_1_76' title='bbox 431 1574 452 1620; x_wconf 92' lang='lat' dir='ltr'>a</span> <span class='ocrx_word' id='word_1_77' title='bbox 475 1553 757 1620; x_wconf 85' lang='lat' dir='ltr'>contrahentibus</span> <span class='ocrx_word' id='word_1_78' title='bbox 785 1552 989 1634; x_wconf 75' lang='lat' dir='ltr'>regulariter</span> <span class='ocrx_word' id='word_1_79' title='bbox 1012 1556 1204 1635; x_wconf 75' lang='lat' dir='ltr'>praestetur.</span> <span class='ocrx_word' id='word_1_80' title='bbox 1225 1551 1311 1618; x_wconf 86' lang='lat' dir='ltr'>Sunt</span> <span class='ocrx_word' id='word_1_81' title='bbox 1334 1559 1450 1619; x_wconf 85' lang='lat' dir='ltr'>tamen</span> <span class='ocrx_word' id='word_1_82' title='bbox 1475 1555 1546 1638; x_wconf 87' lang='lat' dir='ltr'>qui-</span> 
     </span>
     <span class='ocr_line' id='line_1_11' title="bbox 367 1661 1546 1748; baseline -0.002 -18"><span class='ocrx_word' id='word_1_83' title='bbox 367 1664 447 1730; x_wconf 88' lang='lat' dir='ltr'>dam</span> <span class='ocrx_word' id='word_1_84' title='bbox 460 1681 560 1728; x_wconf 84' lang='lat' dir='ltr'>casus</span> <span class='ocrx_word' id='word_1_85' title='bbox 575 1663 611 1728; x_wconf 91' lang='lat' dir='ltr'>in</span> <span class='ocrx_word' id='word_1_86' title='bbox 626 1663 748 1748; x_wconf 83' lang='lat' dir='ltr'>quibus</span> <span class='ocrx_word' id='word_1_87' title='bbox 762 1661 1051 1733; x_wconf 84' lang='lat' dir='ltr'>commodatariue</span> <span class='ocrx_word' id='word_1_88' title='bbox 1065 1665 1202 1726; x_wconf 88' lang='lat' dir='ltr'>tenetur</span> <span class='ocrx_word' id='word_1_89' title='bbox 1215 1661 1319 1727; x_wconf 91' lang='lat' dir='ltr'>etiam</span> <span class='ocrx_word' id='word_1_90' title='bbox 1332 1663 1373 1727; x_wconf 94' lang='lat' dir='ltr'>de</span> <span class='ocrx_word' id='word_1_91' title='bbox 1385 1681 1467 1728; x_wconf 87' lang='lat' dir='ltr'>casu</span> <span class='ocrx_word' id='word_1_92' title='bbox 1480 1665 1546 1728; x_wconf 84' lang='lat' dir='ltr'>for-</span> 
     </span>
     <span class='ocr_line' id='line_1_12' title="bbox 286 1767 1547 1856; baseline -0.001 -19"><span class='ocrx_word' id='word_1_93' title='bbox 286 1767 289 1774; x_wconf 77' lang='grc'>’</span> <span class='ocrx_word' id='word_1_94' title='bbox 368 1774 453 1839; x_wconf 90' lang='lat' dir='ltr'>tuito</span> <span class='ocrx_word' id='word_1_95' title='bbox 471 1793 478 1836; x_wconf 92' lang='lat'>:</span> <span class='ocrx_word' id='word_1_96' title='bbox 496 1773 531 1856; x_wconf 81' lang='lat' dir='ltr'>a)</span> <span class='ocrx_word' id='word_1_97' title='bbox 548 1773 582 1838; x_wconf 91' lang='lat' dir='ltr'>Si</span> <span class='ocrx_word' id='word_1_98' title='bbox 596 1775 639 1838; x_wconf 88' lang='lat' dir='ltr'>ab</span> <span class='ocrx_word' id='word_1_99' title='bbox 653 1773 749 1836; x_wconf 88' lang='lat' dir='ltr'>initio</span> <span class='ocrx_word' id='word_1_100' title='bbox 769 1771 1058 1838; x_wconf 80' lang='lat' dir='ltr'>commodatarius</span> <span class='ocrx_word' id='word_1_101' title='bbox 1079 1771 1115 1836; x_wconf 90' lang='lat' dir='ltr'>in</span> <span class='ocrx_word' id='word_1_102' title='bbox 1137 1789 1174 1835; x_wconf 83' lang='lat' dir='ltr'>ee</span> <span class='ocrx_word' id='word_1_103' title='bbox 1193 1772 1343 1855; x_wconf 80' lang='lat' dir='ltr'><strong>suscepit</strong></span> <span class='ocrx_word' id='word_1_104' title='bbox 1358 1773 1547 1856; x_wconf 84' lang='lat' dir='ltr'>periculum</span> 
     </span>
     <span class='ocr_line' id='line_1_13' title="bbox 367 1880 1549 1964; baseline -0.001 -16"><span class='ocrx_word' id='word_1_105' title='bbox 367 1886 511 1948; x_wconf 82' lang='lat' dir='ltr'>eventus</span> <span class='ocrx_word' id='word_1_106' title='bbox 532 1881 663 1946; x_wconf 77' lang='lat' dir='ltr'>fortuiti</span> <span class='ocrx_word' id='word_1_107' title='bbox 690 1881 769 1964; x_wconf 89' lang='lat' dir='ltr'>quia</span> <span class='ocrx_word' id='word_1_108' title='bbox 787 1883 981 1946; x_wconf 87' lang='lat' dir='ltr'>contractus</span> <span class='ocrx_word' id='word_1_109' title='bbox 1001 1880 1117 1962; x_wconf 80' lang='lat' dir='ltr'>legem</span> <span class='ocrx_word' id='word_1_110' title='bbox 1138 1899 1181 1944; x_wconf 83' lang='lat' dir='ltr'>ex</span> <span class='ocrx_word' id='word_1_111' title='bbox 1208 1881 1436 1946; x_wconf 83' lang='lat' dir='ltr'>conventione</span> <span class='ocrx_word' id='word_1_112' title='bbox 1463 1883 1549 1947; x_wconf 89' lang='lat' dir='ltr'>aeci·</span> 
     </span>
     <span class='ocr_line' id='line_1_14' title="bbox 367 1989 1545 2076; baseline -0.003 -20"><span class='ocrx_word' id='word_1_113' title='bbox 367 1992 475 2076; x_wconf 89' lang='lat' dir='ltr'>piunt.</span> <span class='ocrx_word' id='word_1_114' title='bbox 491 1991 528 2074; x_wconf 89' lang='lat' dir='ltr'>b)</span> <span class='ocrx_word' id='word_1_115' title='bbox 544 1989 578 2054; x_wconf 91' lang='lat' dir='ltr'>Si</span> <span class='ocrx_word' id='word_1_116' title='bbox 599 1991 698 2075; x_wconf 89' lang='lat' dir='ltr'>culpa</span> <span class='ocrx_word' id='word_1_117' title='bbox 715 1991 890 2075; x_wconf 82' lang='lat' dir='ltr'>praecessit</span> <span class='ocrx_word' id='word_1_118' title='bbox 913 2009 956 2054; x_wconf 86' lang='lat' dir='ltr'>ex</span> <span class='ocrx_word' id='word_1_119' title='bbox 975 2009 1042 2074; x_wconf 90' lang='lat' dir='ltr'>qua</span> <span class='ocrx_word' id='word_1_120' title='bbox 1068 1995 1205 2056; x_wconf 84' lang='lat' dir='ltr'>secutus</span> <span class='ocrx_word' id='word_1_121' title='bbox 1220 1994 1273 2054; x_wconf 84' lang='lat' dir='ltr'>est</span> <span class='ocrx_word' id='word_1_122' title='bbox 1295 1990 1413 2055; x_wconf 77' lang='lat' dir='ltr'>infelix</span> <span class='ocrx_word' id='word_1_123' title='bbox 1436 2002 1545 2056; x_wconf 78' lang='lat' dir='ltr'>cesus.</span> 
     </span>
     <span class='ocr_line' id='line_1_15' title="bbox 369 2099 1549 2183; baseline 0 -17"><span class='ocrx_word' id='word_1_124' title='bbox 369 2102 403 2182; x_wconf 76' lang='lat' dir='ltr'>c)</span> <span class='ocrx_word' id='word_1_125' title='bbox 420 2100 453 2165; x_wconf 87' lang='lat' dir='ltr'>si</span> <span class='ocrx_word' id='word_1_126' title='bbox 476 2100 768 2166; x_wconf 85' lang='lat' dir='ltr'>commodatarius</span> <span class='ocrx_word' id='word_1_127' title='bbox 784 2100 851 2164; x_wconf 84' lang='lat' dir='ltr'>tuit</span> <span class='ocrx_word' id='word_1_128' title='bbox 871 2100 908 2163; x_wconf 93' lang='lat' dir='ltr'>in</span> <span class='ocrx_word' id='word_1_129' title='bbox 933 2099 1092 2183; x_wconf 80' lang='lat' dir='ltr'>culpabili</span> <span class='ocrx_word' id='word_1_130' title='bbox 1116 2117 1213 2164; x_wconf 88' lang='lat' dir='ltr'>mora</span> <span class='ocrx_word' id='word_1_131' title='bbox 1234 2101 1452 2176; x_wconf 86' lang='lat' dir='ltr'>restituendi;</span> <span class='ocrx_word' id='word_1_132' title='bbox 1469 2119 1549 2166; x_wconf 90' lang='lat' dir='ltr'>nam</span> 
     </span>
     <span class='ocr_line' id='line_1_16' title="bbox 369 2207 1549 2286; baseline 0.001 -12"><span class='ocrx_word' id='word_1_133' title='bbox 369 2229 412 2274; x_wconf 81' lang='lat' dir='ltr'>ex</span> <span class='ocrx_word' id='word_1_134' title='bbox 422 2208 481 2275; x_wconf 93' lang='lat' dir='ltr'>illa</span> <span class='ocrx_word' id='word_1_135' title='bbox 494 2226 593 2275; x_wconf 89' lang='lat' dir='ltr'>mora</span> <span class='ocrx_word' id='word_1_136' title='bbox 605 2207 712 2274; x_wconf 84' lang='lat' dir='ltr'>veluti</span> <span class='ocrx_word' id='word_1_137' title='bbox 725 2229 769 2274; x_wconf 83' lang='lat' dir='ltr'>ex</span> <span class='ocrx_word' id='word_1_138' title='bbox 782 2228 886 2276; x_wconf 85' lang='lat' dir='ltr'>causa</span> <span class='ocrx_word' id='word_1_139' title='bbox 900 2213 1039 2275; x_wconf 84' lang='lat' dir='ltr'>secutus</span> <span class='ocrx_word' id='word_1_140' title='bbox 1055 2213 1108 2274; x_wconf 85' lang='lat' dir='ltr'>est</span> <span class='ocrx_word' id='word_1_141' title='bbox 1127 2209 1287 2274; x_wconf 89' lang='lat' dir='ltr'>interitus</span> <span class='ocrx_word' id='word_1_142' title='bbox 1308 2210 1368 2286; x_wconf 89' lang='lat' dir='ltr'>rei,</span> <span class='ocrx_word' id='word_1_143' title='bbox 1401 2228 1549 2275; x_wconf 87' lang='lat' dir='ltr'>eommo-</span> 
     </span>
     <span class='ocr_line' id='line_1_17' title="bbox 369 2317 1550 2403; baseline -0.001 -21"><span class='ocrx_word' id='word_1_144' title='bbox 369 2317 490 2385; x_wconf 87' lang='lat' dir='ltr'>daton&#39;.</span> <span class='ocrx_word' id='word_1_145' title='bbox 505 2319 542 2400; x_wconf 80' lang='lat' dir='ltr'>d)</span> <span class='ocrx_word' id='word_1_146' title='bbox 558 2318 593 2382; x_wconf 84' lang='lat' dir='ltr'>si</span> <span class='ocrx_word' id='word_1_147' title='bbox 607 2337 663 2383; x_wconf 87' lang='lat' dir='ltr'>res</span> <span class='ocrx_word' id='word_1_148' title='bbox 677 2322 862 2402; x_wconf 83' lang='lat' dir='ltr'>antequam</span> <span class='ocrx_word' id='word_1_149' title='bbox 880 2317 1043 2394; x_wconf 88' lang='lat' dir='ltr'>tradatur,</span> <span class='ocrx_word' id='word_1_150' title='bbox 1058 2317 1163 2383; x_wconf 78' lang='lat' dir='ltr'>fuerit</span> <span class='ocrx_word' id='word_1_151' title='bbox 1176 2318 1354 2394; x_wconf 72' lang='lat' dir='ltr'>aestimate,</span> <span class='ocrx_word' id='word_1_152' title='bbox 1369 2320 1448 2403; x_wconf 88' lang='lat' dir='ltr'>quia</span> <span class='ocrx_word' id='word_1_153' title='bbox 1461 2319 1550 2383; x_wconf 86' lang='lat' dir='ltr'>aesti-</span> 
     </span>
     <span class='ocr_line' id='line_1_18' title="bbox 371 2425 1548 2511; baseline 0 -19"><span class='ocrx_word' id='word_1_154' title='bbox 371 2429 477 2494; x_wconf 88' lang='lat' dir='ltr'>matio</span> <span class='ocrx_word' id='word_1_155' title='bbox 498 2431 659 2492; x_wconf 89' lang='lat' dir='ltr'>censetur</span> <span class='ocrx_word' id='word_1_156' title='bbox 680 2431 874 2492; x_wconf 83' lang='lat' dir='ltr'>contractus</span> <span class='ocrx_word' id='word_1_157' title='bbox 900 2428 1006 2494; x_wconf 82' lang='lat' dir='ltr'>initus</span> <span class='ocrx_word' id='word_1_158' title='bbox 1031 2433 1070 2492; x_wconf 90' lang='lat' dir='ltr'>ut</span> <span class='ocrx_word' id='word_1_159' title='bbox 1094 2425 1285 2511; x_wconf 84' lang='lat' dir='ltr'>periculum</span> <span class='ocrx_word' id='word_1_160' title='bbox 1301 2446 1400 2494; x_wconf 86' lang='lat' dir='ltr'>casus</span> <span class='ocrx_word' id='word_1_161' title='bbox 1419 2428 1548 2494; x_wconf 86' lang='lat' dir='ltr'>fortuiti</span> 
     </span>
     <span class='ocr_line' id='line_1_19' title="bbox 369 2535 926 2619; baseline 0.002 -19"><span class='ocrx_word' id='word_1_162' title='bbox 369 2535 542 2619; x_wconf 83' lang='lat' dir='ltr'>rejiciatur</span> <span class='ocrx_word' id='word_1_163' title='bbox 558 2537 594 2600; x_wconf 90' lang='lat' dir='ltr'>in</span> <span class='ocrx_word' id='word_1_164' title='bbox 608 2535 926 2602; x_wconf 88' lang='lat' dir='ltr'>commodatarium.</span> 
     </span>
    </p>
   </div>
   <div class='ocr_carea' id='block_1_3' title="bbox 568 2723 1351 2794">
    <p class='ocr_par' dir='ltr' id='par_1_4' title="bbox 568 2723 1351 2794">
     <span class='ocr_line' id='line_1_20' title="bbox 568 2723 1351 2794; baseline -0.001 -14"><span class='ocrx_word' id='word_1_165' title='bbox 568 2729 611 2780; x_wconf 86' lang='lat'>111.</span> <span class='ocrx_word' id='word_1_166' title='bbox 625 2729 665 2780; x_wconf 83' lang='lat' dir='ltr'>De</span> <span class='ocrx_word' id='word_1_167' title='bbox 678 2723 789 2780; x_wconf 83' lang='lat' dir='ltr'>actione</span> <span class='ocrx_word' id='word_1_168' title='bbox 805 2738 869 2792; x_wconf 85' lang='lat' dir='ltr'>qua</span> <span class='ocrx_word' id='word_1_169' title='bbox 883 2727 995 2781; x_wconf 80' lang='lat' dir='ltr'>institui</span> <span class='ocrx_word' id='word_1_170' title='bbox 1008 2728 1103 2794; x_wconf 81' lang='lat' dir='ltr'>potest</span> <span class='ocrx_word' id='word_1_171' title='bbox 1114 2740 1148 2782; x_wconf 84' lang='lat' dir='ltr'>ex</span> <span class='ocrx_word' id='word_1_172' title='bbox 1163 2729 1351 2783; x_wconf 87' lang='lat' dir='ltr'>commodato.</span> 
     </span>
    </p>
   </div>
   <div class='ocr_carea' id='block_1_4' title="bbox 307 2862 1599 4800">
    <p class='ocr_par' dir='ltr' id='par_1_5' title="bbox 307 2862 1599 3713">
     <span class='ocr_line' id='line_1_21' title="bbox 410 2862 1549 2950; baseline 0.001 -22"><span class='ocrx_word' id='word_1_173' title='bbox 410 2866 442 2928; x_wconf 78' lang='lat'>1⁰</span> <span class='ocrx_word' id='word_1_174' title='bbox 456 2863 588 2947; x_wconf 85' lang='lat' dir='ltr'>Duplex</span> <span class='ocrx_word' id='word_1_175' title='bbox 601 2882 644 2928; x_wconf 87' lang='lat' dir='ltr'>ex</span> <span class='ocrx_word' id='word_1_176' title='bbox 658 2881 700 2928; x_wconf 92' lang='lat' dir='ltr'>eo</span> <span class='ocrx_word' id='word_1_177' title='bbox 713 2862 800 2929; x_wconf 91' lang='lat' dir='ltr'>actio</span> <span class='ocrx_word' id='word_1_178' title='bbox 816 2863 916 2928; x_wconf 92' lang='lat' dir='ltr'>datur</span> <span class='ocrx_word' id='word_1_179' title='bbox 933 2883 940 2926; x_wconf 94' lang='lat'>:</span> <span class='ocrx_word' id='word_1_180' title='bbox 957 2882 1026 2931; x_wconf 89' lang='lat' dir='ltr'>una</span> <span class='ocrx_word' id='word_1_181' title='bbox 1041 2865 1168 2930; x_wconf 86' lang='lat' dir='ltr'>directa</span> <span class='ocrx_word' id='word_1_182' title='bbox 1181 2867 1410 2932; x_wconf 79' lang='lat' dir='ltr'>commodanti</span> <span class='ocrx_word' id='word_1_183' title='bbox 1428 2873 1463 2932; x_wconf 91' lang='lat' dir='ltr'>et</span> <span class='ocrx_word' id='word_1_184' title='bbox 1472 2868 1549 2950; x_wconf 90' lang='lat' dir='ltr'>ejus</span> 
     </span>
     <span class='ocr_line' id='line_1_22' title="bbox 369 2973 1599 3058; baseline 0.002 -20"><span class='ocrx_word' id='word_1_185' title='bbox 369 2973 561 3040; x_wconf 69' lang='lat' dir='ltr'>haeredibus</span> <span class='ocrx_word' id='word_1_186' title='bbox 581 2976 700 3038; x_wconf 86' lang='lat' dir='ltr'>contra</span> <span class='ocrx_word' id='word_1_187' title='bbox 716 2973 1023 3039; x_wconf 86' lang='lat' dir='ltr'>commodatarium</span> <span class='ocrx_word' id='word_1_188' title='bbox 1044 2977 1187 3058; x_wconf 86' lang='lat' dir='ltr'>ejusque</span> <span class='ocrx_word' id='word_1_189' title='bbox 1207 2973 1372 3052; x_wconf 66' lang='lat' dir='ltr'>haeredes,</span> <span class='ocrx_word' id='word_1_190' title='bbox 1394 2976 1437 3040; x_wconf 90' lang='lat' dir='ltr'>ad</span> <span class='ocrx_word' id='word_1_191' title='bbox 1454 2979 1551 3042; x_wconf 83' lang='lat' dir='ltr'>resti·</span> <span class='ocrx_word' id='word_1_192' title='bbox 1595 3009 1599 3016; x_wconf 95' lang='lat'>·</span> 
     </span>
     <span class='ocr_line' id='line_1_23' title="bbox 307 3081 1550 3159; baseline 0.004 -13"><span class='ocrx_word' id='word_1_193' title='bbox 307 3112 311 3118; x_wconf 95' lang='lat'>·</span> <span class='ocrx_word' id='word_1_194' title='bbox 371 3081 533 3148; x_wconf 89' lang='lat' dir='ltr'>tuendam</span> <span class='ocrx_word' id='word_1_195' title='bbox 540 3101 613 3147; x_wconf 89' lang='lat' dir='ltr'>rem</span> <span class='ocrx_word' id='word_1_196' title='bbox 620 3083 957 3158; x_wconf 78' lang='lat' dir='ltr'>commodatamusu</span> <span class='ocrx_word' id='word_1_197' title='bbox 968 3083 1077 3159; x_wconf 82' lang='lat' dir='ltr'>finito,</span> <span class='ocrx_word' id='word_1_198' title='bbox 1088 3088 1123 3150; x_wconf 88' lang='lat' dir='ltr'>et</span> <span class='ocrx_word' id='word_1_199' title='bbox 1136 3083 1179 3150; x_wconf 86' lang='lat' dir='ltr'>ad</span> <span class='ocrx_word' id='word_1_200' title='bbox 1194 3085 1410 3150; x_wconf 86' lang='lat' dir='ltr'>resarcienda</span> <span class='ocrx_word' id='word_1_201' title='bbox 1424 3085 1550 3151; x_wconf 86' lang='lat' dir='ltr'>damna</span> 
     </span>
     <span class='ocr_line' id='line_1_24' title="bbox 369 3189 1550 3277; baseline 0.002 -21"><span class='ocrx_word' id='word_1_202' title='bbox 369 3209 432 3276; x_wconf 85' lang='lat' dir='ltr'>per</span> <span class='ocrx_word' id='word_1_203' title='bbox 452 3190 587 3277; x_wconf 89' lang='lat' dir='ltr'>culpam</span> <span class='ocrx_word' id='word_1_204' title='bbox 607 3189 710 3256; x_wconf 89' lang='lat' dir='ltr'>illata.</span> <span class='ocrx_word' id='word_1_205' title='bbox 736 3191 831 3255; x_wconf 80' lang='lat' dir='ltr'>Actio</span> <span class='ocrx_word' id='word_1_206' title='bbox 850 3193 1021 3257; x_wconf 90' lang='lat' dir='ltr'>contraria</span> <span class='ocrx_word' id='word_1_207' title='bbox 1044 3191 1144 3256; x_wconf 89' lang='lat' dir='ltr'>datur</span> <span class='ocrx_word' id='word_1_208' title='bbox 1165 3193 1435 3258; x_wconf 82' lang='lat' dir='ltr'>commodatario</span> <span class='ocrx_word' id='word_1_209' title='bbox 1460 3195 1550 3276; x_wconf 82' lang='lat' dir='ltr'>ejus-</span> 
     </span>
     <span class='ocr_line' id='line_1_25' title="bbox 371 3298 1551 3386; baseline 0.001 -20"><span class='ocrx_word' id='word_1_210' title='bbox 371 3319 438 3385; x_wconf 85' lang='lat' dir='ltr'>que</span> <span class='ocrx_word' id='word_1_211' title='bbox 451 3299 643 3366; x_wconf 82' lang='lat' dir='ltr'>haeredibus</span> <span class='ocrx_word' id='word_1_212' title='bbox 665 3298 831 3372; x_wconf 83' lang='lat' dir='ltr'>adversus</span> <span class='ocrx_word' id='word_1_213' title='bbox 853 3299 1129 3365; x_wconf 80' lang='lat' dir='ltr'>commodantem</span> <span class='ocrx_word' id='word_1_214' title='bbox 1151 3303 1294 3386; x_wconf 83' lang='lat' dir='ltr'>ejusque</span> <span class='ocrx_word' id='word_1_215' title='bbox 1315 3302 1481 3377; x_wconf 71' lang='lat' dir='ltr'>haeredes,</span> <span class='ocrx_word' id='word_1_216' title='bbox 1506 3303 1551 3367; x_wconf 87' lang='lat' dir='ltr'>ad</span> 
     </span>
     <span class='ocr_line' id='line_1_26' title="bbox 370 3407 1550 3490; baseline 0.002 -18"><span class='ocrx_word' id='word_1_217' title='bbox 370 3409 549 3484; x_wconf 88' lang='lat' dir='ltr'>interesse,</span> <span class='ocrx_word' id='word_1_218' title='bbox 563 3409 591 3472; x_wconf 88' lang='lat' dir='ltr'>si</span> <span class='ocrx_word' id='word_1_219' title='bbox 606 3425 661 3472; x_wconf 84' lang='lat' dir='ltr'>res</span> <span class='ocrx_word' id='word_1_220' title='bbox 675 3407 770 3490; x_wconf 88' lang='lat' dir='ltr'>prius</span> <span class='ocrx_word' id='word_1_221' title='bbox 785 3412 976 3483; x_wconf 90' lang='lat' dir='ltr'>revocetur,</span> <span class='ocrx_word' id='word_1_222' title='bbox 992 3409 1049 3472; x_wconf 93' lang='lat' dir='ltr'>vel</span> <span class='ocrx_word' id='word_1_223' title='bbox 1061 3409 1089 3472; x_wconf 85' lang='lat' dir='ltr'>ei</span> <span class='ocrx_word' id='word_1_224' title='bbox 1104 3409 1391 3476; x_wconf 85' lang='lat' dir='ltr'>commodatarius</span> <span class='ocrx_word' id='word_1_225' title='bbox 1415 3409 1450 3474; x_wconf 91' lang='lat' dir='ltr'>in</span> <span class='ocrx_word' id='word_1_226' title='bbox 1474 3429 1550 3476; x_wconf 86' lang='lat' dir='ltr'>eam</span> 
     </span>
     <span class='ocr_line' id='line_1_27' title="bbox 371 3517 1551 3604; baseline 0.002 -22"><span class='ocrx_word' id='word_1_227' title='bbox 371 3522 529 3602; x_wconf 84' lang='lat' dir='ltr'>sumptus</span> <span class='ocrx_word' id='word_1_228' title='bbox 543 3517 830 3582; x_wconf 87' lang='lat' dir='ltr'>extraordinarios</span> <span class='ocrx_word' id='word_1_229' title='bbox 843 3518 978 3582; x_wconf 81' lang='lat' dir='ltr'>fecerit:</span> <span class='ocrx_word' id='word_1_230' title='bbox 995 3536 1038 3583; x_wconf 83' lang='lat' dir='ltr'>ax</span> <span class='ocrx_word' id='word_1_231' title='bbox 1050 3521 1128 3602; x_wconf 86' lang='lat' dir='ltr'>jure</span> <span class='ocrx_word' id='word_1_232' title='bbox 1143 3537 1216 3584; x_wconf 88' lang='lat' dir='ltr'>ean.</span> <span class='ocrx_word' id='word_1_233' title='bbox 1233 3519 1380 3604; x_wconf 87' lang='lat' dir='ltr'>Utraque</span> <span class='ocrx_word' id='word_1_234' title='bbox 1396 3521 1483 3588; x_wconf 88' lang='lat' dir='ltr'>aetio</span> <span class='ocrx_word' id='word_1_235' title='bbox 1499 3526 1551 3586; x_wconf 84' lang='lat' dir='ltr'>cet</span> 
     </span>
     <span class='ocr_line' id='line_1_28' title="bbox 369 3625 1468 3713; baseline 0 -21"><span class='ocrx_word' id='word_1_236' title='bbox 369 3625 488 3703; x_wconf 87' lang='lat' dir='ltr'>civilis,</span> <span class='ocrx_word' id='word_1_237' title='bbox 501 3626 700 3710; x_wconf 83' lang='lat' dir='ltr'>personalis,</span> <span class='ocrx_word' id='word_1_238' title='bbox 716 3627 768 3690; x_wconf 93' lang='lat' dir='ltr'>rei</span> <span class='ocrx_word' id='word_1_239' title='bbox 780 3627 1022 3710; x_wconf 82' lang='lat' dir='ltr'>persecutoria,</span> <span class='ocrx_word' id='word_1_240' title='bbox 1037 3629 1136 3693; x_wconf 84' lang='lat' dir='ltr'>bonae</span> <span class='ocrx_word' id='word_1_241' title='bbox 1150 3629 1229 3692; x_wconf 83' lang='lat' dir='ltr'>fidei</span> <span class='ocrx_word' id='word_1_242' title='bbox 1243 3633 1278 3692; x_wconf 91' lang='lat' dir='ltr'>et</span> <span class='ocrx_word' id='word_1_243' title='bbox 1292 3633 1468 3713; x_wconf 88' lang='lat' dir='ltr'>perpetua.</span> 
     </span>
    </p>

    <p class='ocr_par' dir='ltr' id='par_1_6' title="bbox 370 3735 1551 4251">
     <span class='ocr_line' id='line_1_29' title="bbox 410 3735 1548 3822; baseline 0.003 -23"><span class='ocrx_word' id='word_1_244' title='bbox 410 3737 444 3798; x_wconf 74' lang='lat'>2⁰</span> <span class='ocrx_word' id='word_1_245' title='bbox 455 3735 488 3800; x_wconf 83' lang='lat' dir='ltr'>Si</span> <span class='ocrx_word' id='word_1_246' title='bbox 498 3736 786 3801; x_wconf 87' lang='lat' dir='ltr'>commodatarius</span> <span class='ocrx_word' id='word_1_247' title='bbox 798 3755 835 3800; x_wconf 88' lang='lat' dir='ltr'>re</span> <span class='ocrx_word' id='word_1_248' title='bbox 845 3736 1093 3814; x_wconf 81' lang='lat' dir='ltr'>aliterusueait,</span> <span class='ocrx_word' id='word_1_249' title='bbox 1109 3755 1212 3822; x_wconf 87' lang='lat' dir='ltr'>quam</span> <span class='ocrx_word' id='word_1_250' title='bbox 1223 3739 1326 3803; x_wconf 85' lang='lat' dir='ltr'>fuerit</span> <span class='ocrx_word' id='word_1_251' title='bbox 1336 3757 1548 3814; x_wconf 84' lang='lat' dir='ltr'>concessum,</span> 
     </span>
     <span class='ocr_line' id='line_1_30' title="bbox 372 3845 1550 3922; baseline 0.003 -14"><span class='ocrx_word' id='word_1_252' title='bbox 372 3845 472 3909; x_wconf 89' lang='lat' dir='ltr'>datur</span> <span class='ocrx_word' id='word_1_253' title='bbox 483 3849 602 3910; x_wconf 89' lang='lat' dir='ltr'>contra</span> <span class='ocrx_word' id='word_1_254' title='bbox 616 3863 697 3909; x_wconf 89' lang='lat' dir='ltr'>eum</span> <span class='ocrx_word' id='word_1_255' title='bbox 712 3845 799 3910; x_wconf 90' lang='lat' dir='ltr'>actio</span> <span class='ocrx_word' id='word_1_256' title='bbox 815 3845 908 3910; x_wconf 88' lang='lat' dir='ltr'>furti.</span> <span class='ocrx_word' id='word_1_257' title='bbox 924 3845 1063 3922; x_wconf 87' lang='lat' dir='ltr'>Deinde,</span> <span class='ocrx_word' id='word_1_258' title='bbox 1092 3847 1120 3910; x_wconf 92' lang='lat' dir='ltr'>si</span> <span class='ocrx_word' id='word_1_259' title='bbox 1143 3845 1229 3910; x_wconf 84' lang='lat' dir='ltr'>alius</span> <span class='ocrx_word' id='word_1_260' title='bbox 1251 3847 1550 3913; x_wconf 85' lang='lat' dir='ltr'>acommodatario</span> 
     </span>
     <span class='ocr_line' id='line_1_31' title="bbox 370 3953 1550 4030; baseline 0.003 -15"><span class='ocrx_word' id='word_1_261' title='bbox 370 3971 444 4018; x_wconf 90' lang='lat' dir='ltr'>rem</span> <span class='ocrx_word' id='word_1_262' title='bbox 457 3953 709 4020; x_wconf 85' lang='lat' dir='ltr'>commodatam</span> <span class='ocrx_word' id='word_1_263' title='bbox 723 3958 847 4030; x_wconf 89' lang='lat' dir='ltr'>teneat,</span> <span class='ocrx_word' id='word_1_264' title='bbox 868 3955 967 4020; x_wconf 86' lang='lat' dir='ltr'>datur</span> <span class='ocrx_word' id='word_1_265' title='bbox 982 3959 1102 4021; x_wconf 88' lang='lat' dir='ltr'>contra</span> <span class='ocrx_word' id='word_1_266' title='bbox 1116 3954 1211 4019; x_wconf 84' lang='lat' dir='ltr'>illurn</span> <span class='ocrx_word' id='word_1_267' title='bbox 1226 3957 1365 4021; x_wconf 85' lang='lat' dir='ltr'>tertium</span> <span class='ocrx_word' id='word_1_268' title='bbox 1378 3957 1428 4020; x_wconf 87' lang='lat' dir='ltr'>rei</span> <span class='ocrx_word' id='word_1_269' title='bbox 1443 3955 1550 4020; x_wconf 86' lang='lat' dir='ltr'>vindi-</span> 
     </span>
     <span class='ocr_line' id='line_1_32' title="bbox 371 4059 1551 4151; baseline 0.002 -25"><span class='ocrx_word' id='word_1_270' title='bbox 371 4062 468 4126; x_wconf 89' lang='lat' dir='ltr'>catio.</span> <span class='ocrx_word' id='word_1_271' title='bbox 485 4061 532 4126; x_wconf 88' lang='lat' dir='ltr'>De</span> <span class='ocrx_word' id='word_1_272' title='bbox 546 4063 611 4127; x_wconf 91' lang='lat' dir='ltr'>hoc</span> <span class='ocrx_word' id='word_1_273' title='bbox 625 4067 812 4141; x_wconf 87' lang='lat' dir='ltr'>contractu,</span> <span class='ocrx_word' id='word_1_274' title='bbox 829 4065 886 4148; x_wconf 88' lang='lat' dir='ltr'>qui</span> <span class='ocrx_word' id='word_1_275' title='bbox 898 4063 1017 4146; x_wconf 83' lang='lat' dir='ltr'>gallice</span> <span class='ocrx_word' id='word_1_276' title='bbox 1031 4065 1153 4130; x_wconf 89' lang='lat' dir='ltr'>dicitur</span> <span class='ocrx_word' id='word_1_277' title='bbox 1160 4059 1239 4151; x_wconf 74' lang='lat' dir='ltr'>prii</span> <span class='ocrx_word' id='word_1_278' title='bbox 1252 4065 1274 4128; x_wconf 80' lang='lat' dir='ltr'>cl</span> <span class='ocrx_word' id='word_1_279' title='bbox 1288 4084 1393 4150; x_wconf 80' lang='lat' dir='ltr'>osope</span> <span class='ocrx_word' id='word_1_280' title='bbox 1403 4063 1551 4130; x_wconf 78' lang='lat' dir='ltr'>vulcom-</span> 
     </span>
     <span class='ocr_line' id='line_1_33' title="bbox 372 4169 1474 4251; baseline 0.001 -18"><span class='ocrx_word' id='word_1_281' title='bbox 372 4169 500 4246; x_wconf 84' lang='lat' dir='ltr'>modat‚</span> <span class='ocrx_word' id='word_1_282' title='bbox 517 4171 630 4251; x_wconf 80' lang='lat' dir='ltr'>agitur</span> <span class='ocrx_word' id='word_1_283' title='bbox 641 4171 676 4234; x_wconf 91' lang='lat' dir='ltr'>in</span> <span class='ocrx_word' id='word_1_284' title='bbox 690 4170 810 4236; x_wconf 80' lang='lat' dir='ltr'>Codice</span> <span class='ocrx_word' id='word_1_285' title='bbox 823 4171 912 4237; x_wconf 89' lang='lat' dir='ltr'>civili</span> <span class='ocrx_word' id='word_1_286' title='bbox 926 4175 968 4238; x_wconf 90' lang='lat' dir='ltr'>ab</span> <span class='ocrx_word' id='word_1_287' title='bbox 979 4179 1041 4238; x_wconf 90' lang='lat' dir='ltr'>art.</span> <span class='ocrx_word' id='word_1_288' title='bbox 1054 4175 1133 4239; x_wconf 77' lang='lat' dir='ltr'>tete</span> <span class='ocrx_word' id='word_1_289' title='bbox 1149 4174 1192 4239; x_wconf 89' lang='lat' dir='ltr'>ad</span> <span class='ocrx_word' id='word_1_290' title='bbox 1207 4175 1282 4238; x_wconf 78' lang='lat'><strong>1891</strong></span> <span class='ocrx_word' id='word_1_291' title='bbox 1298 4173 1474 4238; x_wconf 81' lang='lat' dir='ltr'>inclusive.</span> 
     </span>
    </p>

    <p class='ocr_par' dir='ltr' id='par_1_7' title="bbox 372 4277 1553 4800">
     <span class='ocr_line' id='line_1_34' title="bbox 413 4277 1553 4366; baseline 0.004 -25"><span class='ocrx_word' id='word_1_292' title='bbox 413 4277 582 4343; x_wconf 85' lang='lat' dir='ltr'>Hactenus</span> <span class='ocrx_word' id='word_1_293' title='bbox 609 4279 698 4345; x_wconf 83' lang='lat' dir='ltr'>dicta</span> <span class='ocrx_word' id='word_1_294' title='bbox 725 4283 921 4347; x_wconf 89' lang='lat' dir='ltr'>communia</span> <span class='ocrx_word' id='word_1_295' title='bbox 947 4287 1029 4346; x_wconf 86' lang='lat' dir='ltr'>suut</span> <span class='ocrx_word' id='word_1_296' title='bbox 1049 4285 1117 4366; x_wconf 87' lang='lat' dir='ltr'>juri</span> <span class='ocrx_word' id='word_1_297' title='bbox 1149 4283 1295 4366; x_wconf 87' lang='lat' dir='ltr'>utrique,</span> <span class='ocrx_word' id='word_1_298' title='bbox 1322 4281 1486 4348; x_wconf 87' lang='lat' dir='ltr'>canonico</span> <span class='ocrx_word' id='word_1_299' title='bbox 1518 4287 1553 4345; x_wconf 90' lang='lat' dir='ltr'>et</span> 
     </span>
     <span class='ocr_line' id='line_1_35' title="bbox 372 4387 1552 4476; baseline 0.003 -26"><span class='ocrx_word' id='word_1_300' title='bbox 372 4387 474 4463; x_wconf 87' lang='lat' dir='ltr'>civili,</span> <span class='ocrx_word' id='word_1_301' title='bbox 500 4389 573 4454; x_wconf 85' lang='lat' dir='ltr'>sine</span> <span class='ocrx_word' id='word_1_302' title='bbox 597 4388 667 4454; x_wconf 91' lang='lat' dir='ltr'>ulla</span> <span class='ocrx_word' id='word_1_303' title='bbox 688 4389 895 4456; x_wconf 86' lang='lat' dir='ltr'>diversitate.</span> <span class='ocrx_word' id='word_1_304' title='bbox 917 4391 1031 4457; x_wconf 82' lang='lat' dir='ltr'>Codex</span> <span class='ocrx_word' id='word_1_305' title='bbox 1044 4393 1108 4457; x_wconf 88' lang='lat' dir='ltr'>civ.</span> <span class='ocrx_word' id='word_1_306' title='bbox 1130 4409 1201 4456; x_wconf 88' lang='lat' dir='ltr'>non</span> <span class='ocrx_word' id='word_1_307' title='bbox 1223 4410 1383 4476; x_wconf 80' lang='lat' dir='ltr'>expresse</span> <span class='ocrx_word' id='word_1_308' title='bbox 1401 4389 1552 4475; x_wconf 91' lang='lat' dir='ltr'>loquitur</span> 
     </span>
     <span class='ocr_line' id='line_1_36' title="bbox 373 4496 1549 4584; baseline 0 -23"><span class='ocrx_word' id='word_1_309' title='bbox 373 4496 589 4581; x_wconf 77' lang='lat' dir='ltr'>deprecatio,</span> <span class='ocrx_word' id='word_1_310' title='bbox 608 4499 668 4563; x_wconf 86' lang='lat' dir='ltr'>scd</span> <span class='ocrx_word' id='word_1_311' title='bbox 684 4499 872 4584; x_wconf 88' lang='lat' dir='ltr'>jurisperiti</span> <span class='ocrx_word' id='word_1_312' title='bbox 888 4499 1001 4565; x_wconf 89' lang='lat' dir='ltr'>Gallici</span> <span class='ocrx_word' id='word_1_313' title='bbox 1014 4499 1194 4584; x_wconf 72' lang='lat' dir='ltr'>lroplong,</span> <span class='ocrx_word' id='word_1_314' title='bbox 1213 4500 1359 4575; x_wconf 89' lang='lat' dir='ltr'>Pothier‚</span> <span class='ocrx_word' id='word_1_315' title='bbox 1377 4504 1453 4574; x_wconf 83' lang='lat' dir='ltr'>etc,</span> <span class='ocrx_word' id='word_1_316' title='bbox 1469 4498 1549 4562; x_wconf 91' lang='lat' dir='ltr'>illud</span> 
     </span>
     <span class='ocr_line' id='line_1_37' title="bbox 373 4607 1550 4692; baseline 0.006 -26"><span class='ocrx_word' id='word_1_317' title='bbox 373 4609 536 4671; x_wconf 87' lang='lat' dir='ltr'>revocant</span> <span class='ocrx_word' id='word_1_318' title='bbox 553 4607 595 4670; x_wconf 90' lang='lat' dir='ltr'>ad</span> <span class='ocrx_word' id='word_1_319' title='bbox 614 4608 880 4686; x_wconf 89' lang='lat' dir='ltr'>commodatum,</span> <span class='ocrx_word' id='word_1_320' title='bbox 899 4609 1020 4675; x_wconf 87' lang='lat' dir='ltr'>saltem</span> <span class='ocrx_word' id='word_1_321' title='bbox 1040 4609 1198 4692; x_wconf 80' lang='lat' dir='ltr'>generice</span> <span class='ocrx_word' id='word_1_322' title='bbox 1214 4613 1400 4692; x_wconf 90' lang='lat' dir='ltr'>sumptum,</span> <span class='ocrx_word' id='word_1_323' title='bbox 1416 4613 1450 4673; x_wconf 88' lang='lat' dir='ltr'>et</span> <span class='ocrx_word' id='word_1_324' title='bbox 1469 4607 1550 4673; x_wconf 85' lang='lat' dir='ltr'>alias</span> 
     </span>
     <span class='ocr_line' id='line_1_38' title="bbox 373 4712 1401 4800; baseline 0.002 -22"><span class='ocrx_word' id='word_1_325' title='bbox 373 4712 557 4778; x_wconf 86' lang='lat' dir='ltr'>admittunt</span> <span class='ocrx_word' id='word_1_326' title='bbox 570 4715 798 4782; x_wconf 89' lang='lat' dir='ltr'>communiter</span> <span class='ocrx_word' id='word_1_327' title='bbox 812 4718 968 4800; x_wconf 83' lang='lat' dir='ltr'>superius</span> <span class='ocrx_word' id='word_1_328' title='bbox 984 4719 1073 4786; x_wconf 89' lang='lat' dir='ltr'>dicta</span> <span class='ocrx_word' id='word_1_329' title='bbox 1086 4718 1129 4783; x_wconf 87' lang='lat' dir='ltr'>de</span> <span class='ocrx_word' id='word_1_330' title='bbox 1143 4716 1201 4782; x_wconf 91' lang='lat' dir='ltr'>illo</span> <span class='ocrx_word' id='word_1_331' title='bbox 1215 4721 1401 4784; x_wconf 89' lang='lat' dir='ltr'>contractu.</span> 
     </span>
    </p>
   </div>
   <div class='ocr_carea' id='block_1_5' title="bbox 0 0 1772 5574">
    <p class='ocr_par' dir='ltr' id='par_1_8' title="bbox 0 0 1772 5574">
     <span class='ocr_line' id='line_1_39' title="bbox 0 0 1772 5574; baseline 0 0"><span class='ocrx_word' id='word_1_332' title='bbox 0 0 1772 5574; x_wconf 95' lang='lat' dir='ltr'> </span> 
     </span>
    </p>
   </div>
  </div>
 </body>
</html>
