3510 5574
455 595 456 602 ,
570 562 657 607 clena
676 561 803 608 rubelus
823 563 1041 612 DRGRETAUUH.

621 916 846 992 TITULUS
884 917 988 991 XVI.
1034 959 1036 962 ·

672 1095 710 1139 oe
729 1094 872 1140 esrosrro
890 1077 942 1158 (1).

259 1403 354 1468 Nom.
371 1404 569 1487 Depositum
584 1403 620 1467 in
640 1402 757 1468 multis
772 1402 874 1468 altine
890 1407 942 1466 est
960 1403 1177 1468 commodato
1195 1425 1201 1464 :
1225 1403 1303 1467 inde
1319 1403 1397 1466 titu-

219 1513 273 1578 lus
287 1513 328 1578 de
343 1513 498 1596 deposito
514 1511 710 1578 immediate
726 1511 877 1577 succedit
890 1511 988 1576 titulo
1004 1512 1047 1576 de
1067 1512 1294 1578 commodato.

491 1743 497 1760 .
524 1706 544 1755 l.
564 1702 636 1764 Quid
650 1702 680 1756 et
693 1701 846 1768 quotuplex
860 1701 897 1755 sit
910 1701 1090 1766 deposltuml

261 1840 293 1919 α)
308 1839 518 1922 Depositum,
541 1816 642 1921 juxta
654 1837 726 1902 vim
750 1837 912 1916 nominis,
935 1837 1028 1903 idem
1049 1842 1103 1902 est
1120 1855 1160 1904 ac
1183 1837 1225 1902 de
1239 1853 1344 1902 manu
1363 1837 1399 1900 in

219 1965 371 2022 manum,
387 1965 448 2012 seu
470 1947 505 2010 in
526 1945 666 2011 alterius
689 1963 796 2010 manu
815 1946 977 2029 positum.
999 1945 1038 2010 In
1057 1948 1148 2029 jure,
1165 1945 1312 2010 sumitur
1327 1944 1398 2008 sive

219 2074 280 2140 pro
290 2075 327 2120 re
344 2056 417 2138 ipsa
433 2054 598 2138 deposita,
613 2054 685 2118 sive
699 2071 762 2136 pro
774 2058 950 2118 contractu
963 2052 1118 2137 depositi.
1131 2052 1399 2118 lnbocsecuudo

219 2183 322 2230 sensu
335 2166 390 2229 hic
403 2165 571 2250 praecipue
588 2164 745 2228 sumitur.
761 2164 929 2228 Definitur
946 2184 953 2227 :
972 2189 987 2222 α
1003 2162 1200 2229 Contractus
1215 2162 1316 2228 realis
1332 2181 1399 2248 quo
1520 2171 1522 2177 ’

218 2291 273 2337 res
285 2272 385 2338 elicui
396 2272 547 2354 gratuito
559 2271 784 2336 custodienda
796 2271 951 2348 traditur,
964 2271 1269 2348 eaconditione‚ut
1279 2271 1399 2337 eadem
1516 2283 1519 2291 '

218 2381 255 2444 in
269 2379 380 2462 specie
396 2379 438 2444 ad
449 2378 651 2463 deponentis
667 2378 830 2462 placitum
844 2379 1055 2445 restituatur.
1081 2404 1097 2438 »

261 2487 389 2552 Dicitur
400 2487 432 2550 1ο
448 2494 638 2551 contractus
649 2485 761 2563 realis,
779 2487 837 2571 qui
854 2487 997 2570 proinde
1014 2487 1158 2572 requirit
1182 2487 1400 2553 traditionem

221 2596 282 2660 rei.
301 2593 470 2658 1111111111ο
485 2595 635 2678 preterito
655 2592 898 2672 custodienda;
914 2611 996 2658 nam
1018 2593 1047 2656 si
1059 2611 1121 2677 pro
1138 2595 1308 2672 mercede,
1328 2615 1399 2661 non

222 2707 314 2769 esset
327 2702 532 2788 depositum,
545 2701 606 2766 sed
615 2700 800 2767 locatiovel
807 2705 1001 2766 contractus
1015 2701 1260 2768 innominatus.
1273 2703 1401 2768 Dicitur

220 2812 252 2875 3ο
281 2813 316 2876 io
340 2811 458 2896 specie,
480 2828 542 2893 per
565 2809 815 2900 oppositionem
840 2808 884 2873 ad
911 2827 1033 2891 genus,
1058 2809 1204 2894 ideoque
1226 2812 1263 2876 iu
1287 2810 1398 2895 specie

221 2919 313 2983 idem
327 2922 380 2984 est
393 2935 432 2983 ac
446 2919 483 2982 in
495 2934 651 2981 numero.

258 3027 380 3093 Differt
397 3047 418 3092 a
437 3025 666 3100 commodato,
683 3023 763 3108 quia
784 3025 820 3089 in
849 3025 913 3088 hoc
942 3042 997 3088 res
1026 3024 1171 3090 traditur
1196 3027 1240 3091 ad
1267 3031 1400 3090 eertum

221 3154 338 3210 usum;
354 3135 391 3200 in
406 3133 561 3218 deposito
576 3150 660 3198 vero
675 3131 717 3197 ad
728 3150 850 3216 puram
866 3131 1067 3197 custodiam.

258 3237 291 3326 d)
305 3243 474 3307 Dividitur
490 3263 498 3304 :
516 3243 548 3305 1ο
562 3243 599 3304 in
609 3239 775 3322 judiciale
788 3259 849 3305 seu
863 3247 1085 3324 sequestrum,
1102 3259 1170 3324 quo
1186 3259 1240 3306 res
1253 3235 1402 3326 litigiosa

221 3351 311 3436 apud
334 3351 473 3416 tertium
501 3348 683 3433 deponitur
704 3347 758 3430 (de
781 3352 960 3432 sequestro
981 3347 1017 3411 in
1041 3347 1091 3410 tit.
1115 3367 1168 3410 xv1
1191 3347 1268 3412 libri
1292 3349 1343 3432 11),
1365 3355 1401 3415 et

223 3456 482 3540 eatrojudieiale
496 3475 558 3521 seu
571 3455 835 3532 conventionem,
853 3459 912 3520 aut
924 3453 1118 3538 depositum
1132 3455 1223 3534 facti,
1239 3457 1321 3521 dum
1335 3459 1401 3540 pri-

220 3573 321 3634 vatus
335 3565 426 3651 apud
441 3565 613 3650 privatum
627 3581 701 3627 rem
716 3561 976 3627 custodiendam
991 3561 1142 3646 deponit.
1160 3563 1229 3628 Sub
1247 3564 1398 3648 judiciali

108 3666 111 3675 ’
222 3677 417 3742 continetur
444 3673 639 3757 depositum
661 3671 759 3754 juris,
790 3689 858 3754 quo
889 3688 945 3734 res
975 3669 1100 3748 debita,
1129 3671 1288 3737 creditori
1308 3675 1401 3756 juste

223 3785 337 3852 oblata
362 3789 397 3850 ct
417 3786 459 3848 ab
477 3783 552 3866 ipso
567 3783 695 3864 injuste
711 3785 878 3857 recusata,
903 3779 993 3864 apud
1010 3780 1249 3861 magistratum
1269 3781 1325 3846 vel
1345 3781 1401 3846 ali·

224 3913 326 3979 quem
342 3895 385 3958 ab
400 3911 441 3958 eo
457 3892 676 3972 designatum
692 3889 875 3972 deponitur
889 3889 931 3954 ad
944 3888 1176 3953 inducendum
1190 3889 1401 3955 liberationis

223 4004 395 4068 effectum.

262 4108 429 4174 Dividitur
442 4109 475 4172 2⁰
490 4108 770 4173 involuntarium
786 4111 820 4170 et
831 4109 1067 4172 necessarium.
1083 4107 1235 4173 Primum
1251 4113 1303 4172 est
1317 4107 1401 4173 illud

223 4219 325 4303 quod,
337 4217 431 4283 nullo
441 4217 643 4281 imminente
654 4213 816 4299 periculo,
829 4235 873 4280 ex
881 4234 979 4281 mera
987 4215 1112 4280 fiducia
1120 4221 1155 4280 et
1164 4215 1340 4281 voluntate
1350 4217 1398 4279 ut.

181 4366 185 4376 ·
222 4323 751 4393 Necessariumvocaturilludad
761 4324 1192 4409 quodineunduminstens
1202 4325 1398 4400 necessitas,

254 4552 291 4616 (1)
303 4551 341 4601 De
355 4548 401 4600 illo
415 4548 502 4614 agitur
515 4545 544 4599 in
558 4547 634 4612 lust,
648 4547 721 4611 llll,
733 4551 753 4599 1.
772 4559 819 4612 xv,
835 4547 849 4612 ξ
866 4551 890 4610 3,
906 4547 935 4598 in
952 4546 1035 4598 Pend.
1047 4550 1075 4598 et
1087 4547 1162 4611 Ccd.,
1174 4547 1201 4598 b.
1211 4549 1241 4610 1.·,
1255 4545 1343 4611 quoad
1355 4543 1400 4610 jus

224 4630 290 4682 Gall.
303 4629 332 4682 in
345 4629 410 4682 (iod.
426 4629 485 4692 cin,
497 4631 547 4680 ert.
563 4630 633 4693 less,
649 4629 803 4695 11331311,
817 4630 889 4692 1313,
904 4629 965 4682 leel
979 4641 1063 4696 seqq..
1080 4629 1141 4682 losa
1155 4641 1239 4697 seqq„
1254 4625 1399 4690 13331916,

225 4711 286 4763 1952
300 4711 382 4776 (tolca
394 4710 434 4762 tit.
448 4721 469 4763 u
482 4709 545 4762 libri
556 4709 608 4774 111).
