3510 5574
563 573 648 639 usca
671 593 795 640 rannus
816 593 1035 640 unumunurn.
1331 577 1391 640 aaa

214 711 331 796 nequit
353 709 455 776 simul
478 725 553 775 esse
577 709 793 791 provincialis
814 715 850 776 et
870 716 983 778 rector
1004 711 1136 788 localis,
1159 711 1281 778 saltem
1308 713 1392 778 citra

212 819 432 902 apostolicam
446 819 746 904 dispensationem.
907 905 911 914 ι

250 929 284 992 2⁰
307 929 388 994 Duae
417 927 600 1011 dignitates
627 928 684 993 vel
712 929 780 994 duc
809 933 1014 1013 personatus
1042 931 1188 996 obtineri
1214 935 1390 1014 noqueunt

211 1037 314 1102 otiam
341 1037 377 1102 in
403 1037 547 1102 diversis
573 1035 739 1114 ecclesiis,
765 1055 845 1104 cum
867 1041 947 1122 jura
972 1039 1165 1104 indistincte
1193 1038 1386 1124 loquantur.

210 1145 317 1223 Ratio,
334 1145 414 1230 quia
428 1145 611 1228 dignitates
630 1151 665 1210 st
682 1151 886 1230 personatus
901 1147 1035 1227 dejure
1049 1145 1222 1212 assiduam
1238 1147 1389 1212 residen-

210 1253 292 1319 tiam
308 1253 461 1336 exigunt.

249 1363 281 1426 3⁰
300 1361 374 1427 buo
398 1363 564 1428 beneficia
587 1363 770 1430 uniformia
794 1364 858 1429 sub
883 1363 1006 1430 eodem
1030 1366 1136 1438 tecto',
1153 1367 1193 1428 ut
1215 1367 1296 1428 sunt
1318 1363 1387 1430 duo

208 1472 427 1540 canonicatus
451 1473 510 1554 (ita
529 1490 602 1557 cap.
619 1473 659 1538 28
672 1491 723 1557 pr.
740 1473 815 1554 tit).
840 1472 974 1538 Etenim
999 1491 1069 1538 non
1093 1472 1186 1537 idern
1205 1471 1387 1538 dicendum

208 1585 262 1646 est
287 1581 328 1648 de
345 1581 519 1646 beneficiis
541 1581 755 1647 difformibus
768 1600 809 1648 ac
831 1582 873 1647 de
895 1580 1132 1659 uniformibus,
1150 1581 1230 1665 quia
1248 1581 1277 1644 si
1296 1599 1386 1645 unus

205 1689 349 1754 haberet
370 1689 437 1756 duo
458 1691 624 1756 beneflcio
638 1691 831 1768 uniformia,
848 1690 1063 1756 minueretur
1083 1705 1249 1754 numerus
1269 1689 1387 1754 minis-

206 1801 340 1863 trorum
358 1802 392 1864 et
410 1804 661 1884 consequenter
680 1798 792 1864 cultus
807 1798 944 1864 divinus
961 1818 968 1862 :
985 1797 1013 1863 si
1031 1815 1115 1864 vero
1137 1817 1226 1862 unus
1245 1798 1387 1863 haberet

206 1905 277 1971 duo
290 1907 455 1972 beneficia
468 1907 649 1984 difformis,
663 1910 781 1992 posset
801 1911 954 1991 tempore
975 1905 1110 1972 diverso
1132 1906 1267 1990 utrique
1288 1907 1386 1971 satis·

202 2015 327 2080 facere.

244 2124 278 2188 4⁰
291 2124 365 2189 buo
390 2125 556 2190 beneficia
577 2123 748 2207 regularia
768 2125 931 2191 inferiora
952 2142 1023 2190 non
1043 2127 1189 2208 possunt
1204 2125 1247 2190 ab
1262 2125 1385 2190 eodem

202 2231 365 2316 religioso
394 2233 555 2311 obtineri,
579 2233 682 2309 etiarn
708 2235 743 2297 in
767 2233 911 2299 diversis
932 2233 1164 2310 monasteriis,
1185 2233 1251 2297 nisi
1277 2251 1384 2298 unum

204 2341 301 2408 alteri
316 2341 543 2407 sitadnexum
556 2343 697 2425 (aith.
712 2347 736 2408 t.
753 2343 859 2426 inca).
1220 2423 1222 2430 Ι

243 2451 278 2515 5⁰
301 2451 335 2515 Si
360 2469 469 2515 rmum
498 2451 643 2517 sufficiat
668 2452 712 2517 ad
734 2469 923 2534 congruam
947 2451 1234 2518 sustentationem
1254 2450 1381 2529 clerici,

202 2560 350 2626 alterum
365 2559 605 2645 quodcumque
619 2565 673 2625 est
685 2560 938 2646 incompatibile
952 2578 1031 2625 cum
1045 2561 1130 2644 ipso,
1146 2560 1211 2624 etsi
1223 2577 1384 2644 persona·

201 2667 272 2734 lem
286 2668 508 2734 residentiam
524 2687 594 2736 non
612 2670 774 2754 requirat.
791 2669 842 2734 lta
861 2672 919 2754 jus
941 2670 1122 2754 antiquum
1144 2673 1384 2734 renovatuma

202 2777 291 2842 Trid.
307 2781 401 2860 (sess.
418 2777 469 2853 24,
486 2778 528 2842 de
541 2779 641 2861 defi).
658 2777 699 2842 Et
716 2777 833 2860 glossa
852 2779 888 2842 in
910 2795 983 2862 cap.
1002 2777 1043 2842 bt
1057 2778 1099 2842 de
1119 2776 1291 2842 Electioce
1304 2777 1352 2842 sit
1373 2798 1381 2840 :

202 2886 300 2964 «Qui
319 2885 423 2950 habet
443 2887 609 2952 beneficia
630 2905 777 2972 quorum
797 2886 944 2952 alterum
964 2904 1027 2970 per
1047 2905 1085 2951 se
1106 2886 1288 2961 sufficeret,
1311 2903 1382 2950 non

199 2999 314 3079 potest
336 2995 409 3061 sine
428 2999 568 3078 peccato
589 2995 724 3062 mortali
739 2994 831 3061 aliud
845 2995 1004 3060 retinere.
1020 3017 1036 3052 a
1052 2993 1161 3070 Ratio,
1179 2993 1258 3078 quia
1271 2992 1382 3077 plura·

198 3103 278 3168 litas
297 3104 552 3182 beneficiorum,
572 3105 655 3170 dum
669 3121 778 3169 unum
796 3103 922 3169 sufficit
935 3101 978 3168 ad
998 3102 1294 3178 sustentationem,
1311 3119 1381 3166 non

200 3217 335 3279 tantum
359 3213 543 3297 opponitur
559 3213 630 3298 juri
652 3213 811 3297 positivo,
828 3213 889 3278 sed
915 3217 950 3278 et
969 3211 1038 3296 juri
1059 3209 1216 3276 naturali.
1230 3210 1326 3287 Nam,
1344 3213 1383 3274 ut

200 3321 324 3388 dicitur
343 3321 380 3386 in
404 3327 533 3386 extrav.
554 3321 796 3402 Eueecrodilia,
817 3321 877 3407 qui
900 3319 998 3405 plura
1020 3319 1189 3405 stipendia
1213 3319 1377 3404 praeripit,

200 3447 277 3514 quae
288 3431 495 3515 pauperibus
509 3429 643 3497 idoneis
655 3429 786 3495 clericis
800 3428 936 3496 abunda
948 3429 1156 3505 sufficerent,
1171 3427 1243 3510 agit
1262 3431 1381 3492 contra

198 3541 409 3622 pracceptum
423 3536 595 3603 naturale:
617 3537 715 3616 Quod
729 3537 789 3602 tibi
802 3537 877 3602 lieri
898 3555 968 3602 uon
985 3536 1050 3612 vis,
1068 3533 1166 3601 alteri
1182 3553 1227 3600 ne
1245 3534 1377 3600 feceris.

199 3645 345 3722 Deinde,
362 3651 401 3709 ut
425 3645 540 3711 subdit
565 3647 713 3712 loannes
737 3645 836 3722 XXII,
851 3644 1056 3710 habentibus
1078 3643 1177 3728 plura
1198 3643 1378 3718 beneficia,

199 3759 341 3838 paratur
366 3755 511 3821 materia
531 3754 694 3838 vagandi,
718 3755 856 3820 divium
878 3753 990 3820 cultus
1014 3753 1194 3830 minuitur,
1217 3753 1379 3818 vitiorum

199 3863 393 3928 fomentum
405 3863 594 3948 periculose
608 3865 790 3948 praebotur.
805 3863 871 3930 Nec
885 3861 1097 3929 consuetudo
1116 3861 1152 3926 in
1171 3861 1379 3926 bunuarium

199 3969 307 4046 valet3
324 3989 405 4036 nam
418 3989 498 4036 cum
512 3973 656 4038 advorsa
670 3972 715 4036 sit
725 3973 795 4056 juri
810 3970 967 4048 naturali,
981 3975 1034 4036 eat
1047 3969 1188 4034 omnino
1202 3968 1378 4034 irrationa-

200 4077 287 4155 bilis,
305 4083 340 4142 et
363 4077 484 4144 dicitur
503 4078 706 4164 surruptum,
732 4079 774 4146 de
789 4078 983 4146 ambitionis
998 4081 1033 4144 et
1052 4076 1245 4161 cupiditatis
1265 4074 1377 4141 radice

200 4185 399 4269 procedens.

404 4375 447 4426 111.
465 4375 504 4428 be
516 4373 728 4440 dispensatione
741 4373 772 4428 ta
785 4373 947 4440 pluralitate
960 4371 1173 4427 beneficiorum.

241 4513 274 4590 o)
286 4513 481 4606 Dispensari
494 4517 609 4598 potest
621 4514 660 4597 (c.
673 4515 758 4579 9811.
769 4515 819 4597 t),
836 4517 871 4580 et
883 4512 995 4598 praxis
1016 4513 1209 4578 communis
1222 4511 1275 4578 -ita
1294 4513 1375 4586 fert;

201 4623 236 4682 ot
257 4620 323 4686 hoc
346 4621 545 4699 admittitur,
571 4623 635 4688 etsi
653 4624 820 4690 beneficia
840 4623 909 4688 sint
930 4624 1008 4707 jure
1026 4620 1173 4688 naturali
1201 4624 1236 4688 et
1261 4619 1377 4684 divino

202 4725 476 4813 incompatibilia.
500 4731 684 4816 Dupliciter
709 4733 898 4818 dispensari
925 4735 1039 4816 potest
1066 4750 1073 4793 :
1101 4731 1132 4794 l⁰
1161 4730 1377 4813 dispensatur
