3488 5564
371 552 410 620 to
828 569 879 617 rus
900 571 1079 618 canonicum

370 686 427 752 vel
440 687 595 753 decanea
605 685 779 771 spirituali.
793 686 916 753 Contra
928 691 1061 770 patrem
1070 703 1172 769 egere
1186 685 1314 770 nequit,
1326 687 1391 753 nisi
1402 689 1541 756 obtenta

370 797 525 881 praetoris
553 815 614 862 seu
634 797 757 882 judicis
781 797 901 873 venia;
922 801 1072 863 attamen
1095 798 1286 879 generatim
1306 816 1407 880 agere
1428 803 1541 884 potest

371 906 511 972 nomine
520 905 643 984 alieno,
656 911 739 994 puta
750 907 886 984 tutorio,
900 907 1143 992 procuratorio,
1158 905 1239 972 dum
1248 909 1359 992 major
1368 909 1412 974 sit
1421 908 1540 991 viginti

373 1015 523 1102 quinque
535 1016 644 1082 annis.

411 1123 621 1202 rudiores,
638 1125 760 1192 saltam
772 1124 932 1203 illustres,
946 1126 1112 1202 honestae,
1129 1126 1319 1210 praesertim
1338 1125 1480 1204 nobiles,
1506 1129 1543 1192 in

372 1251 475 1300 causa
489 1233 589 1312 civili,
605 1235 720 1301 invitae
735 1239 912 1321 nequeunt
925 1235 1012 1302 trabi
1026 1235 1245 1319 iniudicium.
1258 1235 1292 1300 Si
1306 1239 1422 1300 tamen
1436 1237 1543 1304 uelint

373 1361 475 1426 agere
498 1347 534 1408 el
556 1344 762 1428 respondere
785 1345 822 1409 in
836 1363 889 1422 eo,
915 1345 1058 1429 possint,
1080 1343 1145 1408 nisi
1167 1347 1282 1410 essent
1301 1345 1479 1412 moniales.
1505 1345 1543 1412 ln

372 1451 601 1518 criminalibus
615 1457 792 1538 nequeunt
805 1471 907 1534 agere
920 1452 977 1518 vel
989 1471 1147 1520 accusare
1157 1441 1167 1528 ;'
1175 1471 1296 1517 verum
1311 1454 1340 1518 si
1350 1455 1472 1519 atrocis
1486 1455 1545 1520 ali-

372 1563 471 1644 cujus
486 1561 636 1627 criminis
651 1567 731 1626 sunt
744 1579 822 1638 raae,
837 1561 952 1626 invite
973 1561 1010 1626 in
1023 1561 1192 1644 judicium
1212 1561 1437 1645 personaliter
1458 1565 1545 1628 trahi

373 1675 527 1756 possunt.
542 1671 639 1738 Ratio
652 1671 889 1756 prohibitionis
903 1670 1072 1753 generalis
1091 1671 1202 1756 qrroad
1217 1671 1377 1736 mulieres
1399 1674 1452 1736 est
1467 1673 1546 1756 quia

373 1801 444 1848 non
458 1782 556 1848 deest
566 1781 728 1848 mulieres
742 1782 860 1864 vagari
875 1785 910 1847 et
920 1782 1055 1848 misceri
1069 1783 1106 1846 in
1119 1783 1264 1848 cratibus
1290 1784 1441 1851 virorum
1466 1783 1504 1866 (o.
1526 1785 1546 1848 i

374 1891 408 1958 h.
427 1895 451 1954 i.
467 1891 503 1956 in
517 1892 571 1974 θ’).

414 2002 446 2066 6⁰
459 2000 777 2066 Exeommunicatus
802 2001 1154 2066 excommunicatione
1179 2001 1360 2084 majorici
1386 2001 1546 2068 vitandus

376 2113 495 2195 nequit
507 2111 682 2195 injudicio
697 2115 787 2176 stare
802 2115 840 2176 ut
855 2119 959 2192 actor,
974 2111 1041 2175 nisi
1054 2111 1090 2174 in
1104 2127 1208 2176 causa
1231 2129 1301 2175 suae
1318 2113 1548 2176 excommuni·
1617 2116 1621 2125 “

375 2221 518 2286 cationis
532 2221 588 2286 vel
597 2219 736 2305 pericrdi
747 2219 869 2286 animae
881 2241 889 2282 τ
903 2239 936 2284 v.
950 2239 982 2302 g.
994 2221 1030 2284 in
1040 2217 1346 2288 matrimonialibus
1359 2240 1367 2295 ;
1384 2223 1545 2296 attamen,

376 2329 404 2392 si
416 2347 488 2396 non
502 2333 555 2394 est
567 2330 737 2407 vitandus,
752 2334 869 2413 posset
882 2329 1046 2396 admittis
1057 2328 1182 2412 judice,
1201 2347 1340 2394 seunon
1355 2328 1547 2394 necessario

377 2445 429 2504 eet
442 2439 667 2524 repellendus.
679 2439 998 2504 Excommnnicatris
1013 2438 1183 2516 vitandus,
1201 2439 1228 2502 si
1241 2443 1332 2503 asset
1344 2456 1421 2503 reus
1434 2457 1548 2504 neces-

377 2550 496 2627 sarius,
512 2567 582 2614 non
603 2549 714 2614 solum
739 2550 985 2626 admitteretur,
1009 2549 1069 2614 sed
1094 2549 1198 2614 etiam
1223 2547 1484 2632 compelleretur
1506 2549 1548 2613 ad

376 2657 671 2752 respondendum,
690 2677 733 2722 ne
756 2677 800 2723 ex
820 2677 883 2722 sua
902 2658 1115 2724 contumacia
1135 2661 1287 2742 reportet
1311 2656 1546 2732 commodum3

375 2785 497 2831 verum
519 2770 557 2831 ut
580 2785 660 2831 reus
682 2765 906 2844 voluntarius,
932 2766 1026 2832 nullo
1049 2766 1152 2832 modo
1176 2751 1376 2843 admittitur,
1406 2765 1466 2831 sed
1490 2783 1551 2849 per

377 2880 630 2959 procuratorem
645 2894 746 2958 agere
762 2877 873 2942 debet.

415 2986 448 3048 7⁰
464 2985 654 3067 Religiosus
676 2987 796 3070 nequit
818 2985 1002 3051 convenire
1019 3003 1082 3051 nec
1101 2985 1277 3052 conveniri
1292 2985 1365 3050 sine
1380 3002 1551 3050 consensu

377 3093 516 3176 praelati,
540 3111 638 3159 secus
661 3098 737 3158 acte
764 3095 806 3158 ab
825 3113 865 3159 ec
888 3095 1090 3178 essentipso
1110 3097 1188 3176 jure
1211 3093 1316 3171 irrita,
1338 3093 1410 3158 sive
1432 3097 1553 3158 statut

377 3205 480 3279 actor,
498 3201 724 3279 siverimus,
742 3203 814 3268 sive
834 3221 956 3287 perse,
973 3203 1122 3287 siveper
1137 3205 1403 3286 procuratorem.
1423 3199 1553 3285 Excipi-

378 3315 433 3375 tur
443 3315 568 3388 tamen,
584 3331 617 3376 u.
629 3331 674 3394 g,
690 3313 1061 3378 sihebeetbeneilcinm
1071 3311 1335 3378 ecclesiasticum
1349 3312 1403 3377 cui
1418 3329 1553 3376 annexa

378 3423 470 3485 esset
495 3419 609 3505 aliqua
630 3421 903 3492 administratio:
930 3425 1087 3506 respectu
1108 3422 1212 3505 hujus
1235 3420 1549 3497 administrationis,

377 3532 535 3593 censetur
555 3531 606 3593 sui
624 3531 722 3613 juris.
736 3529 907 3614 Excipitur
921 3532 1024 3594 etiam
1039 3531 1067 3595 si
1086 3549 1147 3614 pro
1162 3530 1219 3596 uel
1232 3536 1351 3596 contra
1372 3529 1551 3616 praelatum

377 3641 504 3719 ageret.
522 3637 701 3722 speciatim
714 3638 873 3723 praelatus
886 3639 921 3703 in
934 3657 1038 3704 causa
1049 3641 1223 3705 communi
1238 3640 1387 3705 ecclesiae
1400 3659 1503 3724 agere
1517 3644 1551 3704 et

378 3748 584 3831 respondere
598 3753 720 3833 potest,
738 3749 840 3814 etiam
853 3750 926 3814 sine
939 3767 1111 3814 consensu
1125 3749 1273 3835 capituli.
1287 3749 1381 3816 Circa
1391 3748 1549 3834 prelatos

378 3855 551 3939 regulares
560 3857 744 3942 speciatim,
757 3857 966 3925 consulenda
980 3862 1061 3924 sunt
1071 3859 1208 3943 propria
1217 3863 1354 3924 statuta.
1367 3857 1547 3935 Parachus,

379 3965 407 4029 si
422 3964 514 4032 solus
531 3966 782 4032 administraret
802 3967 892 4032 bona
915 3966 1076 4044 ecclesiae,
1101 3959 1338 4034 admitteretur
1352 3969 1389 4030 in
1407 3965 1546 4051 judicio,

378 4093 448 4140 non
463 4079 577 4140 tamen
591 4075 727 4141 excluso
743 4075 909 4161 episcope,
928 4077 1007 4161 quia
1021 4077 1209 4161 episcopus,
1223 4080 1261 4140 ut
1274 4075 1466 4160 principalis
1480 4093 1549 4140 rec·

380 4187 432 4247 tor
454 4181 618 4262 dioecesis,
640 4185 871 4268 praeferendus
887 4189 976 4250 esset
991 4183 1129 4250 cuilibet
1141 4184 1288 4269 parocho
1303 4181 1359 4248 vel
1380 4183 1546 4258 inferiori,

379 4291 439 4355 sed
452 4293 525 4357 haec
545 4292 790 4359 administratio
801 4295 969 4359 bonorum
983 4293 1133 4360 ecelesiae
1149 4311 1240 4358 nunc
1254 4293 1454 4379 plerumque
1467 4311 1550 4378 pen-

379 4401 437 4472 det
450 4419 470 4473 a
482 4401 692 4473 concordatis
705 4401 869 4470 locorum.
