3504 5566
528 526 614 571 arnse
635 523 785 572 servanus
806 523 1024 570 nncnamuuv.
1302 505 1361 572 ree

194 641 325 704 tionum
339 647 391 704 est
413 646 487 705 tum
509 641 702 706 reverentia
720 641 789 706 Deo
805 641 929 717 debita,
949 661 1023 726 quse
1041 642 1146 723 exigit
1160 647 1198 706 ut
1214 644 1362 723 gravitas

189 748 374 829 juramenti
393 749 435 812 ab
455 748 538 812 illud
559 749 753 832 praestando
774 754 939 824 arceatur,
959 755 994 814 et
1011 751 1199 832 perjurium
1224 749 1360 825 vitetur,

193 863 264 919 tum
285 858 363 940 quia
389 857 589 938 dignitatem
613 858 741 940 ordinis
765 857 983 923 sacerdotalis
1002 875 1072 923 non
1099 858 1196 922 decet
1218 857 1361 922 dubitari

191 964 288 1028 facile
303 965 344 1030 de
360 967 502 1031 veritate
517 971 737 1032 assertorum.

599 1169 630 1218 tl.
648 1165 774 1218 varietas
787 1165 954 1230 juramenti.

231 1303 265 1384 a)
280 1303 471 1368 Notandum
485 1305 639 1387 estquod
654 1306 826 1386 objectum
837 1306 1024 1386 juramenti
1039 1309 1091 1368 est
1103 1305 1243 1388 duplicis
1260 1324 1362 1386 gene-

193 1410 249 1487 ris,
265 1412 392 1477 seilicet
406 1415 437 1476 1ο
451 1415 578 1477 iactum
592 1419 652 1478 eut
672 1433 741 1478 non
756 1415 884 1478 lactum
899 1415 1107 1496 praeteritum
1122 1419 1181 1478 aut
1194 1433 1362 1497 praesens3

192 1519 223 1580 2·
238 1521 365 1585 iactum
381 1527 522 1586 autnon
538 1523 664 1586 lactum
681 1525 845 1586 futurum.
862 1521 979 1605 ltaque

233 1628 264 1710 b)
277 1629 514 1693 iuramentum
535 1631 696 1694 dividitur
717 1651 724 1692 :
748 1633 779 1694 1⁰
798 1637 832 1694 et
852 1629 1081 1714 principaliter
1095 1632 1130 1716 in
1150 1634 1364 1695 asceterium

194 1740 227 1798 et
237 1738 492 1818 promissorium
507 1755 518 1802 :
536 1757 597 1820 per
618 1739 768 1820 primum
788 1739 952 1802 asseritur
973 1740 1098 1802 veritas
1121 1740 1170 1802 rei
1189 1743 1365 1822 praesentis

194 1849 252 1906 aut
265 1845 445 1925 praeteritas
458 1865 465 1918 ;
480 1863 541 1928 per
548 1845 693 1909 alterum
704 1851 819 1910 autem
832 1847 987 1909 ssrmatur
998 1847 1177 1927 promissio
1189 1845 1362 1910 defuturo.

194 1949 379 2034 Utrumque
392 1952 618 2016 subdividitur
631 1954 702 2016 sive
717 1953 752 2014 in
765 1953 908 2036 simplex
920 1953 1117 2030 etrelemne,
1129 1961 1231 2035 prout
1243 1955 1280 2016 sst
1292 1955 1364 2018 sine

194 2057 270 2122 ullis
287 2059 568 2136 solemnitatibus,
585 2061 641 2124 vel
655 2079 769 2124 eoram
786 2061 959 2142 superiore
981 2065 1106 2124 etcum
1121 2061 1227 2126 solitis
1243 2061 1366 2127 solem-

193 2166 368 2244 nitatibus,
384 2168 505 2232 sivein
519 2168 696 2248 jndicioie‚
721 2168 811 2250 quod
831 2169 866 2230 in
884 2167 1022 2250 judicio,
1043 2175 1077 2232 et
1095 2171 1362 2250 entrojudieiolr,

194 2275 284 2356 quod
300 2281 396 2340 extra
407 2276 573 2358 judicium
588 2278 636 2338 fit.
845 2339 849 2348 ,

232 2383 265 2446 2⁹
280 2385 507 2450 Assertorium
527 2387 652 2449 iterum
674 2385 834 2449 dividitur
852 2385 887 2448 in
909 2387 977 2448 litis
996 2385 1203 2461 derisorium,
1221 2387 1311 2468 quod
1328 2389 1366 2450 sst

193 2508 296 2554 causa
307 2491 376 2556 litis
388 2494 556 2565 liniendae,
574 2499 609 2557 et
624 2494 690 2556 litis
714 2495 970 2556 aestimatorium
993 2513 1053 2557 seu
1069 2495 1104 2557 in
1120 2494 1222 2570 litem,
1243 2514 1310 2578 quo
1324 2494 1365 2558 lis

195 2617 256 2662 seu
270 2617 326 2662 res
340 2605 561 2664 controversa
575 2601 772 2664 aestimatur.

234 2709 267 2771 3⁰
282 2708 365 2772 Liris
383 2707 580 2772 derisorium
603 2708 772 2772 subdividi
792 2709 879 2774 solet
897 2711 932 2772 in
954 2709 1196 2788 voluntarium,
1216 2711 1306 2794 quod
1324 2729 1366 2774 ex

193 2813 300 2879 libera
320 2816 548 2880 conventione
571 2833 650 2898 pars
676 2817 762 2898 parti
788 2817 906 2892 defert,
934 2819 1007 2881 sine
1037 2817 1106 2882 ulla
1123 2819 1364 2900 approbatione

192 2923 333 3003 judicis;
358 2924 393 2986 in
408 2923 573 3004 judiciale
595 2926 752 3010 spernitur,
775 2927 865 3007 quod
889 2944 967 3008 pars
985 2927 1071 3008 parti
1092 2925 1200 2990 defert
1226 2928 1261 2990 in
1278 2927 1366 3010 judi-

194 3031 263 3102 cio,
288 3032 497 3112 approbante
519 3031 645 3113 Judice,
675 3031 709 3096 et
732 3033 871 3096 tandem
890 3035 1125 3110 necessarium,
1145 3035 1235 3116 quod
1259 3035 1365 3116 judex

88 3146 93 3159 ·
195 3137 305 3202 defert
333 3137 485 3202 alterutri
511 3141 596 3221 parti
626 3140 668 3203 ad
693 3139 930 3222 complendam
952 3141 1087 3223 plenam
1111 3143 1364 3224 probationem;

195 3245 286 3309 unde
306 3253 447 3310 vocatur
463 3246 565 3310 etiam
585 3247 842 3331 suppletorium,
859 3265 938 3310 eum
957 3247 1128 3313 deferatur
1148 3251 1283 3330 quando
1302 3249 1367 3313 alia

195 3353 348 3435 probatio
364 3371 433 3417 non
449 3355 605 3436 suppetit.

530 3591 543 3654 t
563 3578 595 3646 11'.
616 3587 656 3646 lte
670 3588 844 3660 juramento
863 3591 1036 3650 assertoris.

234 3757 471 3824 iuramentum
494 3762 726 3838 assentorium,
754 3763 808 3824 oui
832 3763 979 3827 maxime
1001 3763 1162 3826 convenit
1183 3767 1367 3844 conceptus

193 3868 391 3950 juramenti,
401 3868 635 3932 consideratur
644 3887 713 3950 pree
724 3869 794 3932 suis
804 3869 982 3952 praecipuis
994 3868 1229 3944 divisionibus,
1239 3870 1274 3932 in
1283 3889 1367 3953 quas

197 3975 392 4040 immediate
407 3975 598 4040 resolvitur.

516 4177 536 4227 1.
553 4177 592 4228 De
604 4175 767 4239 juramento
782 4175 840 4228 litis
855 4176 1046 4230 estimatorio.

237 4315 368 4398 utillud
387 4319 622 4398 juramentum
642 4318 679 4380 in
703 4315 808 4394 litem,
837 4336 895 4382 seu
918 4335 989 4402 ,quo
1012 4335 1067 4382 res
1090 4323 1311 4384 conuoversa
1330 4321 1364 4383 in

193 4425 359 4508 judicium
374 4423 519 4488 deducta
538 4425 736 4500 aestimatur,
755 4430 807 4488 est
822 4425 943 4509 triplex
961 4446 967 4486 :
990 4427 1022 4488 t⁰
1036 4444 1123 4490 vera
1135 4428 1366 4492 estimationis

197 4549 258 4595 seu
271 4533 433 4607 cementis,
453 4531 543 4614 quod
564 4531 746 4614 deponitur
763 4551 866 4616 super
878 4533 1066 4616 quantitate
1079 4551 1140 4598 seu
1154 4553 1236 4598 vero
1250 4535 1365 4600 valore

198 4641 264 4706 rei:
290 4641 323 4702 Ψ
342 4638 537 4720 offertionis,
562 4641 651 4724 quod
674 4642 856 4724 deponitur
875 4641 917 4705 de
931 4642 1046 4706 valore
1068 4643 1114 4708 rei
1130 4641 1228 4708 valde
1242 4645 1363 4722 charae,
