3498 5572
375 535 436 602 ur
479 527 480 538 ’
837 557 887 602 rus
908 555 1087 603 csuomcuu.

376 681 524 740 vovente
539 675 759 759 incapacitate
783 675 923 740 dominii
947 675 1057 759 quoad
1072 675 1187 740 omnia
1201 675 1291 740 bona
1304 671 1483 738 retinenda
1497 673 1553 738 vel

375 783 594 867 acquirenda,
611 785 659 848 ita
680 787 718 848 ut
734 783 806 846 hmo
828 783 1033 866 incapacitas
1055 781 1213 848 excludat
1234 783 1339 846 etiam
1363 781 1553 846 dominium

374 889 534 954 radicale.
550 891 583 954 30
597 891 672 956 Voti
695 889 898 955 obedientia
923 889 1122 954 solemnitas
1147 889 1259 953 reddit
1282 887 1464 953 irritabiles
1491 907 1553 972 per

375 999 586 1082 superiorem
607 1014 728 1063 omnes
750 999 996 1081 promissiones
1014 997 1085 1062 sive
1100 997 1172 1061 Deo
1188 997 1259 1062 sive
1274 997 1472 1062 hominibus
1485 998 1553 1061 lac-

375 1113 431 1174 tas
449 1114 534 1192 post
548 1109 808 1193 professionem.
826 1107 943 1193 ltaque
968 1108 1167 1172 solemnitas
1189 1108 1377 1172 universim
1397 1107 1553 1172 consistit

374 1216 409 1278 in
423 1216 626 1300 quibusdam
646 1215 827 1282 aureuma
841 1234 926 1302 quos
941 1215 1089 1280 Ecclesia
1101 1215 1218 1296 alligat
1232 1216 1321 1280 votis
1341 1213 1551 1279 solemnibus

373 1341 442 1406 prae
470 1323 694 1408 simplicibus;
717 1323 751 1388 hi
775 1325 920 1389 effeetus
938 1325 1131 1392 consistunt
1149 1323 1185 1387 in
1209 1325 1243 1387 vi
1268 1323 1420 1390 irritandi
1438 1327 1550 1387 certos

373 1437 469 1497 actus
482 1433 681 1498 accidentali
695 1435 895 1517 perfectioni
908 1439 1068 1500 votorum
1082 1434 1282 1502 omousios.

413 1540 443 1624 b)
458 1539 517 1605 Hic
536 1545 645 1606 status
660 1541 824 1626 oripinem
842 1542 946 1607 habet
959 1559 1003 1605 ex
1014 1543 1092 1624 jure
1109 1541 1235 1618 divino,
1254 1559 1320 1608 sea
1336 1540 1549 1606 institutione

373 1647 505 1724 Christi,
522 1649 579 1730 qui
593 1648 628 1712 in
642 1647 827 1730 Evangelio
842 1651 957 1734 posuit
971 1649 1035 1713 tria
1051 1648 1194 1713 consilia
1208 1648 1251 1731 (S.
1268 1647 1399 1725 ltiattb.,
1414 1665 1487 1732 cap.
1505 1667 1547 1725 rx,

373 1756 422 1830 li,
439 1755 490 1832 ib
505 1775 568 1832 xrs,
585 1755 639 1832 ab
653 1775 718 1834 xix,
734 1757 795 1839 tl).
811 1755 918 1837 Igitur
941 1755 1131 1820 secundum
1153 1775 1189 1820 se
1212 1759 1247 1818 et
1260 1756 1373 1838 quoad
1396 1755 1554 1824 substan-

372 1863 465 1940 tiam,
483 1867 591 1928 status
610 1863 791 1945 religiosus
814 1865 990 1928 institutus
1014 1870 1067 1928 est
1091 1865 1133 1930 ab
1154 1863 1229 1948 ipso
1253 1863 1395 1928 Gbristo.
1413 1861 1447 1926 Si
1467 1879 1549 1926 vero

372 1971 607 2037 consideretur
631 1971 743 2056 quoad
764 1972 1085 2037 determinationem
1099 1976 1133 2036 et
1153 1971 1391 2056 particularem
1411 1969 1549 2034 vivendi

372 2079 524 2155 modum,
542 2081 614 2144 sive
636 2079 801 2162 regulam,
818 2085 871 2144 est
889 2081 976 2162 juris
995 2077 1224 2154 ecclesiastici,
1241 2097 1320 2143 cum
1339 2077 1487 2161 pendeat
1507 2079 1549 2140 ab
1585 2101 1589 2108 ⁴

372 2189 615 2272 approbatione
631 2189 804 2266 Ecclesiae;
819 2191 892 2253 sine
913 2189 976 2254 hnc
995 2189 1251 2274 approbatione,
1268 2187 1383 2253 nullus
1399 2194 1452 2252 est
1465 2187 1549 2253 ordo

371 2297 562 2379 religiosus.
572 2298 620 2362 Ex
636 2317 704 2382 quo
719 2299 874 2383 sequitur
887 2299 978 2381 quod
993 2297 1150 2374 Ecclesia,
1160 2297 1268 2362 libera
1283 2315 1345 2362 sus
1360 2295 1547 2372 voluntate,

371 2407 479 2488 possit
499 2413 609 2472 certas
629 2408 842 2474 conditiones
867 2413 1028 2485 statuere,
1045 2427 1107 2492 per
1124 2427 1209 2493 quas
1232 2407 1460 2472 coustituetur
1483 2409 1549 2468 sta·

371 2519 426 2579 tus
441 2516 633 2598 religiosus,
647 2535 773 2602 easque
788 2523 921 2581 mutare
936 2535 998 2600 pro
1013 2523 1208 2599 temporum
1222 2517 1397 2580 varietate.

411 2623 498 2686 Olim
521 2623 802 2708 approbationem
825 2625 984 2690 ordinum
1008 2621 1249 2706 religiosorum
1271 2628 1434 2706 praestare
1454 2627 1549 2704 pote·

370 2735 448 2794 rant
469 2731 636 2816 episcopi;
653 2733 713 2797 sed
737 2751 758 2797 a
778 2733 989 2816 temporibus
1004 2731 1192 2797 Innocentii
1214 2730 1257 2794 ΙΙΙ
1282 2735 1317 2794 et
1339 2747 1548 2812 consequen-

371 2839 457 2903 tium
476 2839 689 2918 Pontificum,
706 2841 799 2906 solus
821 2840 910 2924 Papa
929 2845 1043 2924 potest
1066 2841 1254 2924 approbare
1279 2838 1498 2921 religionem
1513 2835 1548 2898 id

370 2949 550 3014 coufirmat
563 2951 677 3033 praxis
692 2951 864 3029 continua,
882 2955 1006 3034 praeter
1020 2967 1114 3015 cono.
1139 2948 1299 3031 generale
1320 2947 1547 3028 Lugdunense

372 3057 435 3120 sub
451 3057 589 3138 Gregor.
603 3059 633 3121 X
647 3059 730 3142 (cap.
750 3077 808 3122 un.
826 3059 867 3122 cle
879 3059 984 3142 llelr'p.
1003 3059 1092 3156 dom.
1108 3059 1143 3122 in
1158 3059 1212 3140 60).

598 3257 630 3308 u.
646 3257 686 3308 De
699 3255 786 3308 variis
798 3255 950 3321 generibus
964 3256 1092 3310 statuum
1107 3255 1312 3320 religiosorum.
1396 3309 1399 3314 ,

411 3389 494 3474 α)Ηί
516 3396 624 3456 status
647 3397 852 3457 revocantur
866 3393 909 3458 ad
924 3394 988 3458 tria
1002 3411 1140 3474 genera,
1160 3391 1317 3456 videlicet
1338 3389 1380 3454 ad
1404 3405 1465 3452 eos
1489 3386 1545 3470 qui

370 3499 574 3581 prosstentur
587 3503 647 3564 aut
660 3499 766 3563 vitam
785 3499 1098 3584 contemplativam,
1116 3503 1175 3565 aut
1189 3499 1295 3564 vitam
1311 3497 1468 3570 activam,
1488 3497 1547 3558 aut

370 3595 516 3690 denique
531 3607 637 3671 vitam
653 3624 695 3670 ex
709 3612 851 3692 utraque
866 3608 1020 3672 mixtam.

410 3715 442 3775 l⁰
460 3713 536 3778 Vita
548 3713 811 3800 contemplativa
825 3733 869 3778 ex
882 3714 1043 3798 primario
1060 3715 1128 3779 ssne
1144 3714 1321 3779 ordinatur
1336 3711 1378 3778 ad
1393 3716 1547 3776 oontem-

370 3821 555 3905 plationem
567 3841 682 3886 rerum
697 3821 904 3900 coelestium3
920 3825 1008 3888 hanc
1022 3823 1129 3888 vitam
1143 3823 1348 3907 profitentur
1361 3821 1545 3901 religiones

370 3931 566 3995 monasticae
583 3929 638 3994 SS.
655 3931 779 4008 Basilii,
796 3931 979 4008 Benedicti,
996 3931 1169 4009 Bemarffl,
1184 3931 1363 4005 Brunonis,
1378 3935 1454 4002 eto,
1470 3943 1544 4010 quiae

370 4037 599 4120 principaliter
613 4037 675 4102 soli
691 4038 845 4116 orationi,
862 4038 999 4104 lectioni
1015 4039 1191 4122 spirituali,
1209 4044 1273 4102 etc.
1290 4039 1423 4102 vacant.

410 4145 442 4208 2⁰
462 4145 538 4212 Vita
558 4147 670 4210 actico
689 4151 743 4211 est
762 4165 838 4230 quae
858 4165 900 4210 ex
922 4147 1084 4230 primario
1106 4149 1174 4210 ssue
1197 4145 1374 4210 ordinatur
1391 4143 1434 4208 ad
1454 4143 1545 4207 exte-

371 4254 461 4319 riora
482 4271 586 4336 opera
606 4253 780 4318 charitatis
805 4270 887 4336 erga
904 4255 1111 4339 proximum,
1131 4259 1169 4317 ut
1183 4255 1218 4316 in
1234 4253 1408 4318 ordinibus
1423 4248 1544 4313 milita-

370 4361 474 4436 ribus,
485 4361 713 4444 hospitalariis
727 4365 761 4424 et
774 4361 1020 4445 redemptionis
1034 4361 1256 4445 captivorum.

409 4468 442 4531 30
455 4467 566 4532 liliata
581 4487 624 4532 ex
644 4473 788 4552 utraque
810 4467 1134 4551 contemplationem
1155 4485 1254 4532 suam
1276 4465 1410 4531 ordinat
1423 4466 1466 4530 ad
1486 4463 1545 4529 do-

369 4575 517 4641 cendum
540 4582 575 4640 et
594 4575 858 4660 praedicandum.
875 4575 967 4640 llano
992 4577 1097 4640 vitam
1117 4576 1246 4640 habent
1272 4573 1408 4639 ordines
1429 4573 1461 4636 S.
1477 4572 1544 4636 Au-

369 4684 517 4765 gustini,
543 4681 796 4762 mendicantes,
822 4683 972 4748 Societas
997 4683 1093 4760 lesu,
1121 4701 1309 4766 omnesque
1337 4681 1543 4746 recentiores
