3510 5574
570 623 657 668 trssn
678 623 802 668 rasurus
823 621 1044 667 unanasitiuu.
1340 609 1400 674 263

219 741 302 804 vent
323 757 362 804 ac
387 739 580 805 diminuant
601 759 663 825 per
685 735 941 824 impositionem
963 739 1180 824 pensionum,
1198 745 1400 809 reservatio-

219 866 299 912 nem
327 848 501 912 fructuum
529 851 564 913 et
589 847 655 914 alia
681 847 891 932 hujusmodi.
918 848 1128 918 Beneficium
1163 851 1306 916 diminui
1339 873 1400 918 sex

219 957 360 1021 omnino
383 957 495 1022 modis
518 962 641 1040 potest,
666 958 825 1023 videlicet
846 979 853 1020 :
876 959 908 1022 i·
921 976 983 1042 per
1008 958 1188 1037 unionem,
1213 961 1245 1023 Ψ
1264 960 1401 1026 divisio-

220 1083 310 1141 nem,
326 1063 359 1127 3⁰
380 1063 730 1144 dismembrationem,
746 1066 779 1130 d·
798 1067 1087 1149 suppressionem,
1104 1069 1138 1130 5⁰
1149 1068 1325 1150 pensionis
1340 1070 1401 1134 im-

219 1170 434 1252 positionem,
452 1177 487 1238 et
499 1173 535 1238 6ο
547 1175 722 1240 fructuum
738 1173 1020 1239 reservationem.
1035 1174 1083 1238 De
1108 1175 1278 1258 prioribus
1299 1182 1401 1245 antea

220 1283 333 1345 actum
350 1285 417 1358 est;
432 1281 578 1366 ideoque
593 1283 715 1367 reliqui
731 1283 799 1346 dno
813 1283 868 1346 hie
881 1285 963 1345 sunt
977 1282 1206 1348 examinandi.

590 1473 610 1522 i.
627 1473 667 1524 iia
680 1470 827 1536 pensionis
841 1470 1032 1536 impositione.

261 1608 293 1688 a)
309 1605 358 1670 De
374 1613 501 1670 natura
517 1615 550 1670 et
563 1606 760 1672 diversitate
768 1606 953 1692 pensionis.
971 1601 1107 1685 Pensio,
1123 1608 1171 1673 sic
1186 1609 1275 1675 diota
1287 1627 1308 1674 a
1321 1630 1404 1694 psn-

221 1715 343 1792 dendo,
359 1719 413 1779 est
423 1717 481 1797 jus
495 1714 702 1798 percipiendi
716 1715 912 1798 portionem
932 1713 1081 1798 aliquam
1099 1717 1274 1782 fructuum
1289 1737 1332 1782 ex
1346 1720 1404 1784 be-

221 1821 342 1887 neflcio
367 1820 494 1898 aheno,
512 1821 611 1887 alicui
634 1825 729 1905 justa
754 1821 795 1886 do
818 1839 923 1887 causa
948 1823 1021 1886 sive
1045 1823 1087 1888 ad
1112 1827 1248 1908 tempus
1273 1827 1403 1892 sivein

220 1935 649 2014 perpetuumconcessum.
995 2016 1000 2026 .

261 2037 428 2103 Dividitur
442 2041 473 2102 1⁰
489 2039 525 2102 iu
539 2039 694 2103 laicalem
707 2043 742 2128 et
755 2039 951 2102 clericalem.
969 2039 1097 2105 Dicitur
1109 2041 1248 2120 laicalis,
1261 2045 1290 2109 si
1305 2046 1405 2112 datur

222 2149 265 2212 ob
279 2148 508 2214 ministerium
523 2147 723 2233 temporale,
740 2153 776 2213 et
788 2148 875 2214 laiso
891 2149 994 2214 etiam
1013 2151 1161 2216 conferri
1174 2158 1299 2235 potest.
1316 2153 1403 2220 Talis

222 2261 276 2321 est
289 2277 364 2342 qnae
381 2257 481 2324 datur
499 2258 650 2323 ecclesiae
664 2261 820 2342 patrono,
837 2259 873 2322 in
888 2261 1161 2340 recognitionem
1180 2263 1401 2330 fundationis.

221 2367 349 2432 Dicitur
361 2367 524 2434 clericalis
540 2387 601 2433 sen
617 2368 854 2446 ecclesiastiea,
872 2369 1009 2454 quando
1032 2371 1140 2454 exigit
1161 2375 1289 2439 statum
1309 2375 1405 2441 cleri·

221 2475 330 2541 calam
345 2477 380 2540 in
393 2476 450 2541 illo
464 2479 518 2542 oui
533 2477 741 2543 conceditur.
758 2477 890 2554 Pensio,
909 2478 981 2542 sive
995 2477 1123 2544 laicalis
1139 2481 1211 2546 sive
1224 2484 1327 2548 etiam
1341 2484 1406 2550 cla·

222 2585 342 2664 ricalis,
373 2604 443 2652 non
472 2591 524 2650 est
551 2587 778 2651 heneficium:
801 2591 896 2670 patet
924 2587 1036 2671 quarm
1057 2588 1215 2672 primam,
1239 2609 1318 2656 oum
1341 2613 1405 2660 neo

223 2699 349 2760 statum
363 2694 554 2760 clericalem
568 2713 632 2760 neo
647 2695 798 2759 osticium
812 2691 986 2778 spirituale
1002 2695 1118 2777 exigat
1134 2717 1141 2760 :
1160 2700 1272 2782 quom
1286 2719 1404 2767 secun-

223 2804 312 2881 dam,
328 2803 394 2868 hoo
408 2803 539 2866 eruitur
553 2821 596 2867 ex
610 2821 652 2867 eo
667 2803 759 2887 quod
775 2785 980 2866 heneficium
1007 2808 1126 2887 suapte
1150 2810 1274 2872 natura
1287 2828 1405 2893 perpe-

223 2919 321 2978 tuum
342 2917 405 2990 est,
423 2917 457 2976 et
478 2911 751 2997 spiritualitatem
774 2913 942 2976 incilicia
965 2913 1145 2980 fundatam
1161 2915 1278 2993 habet;
1301 2937 1403 3002 porro

140 3043 143 3050 ⁴
222 3023 341 3107 pensio
361 3022 552 3105 generatim
568 3028 621 3086 est
634 3022 676 3086 ad
696 3026 844 3107 tempus,
870 3027 905 3087 et
920 3041 990 3088 non
1011 3041 1148 3107 semper
1162 3025 1288 3092 intuitu
1303 3029 1402 3094 oitlcii

223 3132 406 3215 spiritualis
420 3131 627 3198 eonceditnr.

262 3243 294 3305 2·
309 3241 477 3308 Clerioalis
501 3260 562 3306 seu
586 3241 907 3319 ecclesiasticarum
930 3247 983 3307 est
1002 3243 1046 3308 ad
1066 3244 1172 3309 vitam
1196 3247 1402 3327 beneficiati,

223 3353 289 3417 alia
311 3351 354 3417 ad
376 3352 483 3417 vitam
505 3352 700 3436 pensionati
716 3371 723 3414 :
739 3351 850 3435 prima
872 3351 1062 3436 appellatur
1085 3373 1169 3420 anns
1190 3362 1405 3440 paronensi

223 3461 330 3528 altera
350 3480 435 3525 onas
458 3461 622 3543 beneficii,
644 3479 724 3526 cum
747 3459 910 3545 percellat
931 3479 1052 3528 omnes
1078 3463 1298 3531 beneiioiatos
1322 3465 1405 3530 dum

223 3571 308 3634 vivit
322 3571 556 3654 pensionatus.

264 3677 293 3760 b)
307 3678 356 3743 De
372 3685 544 3762 potestate
566 3679 763 3764 imponendi
773 3680 964 3763 pensiones.
982 3681 1014 3744 l⁰
1029 3680 1061 3746 S.
1079 3680 1245 3758 Pontifex,
1264 3683 1321 3766 qui
1336 3681 1404 3765 ple-

224 3805 304 3854 nam
317 3787 422 3853 habet
432 3789 638 3870 potestatem
654 3787 856 3870 disponendi
869 3787 911 3852 de
925 3789 1100 3855 beneficiis
1114 3790 1256 3875 aliisque
1268 3791 1403 3875 juribus

224 3895 476 3972 ecclesiasticis,
492 3897 677 3980 pensiones
699 3915 742 3960 ex
754 3899 849 3980 justa
868 3915 972 3964 causa
989 3899 1166 3982 imponere
1188 3902 1315 3983 potest,
1331 3919 1403 3965 non

224 4004 336 4070 solnm
350 4004 566 4088 temporales,
581 4005 643 4070 sed
657 4005 761 4070 etiam
776 4010 972 4090 perpetuas,
989 4012 1060 4072 tam
1076 4009 1111 4072 in
1126 4009 1300 4075 beneficiis
1319 4009 1404 4075 inie-

223 4113 369 4179 rioribus
384 4131 487 4199 quam
501 4113 538 4177 in
556 4111 817 4178 cathedralibus.
1319 4115 1320 4118 ’

263 4224 295 4286 2⁰
324 4222 508 4307 Episcopus
537 4241 580 4287 ex
604 4225 699 4306 justa
725 4241 829 4289 causa
856 4225 1033 4310 imponere
1061 4229 1174 4310 potest
1202 4227 1405 4310 pensionem

224 4332 458 4418 temporalem,
475 4350 546 4398 non
560 4351 643 4398 vero
659 4337 873 4418 perpetuam,
890 4335 977 4401 siout
997 4335 1101 4419 Papa;
1117 4336 1289 4422 praeoipua
1313 4338 1405 4402 enirn

225 4439 417 4506 differentia
432 4439 522 4506 inter
535 4441 738 4525 pensionem
753 4459 829 4526 quae
850 4443 893 4507 ab
913 4443 1071 4527 episcopo
1093 4443 1279 4510 constituta
1293 4449 1355 4522 ast,
1371 4449 1406 4510 et

225 4565 301 4612 eam
321 4566 398 4632 quae
419 4552 473 4612 est
492 4567 514 4614 a
535 4547 625 4632 Papa
648 4549 817 4633 imposita,
834 4549 991 4616 consistit
1005 4551 1041 4615 in
1056 4570 1098 4617 eo
1115 4551 1206 4636 qnod
1219 4551 1285 4617 ista
1298 4553 1408 4636 possit

225 4673 299 4720 esse
327 4659 507 4740 perpetum
533 4658 657 4720 tamen
676 4658 910 4723 controversia
936 4663 998 4735 est,
1022 4678 1067 4724 an
1094 4659 1273 4744 episcopus
1295 4660 1404 4744 possit

224 4761 399 4848 imponere
414 4763 617 4848 pensionem
634 4763 800 4833 beneflcio
820 4765 983 4834 advitam
1001 4769 1076 4852 ejus
1091 4767 1146 4833 aui
1160 4767 1280 4852 pensio
1305 4765 1404 4832 solvi-
