<?xml version="1.0" encoding="UTF-8"?>
<!DOCTYPE html PUBLIC "-//W3C//DTD XHTML 1.0 Transitional//EN"
    "http://www.w3.org/TR/xhtml1/DTD/xhtml1-transitional.dtd">
<html xmlns="http://www.w3.org/1999/xhtml" xml:lang="en" lang="en">
 <head>
  <title>
</title>
<meta http-equiv="Content-Type" content="text/html;charset=utf-8" />
  <meta name='ocr-system' content='tesseract 3.04.00' />
  <meta name='ocr-capabilities' content='ocr_page ocr_carea ocr_par ocr_line ocrx_word'/>
</head>
<body>
  <div class='ocr_page' id='page_1' title='image "./juscanonicumjux00grangoog_0390.png"; bbox 0 0 3504 5572; ppageno 0'>
   <div class='ocr_carea' id='block_1_1' title="bbox 369 590 1079 674">
    <p class='ocr_par' dir='ltr' id='par_1_1' title="bbox 369 590 1079 674">
     <span class='ocr_line' id='line_1_1' title="bbox 369 590 1079 674; baseline -0.001 -20"><span class='ocrx_word' id='word_1_1' title='bbox 369 590 428 654; x_wconf 76' lang='lat'>378</span> <span class='ocrx_word' id='word_1_2' title='bbox 570 664 574 674; x_wconf 31' lang='lat'>¹</span> <span class='ocrx_word' id='word_1_3' title='bbox 829 611 878 656; x_wconf 82' lang='lat' dir='ltr'>rus</span> <span class='ocrx_word' id='word_1_4' title='bbox 900 611 1079 655; x_wconf 78' lang='lat' dir='ltr'>canonicus.</span> 
     </span>
    </p>
   </div>
   <div class='ocr_carea' id='block_1_2' title="bbox 279 727 1547 2116">
    <p class='ocr_par' dir='ltr' id='par_1_2' title="bbox 279 727 1546 1354">
     <span class='ocr_line' id='line_1_2' title="bbox 279 727 1544 812; baseline 0.002 -22"><span class='ocrx_word' id='word_1_5' title='bbox 279 747 281 755; x_wconf 93' lang='lat'>·</span> <span class='ocrx_word' id='word_1_6' title='bbox 371 731 451 802; x_wconf 87' lang='lat' dir='ltr'>tato,</span> <span class='ocrx_word' id='word_1_7' title='bbox 465 747 540 812; x_wconf 80' lang='lat' dir='ltr'>quas</span> <span class='ocrx_word' id='word_1_8' title='bbox 556 727 776 812; x_wconf 76' lang='lat' dir='ltr'>dispositione</span> <span class='ocrx_word' id='word_1_9' title='bbox 789 727 876 810; x_wconf 82' lang='lat' dir='ltr'>legis</span> <span class='ocrx_word' id='word_1_10' title='bbox 887 731 980 812; x_wconf 89' lang='lat' dir='ltr'>juste</span> <span class='ocrx_word' id='word_1_11' title='bbox 999 727 1210 792; x_wconf 87' lang='lat' dir='ltr'>voluntatem</span> <span class='ocrx_word' id='word_1_12' title='bbox 1223 727 1372 792; x_wconf 80' lang='lat' dir='ltr'>defuncti</span> <span class='ocrx_word' id='word_1_13' title='bbox 1386 727 1544 811; x_wconf 91' lang='lat' dir='ltr'>supplen-</span> 
     </span>
     <span class='ocr_line' id='line_1_3' title="bbox 366 814 1546 920; baseline 0.002 -22"><span class='ocrx_word' id='word_1_14' title='bbox 366 814 413 900; x_wconf 77' lang='lat' dir='ltr'>¹tis</span> <span class='ocrx_word' id='word_1_15' title='bbox 434 837 543 901; x_wconf 88' lang='lat' dir='ltr'>datur.</span> <span class='ocrx_word' id='word_1_16' title='bbox 562 837 689 902; x_wconf 88' lang='lat' dir='ltr'>Dicitur</span> <span class='ocrx_word' id='word_1_17' title='bbox 708 863 724 894; x_wconf 76' lang='lat' dir='ltr'>a</span> <span class='ocrx_word' id='word_1_18' title='bbox 744 837 940 918; x_wconf 83' lang='lat' dir='ltr'>legitima»,</span> <span class='ocrx_word' id='word_1_19' title='bbox 957 836 1037 920; x_wconf 91' lang='lat' dir='ltr'>quia</span> <span class='ocrx_word' id='word_1_20' title='bbox 1063 834 1241 900; x_wconf 83' lang='lat' dir='ltr'>deficiente</span> <span class='ocrx_word' id='word_1_21' title='bbox 1265 836 1461 918; x_wconf 87' lang='lat' dir='ltr'>provisione</span> <span class='ocrx_word' id='word_1_22' title='bbox 1488 835 1546 900; x_wconf 90' lang='lat' dir='ltr'>de-</span> 
     </span>
     <span class='ocr_line' id='line_1_4' title="bbox 369 943 1546 1030; baseline -0.002 -22"><span class='ocrx_word' id='word_1_23' title='bbox 369 945 491 1020; x_wconf 84' lang='lat' dir='ltr'>functi,</span> <span class='ocrx_word' id='word_1_24' title='bbox 510 945 567 1008; x_wconf 83' lang='lat' dir='ltr'>lex</span> <span class='ocrx_word' id='word_1_25' title='bbox 595 945 746 1010; x_wconf 75' lang='lat' dir='ltr'>decernit</span> <span class='ocrx_word' id='word_1_26' title='bbox 771 944 863 1030; x_wconf 92' lang='lat' dir='ltr'>quod</span> <span class='ocrx_word' id='word_1_27' title='bbox 885 947 1018 1026; x_wconf 85' lang='lat' dir='ltr'>justum</span> <span class='ocrx_word' id='word_1_28' title='bbox 1043 962 1104 1008; x_wconf 88' lang='lat' dir='ltr'>seu</span> <span class='ocrx_word' id='word_1_29' title='bbox 1129 943 1322 1024; x_wconf 78' lang='lat' dir='ltr'>legitimum</span> <span class='ocrx_word' id='word_1_30' title='bbox 1352 949 1414 1008; x_wconf 87' lang='lat' dir='ltr'>est.</span> <span class='ocrx_word' id='word_1_31' title='bbox 1440 943 1546 1024; x_wconf 77' lang='lat' dir='ltr'>Igitur</span> 
     </span>
     <span class='ocr_line' id='line_1_5' title="bbox 368 1051 1545 1136; baseline -0.002 -20"><span class='ocrx_word' id='word_1_32' title='bbox 368 1052 522 1116; x_wconf 81' lang='lat' dir='ltr'>haeredes</span> <span class='ocrx_word' id='word_1_33' title='bbox 542 1053 685 1134; x_wconf 80' lang='lat' dir='ltr'>legitimi</span> <span class='ocrx_word' id='word_1_34' title='bbox 704 1053 758 1117; x_wconf 89' lang='lat' dir='ltr'>hic</span> <span class='ocrx_word' id='word_1_35' title='bbox 779 1057 999 1136; x_wconf 90' lang='lat' dir='ltr'>opponuntur</span> <span class='ocrx_word' id='word_1_36' title='bbox 1017 1051 1181 1116; x_wconf 86' lang='lat' dir='ltr'>institutis</span> <span class='ocrx_word' id='word_1_37' title='bbox 1199 1069 1260 1116; x_wconf 88' lang='lat' dir='ltr'>seu</span> <span class='ocrx_word' id='word_1_38' title='bbox 1281 1051 1545 1117; x_wconf 74' lang='lat' dir='ltr'>testamentariis</span> 
     </span>
     <span class='ocr_line' id='line_1_6' title="bbox 370 1159 1546 1243; baseline -0.002 -19"><span class='ocrx_word' id='word_1_39' title='bbox 370 1161 442 1240; x_wconf 90' lang='lat' dir='ltr'>(art.</span> <span class='ocrx_word' id='word_1_40' title='bbox 455 1161 514 1224; x_wconf 64' lang='lat'>728</span> <span class='ocrx_word' id='word_1_41' title='bbox 529 1159 607 1225; x_wconf 87' lang='lat' dir='ltr'>Cod.</span> <span class='ocrx_word' id='word_1_42' title='bbox 620 1162 709 1243; x_wconf 64' lang='lat' dir='ltr'>cia),</span> <span class='ocrx_word' id='word_1_43' title='bbox 722 1179 792 1226; x_wconf 91' lang='lat' dir='ltr'>non</span> <span class='ocrx_word' id='word_1_44' title='bbox 805 1179 887 1225; x_wconf 88' lang='lat' dir='ltr'>vcro</span> <span class='ocrx_word' id='word_1_45' title='bbox 902 1159 1156 1241; x_wconf 79' lang='lat' dir='ltr'>irregularibus,</span> <span class='ocrx_word' id='word_1_46' title='bbox 1170 1159 1211 1223; x_wconf 91' lang='lat' dir='ltr'>de</span> <span class='ocrx_word' id='word_1_47' title='bbox 1225 1159 1348 1242; x_wconf 91' lang='lat' dir='ltr'>quibus</span> <span class='ocrx_word' id='word_1_48' title='bbox 1362 1159 1398 1224; x_wconf 91' lang='lat' dir='ltr'>in</span> <span class='ocrx_word' id='word_1_49' title='bbox 1412 1162 1475 1224; x_wconf 91' lang='lat' dir='ltr'>art.</span> <span class='ocrx_word' id='word_1_50' title='bbox 1487 1159 1546 1222; x_wconf 80' lang='lat'>756</span> 
     </span>
     <span class='ocr_line' id='line_1_7' title="bbox 370 1267 922 1354; baseline 0.002 -24"><span class='ocrx_word' id='word_1_51' title='bbox 370 1287 463 1351; x_wconf 88' lang='lat' dir='ltr'>seqq.</span> <span class='ocrx_word' id='word_1_52' title='bbox 480 1267 559 1334; x_wconf 84' lang='lat' dir='ltr'>God.</span> <span class='ocrx_word' id='word_1_53' title='bbox 575 1269 639 1332; x_wconf 87' lang='lat' dir='ltr'>civ.</span> <span class='ocrx_word' id='word_1_54' title='bbox 704 1299 705 1307; x_wconf 67' lang='lat'>.</span> <span class='ocrx_word' id='word_1_55' title='bbox 877 1343 882 1354; x_wconf 90' lang='lat'>.</span> <span class='ocrx_word' id='word_1_56' title='bbox 918 1269 922 1276; x_wconf 89' lang='lat'>&#39;</span> 
     </span>
    </p>

    <p class='ocr_par' dir='ltr' id='par_1_3' title="bbox 370 1377 1547 1570">
     <span class='ocr_line' id='line_1_8' title="bbox 410 1377 1547 1460; baseline 0 -20"><span class='ocrx_word' id='word_1_57' title='bbox 410 1377 519 1454; x_wconf 81' lang='lat' dir='ltr'>Quare</span> <span class='ocrx_word' id='word_1_58' title='bbox 545 1379 715 1443; x_wconf 87' lang='lat' dir='ltr'>successio</span> <span class='ocrx_word' id='word_1_59' title='bbox 744 1380 786 1442; x_wconf 85' lang='lat' dir='ltr'>ab</span> <span class='ocrx_word' id='word_1_60' title='bbox 815 1379 976 1442; x_wconf 89' lang='lat' dir='ltr'>intestato</span> <span class='ocrx_word' id='word_1_61' title='bbox 1007 1377 1141 1440; x_wconf 84' lang='lat' dir='ltr'>dellniri</span> <span class='ocrx_word' id='word_1_62' title='bbox 1168 1382 1304 1460; x_wconf 85' lang='lat' dir='ltr'>potest:</span> <span class='ocrx_word' id='word_1_63' title='bbox 1328 1377 1547 1442; x_wconf 68' lang='lat' dir='ltr'>Hereditatis</span> 
     </span>
     <span class='ocr_line' id='line_1_9' title="bbox 370 1484 1483 1570; baseline -0.002 -22"><span class='ocrx_word' id='word_1_64' title='bbox 370 1485 528 1570; x_wconf 74' lang='lat' dir='ltr'>lepita&#39;rnaa</span> <span class='ocrx_word' id='word_1_65' title='bbox 540 1494 637 1550; x_wconf 74' lang='lat' dir='ltr'>extre</span> <span class='ocrx_word' id='word_1_66' title='bbox 653 1505 768 1550; x_wconf 83' lang='lat' dir='ltr'>casum</span> <span class='ocrx_word' id='word_1_67' title='bbox 782 1486 913 1550; x_wconf 71' lang='lat' dir='ltr'>ultime</span> <span class='ocrx_word' id='word_1_68' title='bbox 926 1485 1112 1550; x_wconf 82' lang='lat' dir='ltr'>uoluntatis</span> <span class='ocrx_word' id='word_1_69' title='bbox 1127 1484 1284 1567; x_wconf 77' lang='lat' dir='ltr'>defuncti</span> <span class='ocrx_word' id='word_1_70' title='bbox 1296 1486 1483 1570; x_wconf 78' lang='lat' dir='ltr'>acquisitio.</span> 
     </span>
    </p>

    <p class='ocr_par' dir='ltr' id='par_1_4' title="bbox 368 1593 1546 2116">
     <span class='ocr_line' id='line_1_10' title="bbox 408 1593 1546 1680; baseline -0.002 -22"><span class='ocrx_word' id='word_1_71' title='bbox 408 1595 440 1658; x_wconf 55' lang='grc' dir='ltr'>Ψ</span> <span class='ocrx_word' id='word_1_72' title='bbox 455 1594 584 1680; x_wconf 80' lang='lat' dir='ltr'>Aliquis</span> <span class='ocrx_word' id='word_1_73' title='bbox 599 1595 722 1660; x_wconf 91' lang='lat' dir='ltr'>dicitur</span> <span class='ocrx_word' id='word_1_74' title='bbox 735 1597 927 1672; x_wconf 85' lang='lat' dir='ltr'>intestatus,</span> <span class='ocrx_word' id='word_1_75' title='bbox 947 1595 1083 1678; x_wconf 89' lang='lat' dir='ltr'>quando</span> <span class='ocrx_word' id='word_1_76' title='bbox 1104 1593 1237 1660; x_wconf 90' lang='lat' dir='ltr'>nullum</span> <span class='ocrx_word' id='word_1_77' title='bbox 1255 1594 1335 1658; x_wconf 85' lang='lat' dir='ltr'>iecit</span> <span class='ocrx_word' id='word_1_78' title='bbox 1353 1593 1409 1658; x_wconf 89' lang='lat' dir='ltr'>vel</span> <span class='ocrx_word' id='word_1_79' title='bbox 1427 1593 1546 1659; x_wconf 88' lang='lat' dir='ltr'>invali-</span> 
     </span>
     <span class='ocr_line' id='line_1_11' title="bbox 369 1701 1546 1787; baseline 0 -21"><span class='ocrx_word' id='word_1_80' title='bbox 369 1703 452 1768; x_wconf 93' lang='lat' dir='ltr'>dum</span> <span class='ocrx_word' id='word_1_81' title='bbox 473 1709 533 1768; x_wconf 89' lang='lat' dir='ltr'>aut</span> <span class='ocrx_word' id='word_1_82' title='bbox 556 1703 690 1767; x_wconf 91' lang='lat' dir='ltr'>irritum</span> <span class='ocrx_word' id='word_1_83' title='bbox 713 1707 973 1780; x_wconf 89' lang='lat' dir='ltr'>testamentum;</span> <span class='ocrx_word' id='word_1_84' title='bbox 993 1707 1199 1787; x_wconf 87' lang='lat' dir='ltr'>quapropter</span> <span class='ocrx_word' id='word_1_85' title='bbox 1220 1701 1315 1767; x_wconf 89' lang='lat' dir='ltr'>locus</span> <span class='ocrx_word' id='word_1_86' title='bbox 1340 1707 1392 1766; x_wconf 90' lang='lat' dir='ltr'>est</span> <span class='ocrx_word' id='word_1_87' title='bbox 1414 1721 1546 1768; x_wconf 85' lang='lat' dir='ltr'>succes-</span> 
     </span>
     <span class='ocr_line' id='line_1_12' title="bbox 369 1811 1545 1897; baseline -0.002 -21"><span class='ocrx_word' id='word_1_88' title='bbox 369 1813 456 1878; x_wconf 88' lang='lat' dir='ltr'>sioni</span> <span class='ocrx_word' id='word_1_89' title='bbox 477 1812 650 1894; x_wconf 81' lang='lat' dir='ltr'>legitimae,</span> <span class='ocrx_word' id='word_1_90' title='bbox 668 1817 741 1877; x_wconf 90' lang='lat' dir='ltr'>tum</span> <span class='ocrx_word' id='word_1_91' title='bbox 766 1813 903 1897; x_wconf 89' lang='lat' dir='ltr'>quando</span> <span class='ocrx_word' id='word_1_92' title='bbox 924 1813 1116 1887; x_wconf 81' lang='lat' dir='ltr'>defunctus,</span> <span class='ocrx_word' id='word_1_93' title='bbox 1133 1812 1268 1878; x_wconf 87' lang='lat' dir='ltr'>defectu</span> <span class='ocrx_word' id='word_1_94' title='bbox 1281 1811 1468 1878; x_wconf 83' lang='lat' dir='ltr'>voluntatis</span> <span class='ocrx_word' id='word_1_95' title='bbox 1490 1812 1545 1875; x_wconf 89' lang='lat' dir='ltr'>vel</span> 
     </span>
     <span class='ocr_line' id='line_1_13' title="bbox 368 1921 1544 2006; baseline -0.001 -19"><span class='ocrx_word' id='word_1_96' title='bbox 368 1922 546 2004; x_wconf 88' lang='lat' dir='ltr'>potestatis</span> <span class='ocrx_word' id='word_1_97' title='bbox 556 1923 719 1988; x_wconf 85' lang='lat' dir='ltr'>naturalis</span> <span class='ocrx_word' id='word_1_98' title='bbox 729 1923 961 2006; x_wconf 83' lang='lat' dir='ltr'>autjuridicae,</span> <span class='ocrx_word' id='word_1_99' title='bbox 976 1921 1109 1986; x_wconf 90' lang='lat' dir='ltr'>nullum</span> <span class='ocrx_word' id='word_1_100' title='bbox 1124 1921 1274 1987; x_wconf 90' lang='lat' dir='ltr'>condidit</span> <span class='ocrx_word' id='word_1_101' title='bbox 1283 1925 1544 1997; x_wconf 66' lang='lat' dir='ltr'>testamentum</span> 
     </span>
     <span class='ocr_line' id='line_1_14' title="bbox 369 2030 1545 2116; baseline 0 -22"><span class='ocrx_word' id='word_1_102' title='bbox 369 2035 443 2095; x_wconf 89' lang='lat' dir='ltr'>tum</span> <span class='ocrx_word' id='word_1_103' title='bbox 462 2031 597 2116; x_wconf 91' lang='lat' dir='ltr'>quando</span> <span class='ocrx_word' id='word_1_104' title='bbox 618 2035 862 2097; x_wconf 88' lang='lat' dir='ltr'>testamentum</span> <span class='ocrx_word' id='word_1_105' title='bbox 882 2031 1020 2116; x_wconf 86' lang='lat' dir='ltr'>quidem</span> <span class='ocrx_word' id='word_1_106' title='bbox 1034 2031 1195 2108; x_wconf 90' lang='lat' dir='ltr'>condidit,</span> <span class='ocrx_word' id='word_1_107' title='bbox 1212 2031 1273 2096; x_wconf 86' lang='lat' dir='ltr'>sed</span> <span class='ocrx_word' id='word_1_108' title='bbox 1289 2030 1488 2107; x_wconf 87' lang='lat' dir='ltr'>invalidum,</span> <span class='ocrx_word' id='word_1_109' title='bbox 1504 2049 1545 2095; x_wconf 88' lang='lat' dir='ltr'>eo</span> 
     </span>
    </p>
   </div>
   <div class='ocr_carea' id='block_1_3' title="bbox 370 2141 1747 2226">
    <p class='ocr_par' dir='ltr' id='par_1_5' title="bbox 370 2141 1747 2226">
     <span class='ocr_line' id='line_1_15' title="bbox 370 2141 1747 2226; baseline -0.001 -22"><span class='ocrx_word' id='word_1_110' title='bbox 370 2141 461 2226; x_wconf 92' lang='lat' dir='ltr'>qued</span> <span class='ocrx_word' id='word_1_111' title='bbox 475 2141 709 2206; x_wconf 81' lang='lat' dir='ltr'>solemnitates</span> <span class='ocrx_word' id='word_1_112' title='bbox 727 2143 771 2206; x_wconf 88' lang='lat' dir='ltr'>ad</span> <span class='ocrx_word' id='word_1_113' title='bbox 790 2144 865 2225; x_wconf 89' lang='lat' dir='ltr'>ejus</span> <span class='ocrx_word' id='word_1_114' title='bbox 883 2141 1037 2223; x_wconf 82' lang='lat' dir='ltr'>valerem</span> <span class='ocrx_word' id='word_1_115' title='bbox 1051 2144 1160 2224; x_wconf 89' lang='lat' dir='ltr'>ajure</span> <span class='ocrx_word' id='word_1_116' title='bbox 1175 2141 1357 2225; x_wconf 85' lang='lat' dir='ltr'>requisitas</span> <span class='ocrx_word' id='word_1_117' title='bbox 1377 2141 1544 2215; x_wconf 89' lang='lat' dir='ltr'>omiserit;</span> <span class='ocrx_word' id='word_1_118' title='bbox 1630 2147 1643 2168; x_wconf 64' lang='lat'>¹¹</span> <span class='ocrx_word' id='word_1_119' title='bbox 1746 2207 1747 2226; x_wconf 48' lang='lat'>,</span> 
     </span>
    </p>
   </div>
   <div class='ocr_carea' id='block_1_4' title="bbox 369 2249 1548 4390">
    <p class='ocr_par' dir='ltr' id='par_1_6' title="bbox 370 2249 1547 2644">
     <span class='ocr_line' id='line_1_16' title="bbox 371 2249 1546 2334; baseline -0.001 -21"><span class='ocrx_word' id='word_1_120' title='bbox 371 2255 444 2314; x_wconf 88' lang='lat' dir='ltr'>tum</span> <span class='ocrx_word' id='word_1_121' title='bbox 461 2251 596 2334; x_wconf 92' lang='lat' dir='ltr'>quando</span> <span class='ocrx_word' id='word_1_122' title='bbox 609 2255 854 2316; x_wconf 89' lang='lat' dir='ltr'>testamentum</span> <span class='ocrx_word' id='word_1_123' title='bbox 868 2270 889 2315; x_wconf 84' lang='lat' dir='ltr'>a</span> <span class='ocrx_word' id='word_1_124' title='bbox 904 2251 1064 2316; x_wconf 86' lang='lat' dir='ltr'>defuncto</span> <span class='ocrx_word' id='word_1_125' title='bbox 1082 2251 1287 2328; x_wconf 86' lang='lat' dir='ltr'>coniectum,</span> <span class='ocrx_word' id='word_1_126' title='bbox 1304 2249 1456 2315; x_wconf 85' lang='lat' dir='ltr'>validum</span> <span class='ocrx_word' id='word_1_127' title='bbox 1475 2250 1546 2333; x_wconf 93' lang='lat' dir='ltr'>qui-</span> 
     </span>
     <span class='ocr_line' id='line_1_17' title="bbox 371 2358 1544 2444; baseline -0.002 -20"><span class='ocrx_word' id='word_1_128' title='bbox 371 2359 448 2425; x_wconf 87' lang='lat' dir='ltr'>dem</span> <span class='ocrx_word' id='word_1_129' title='bbox 462 2362 536 2437; x_wconf 89' lang='lat' dir='ltr'>luit,</span> <span class='ocrx_word' id='word_1_130' title='bbox 550 2362 610 2426; x_wconf 88' lang='lat' dir='ltr'>sed</span> <span class='ocrx_word' id='word_1_131' title='bbox 620 2363 723 2426; x_wconf 78' lang='lat' dir='ltr'>variis</span> <span class='ocrx_word' id='word_1_132' title='bbox 739 2381 782 2426; x_wconf 83' lang='lat' dir='ltr'>ex</span> <span class='ocrx_word' id='word_1_133' title='bbox 792 2362 903 2427; x_wconf 87' lang='lat' dir='ltr'>causis</span> <span class='ocrx_word' id='word_1_134' title='bbox 917 2366 1057 2444; x_wconf 89' lang='lat' dir='ltr'>ruptum</span> <span class='ocrx_word' id='word_1_135' title='bbox 1069 2365 1122 2424; x_wconf 89' lang='lat' dir='ltr'>est</span> <span class='ocrx_word' id='word_1_136' title='bbox 1132 2365 1191 2425; x_wconf 90' lang='lat' dir='ltr'>aut</span> <span class='ocrx_word' id='word_1_137' title='bbox 1204 2358 1393 2424; x_wconf 84' lang='lat' dir='ltr'>invalidum</span> <span class='ocrx_word' id='word_1_138' title='bbox 1401 2360 1544 2433; x_wconf 70' lang='lat' dir='ltr'>factum,</span> 
     </span>
     <span class='ocr_line' id='line_1_18' title="bbox 371 2467 1547 2554; baseline 0.001 -23"><span class='ocrx_word' id='word_1_139' title='bbox 371 2474 444 2532; x_wconf 90' lang='lat' dir='ltr'>tum</span> <span class='ocrx_word' id='word_1_140' title='bbox 470 2469 616 2554; x_wconf 88' lang='lat' dir='ltr'>denique</span> <span class='ocrx_word' id='word_1_141' title='bbox 639 2470 717 2554; x_wconf 91' lang='lat' dir='ltr'>quia</span> <span class='ocrx_word' id='word_1_142' title='bbox 739 2471 850 2534; x_wconf 84' lang='lat' dir='ltr'>haeres</span> <span class='ocrx_word' id='word_1_143' title='bbox 873 2473 1028 2536; x_wconf 88' lang='lat' dir='ltr'>mortuus</span> <span class='ocrx_word' id='word_1_144' title='bbox 1056 2470 1226 2534; x_wconf 83' lang='lat' dir='ltr'>scitante</span> <span class='ocrx_word' id='word_1_145' title='bbox 1253 2473 1466 2542; x_wconf 79' lang='lat' dir='ltr'>testatorem,</span> <span class='ocrx_word' id='word_1_146' title='bbox 1491 2467 1547 2532; x_wconf 90' lang='lat' dir='ltr'>vel</span> 
     </span>
     <span class='ocr_line' id='line_1_19' title="bbox 370 2577 842 2644; baseline -0.002 -3"><span class='ocrx_word' id='word_1_147' title='bbox 370 2577 603 2643; x_wconf 72' lang='lat' dir='ltr'>hereditatem</span> <span class='ocrx_word' id='word_1_148' title='bbox 618 2577 710 2644; x_wconf 87' lang='lat' dir='ltr'>adire</span> <span class='ocrx_word' id='word_1_149' title='bbox 723 2577 842 2644; x_wconf 92' lang='lat' dir='ltr'>noluit.</span> 
     </span>
    </p>

    <p class='ocr_par' dir='ltr' id='par_1_7' title="bbox 373 2685 1546 2878">
     <span class='ocr_line' id='line_1_20' title="bbox 411 2685 1546 2769; baseline 0 -20"><span class='ocrx_word' id='word_1_150' title='bbox 411 2687 441 2768; x_wconf 82' lang='lat' dir='ltr'>d)</span> <span class='ocrx_word' id='word_1_151' title='bbox 454 2685 543 2751; x_wconf 86' lang='lat' dir='ltr'>Ordo</span> <span class='ocrx_word' id='word_1_152' title='bbox 572 2685 796 2752; x_wconf 89' lang='lat' dir='ltr'>successionis</span> <span class='ocrx_word' id='word_1_153' title='bbox 825 2687 867 2752; x_wconf 93' lang='lat' dir='ltr'>ab</span> <span class='ocrx_word' id='word_1_154' title='bbox 894 2687 1070 2763; x_wconf 90' lang='lat' dir='ltr'>intestato,</span> <span class='ocrx_word' id='word_1_155' title='bbox 1088 2687 1279 2769; x_wconf 81' lang='lat' dir='ltr'>generatim</span> <span class='ocrx_word' id='word_1_156' title='bbox 1308 2690 1482 2768; x_wconf 90' lang='lat' dir='ltr'>sumptus,</span> <span class='ocrx_word' id='word_1_157' title='bbox 1499 2685 1546 2749; x_wconf 91' lang='lat' dir='ltr'>sic</span> 
     </span>
     <span class='ocr_line' id='line_1_21' title="bbox 373 2795 702 2878; baseline 0.003 -19"><span class='ocrx_word' id='word_1_158' title='bbox 373 2795 516 2860; x_wconf 88' lang='lat' dir='ltr'>describi</span> <span class='ocrx_word' id='word_1_159' title='bbox 531 2801 645 2878; x_wconf 88' lang='lat' dir='ltr'>petest</span> <span class='ocrx_word' id='word_1_160' title='bbox 661 2817 668 2860; x_wconf 92' lang='lat'>:</span> <span class='ocrx_word' id='word_1_161' title='bbox 694 2851 702 2870; x_wconf 83' lang='lat'>,</span> 
     </span>
    </p>

    <p class='ocr_par' dir='ltr' id='par_1_8' title="bbox 369 2902 1548 3639">
     <span class='ocr_line' id='line_1_22' title="bbox 412 2902 1547 2988; baseline 0.001 -21"><span class='ocrx_word' id='word_1_162' title='bbox 412 2906 443 2967; x_wconf 83' lang='lat' dir='ltr'>l⁰</span> <span class='ocrx_word' id='word_1_163' title='bbox 453 2906 540 2969; x_wconf 85' lang='lat' dir='ltr'>Ante</span> <span class='ocrx_word' id='word_1_164' title='bbox 550 2922 671 2970; x_wconf 91' lang='lat' dir='ltr'>omnes</span> <span class='ocrx_word' id='word_1_165' title='bbox 681 2907 723 2970; x_wconf 90' lang='lat' dir='ltr'>ab</span> <span class='ocrx_word' id='word_1_166' title='bbox 730 2907 893 2971; x_wconf 44' lang='lat' dir='ltr'>wintestato</span> <span class='ocrx_word' id='word_1_167' title='bbox 907 2906 1094 2970; x_wconf 88' lang='lat' dir='ltr'>succedunt</span> <span class='ocrx_word' id='word_1_168' title='bbox 1106 2905 1266 2969; x_wconf 90' lang='lat' dir='ltr'>defuncto</span> <span class='ocrx_word' id='word_1_169' title='bbox 1282 2902 1438 2988; x_wconf 84' lang='lat' dir='ltr'>ejusdem</span> <span class='ocrx_word' id='word_1_170' title='bbox 1449 2902 1547 2968; x_wconf 90' lang='lat' dir='ltr'>liberi</span> 
     </span>
     <span class='ocr_line' id='line_1_23' title="bbox 370 3014 1548 3100; baseline 0 -23"><span class='ocrx_word' id='word_1_171' title='bbox 370 3015 523 3096; x_wconf 83' lang='lat' dir='ltr'>legitimi,</span> <span class='ocrx_word' id='word_1_172' title='bbox 535 3015 659 3100; x_wconf 89' lang='lat' dir='ltr'>aliique</span> <span class='ocrx_word' id='word_1_173' title='bbox 675 3035 718 3080; x_wconf 84' lang='lat' dir='ltr'>ex</span> <span class='ocrx_word' id='word_1_174' title='bbox 731 3015 783 3078; x_wconf 92' lang='lat' dir='ltr'>bis</span> <span class='ocrx_word' id='word_1_175' title='bbox 798 3017 1013 3099; x_wconf 82' lang='lat' dir='ltr'>praemortuis</span> <span class='ocrx_word' id='word_1_176' title='bbox 1028 3014 1275 3080; x_wconf 86' lang='lat' dir='ltr'>descendentes</span> <span class='ocrx_word' id='word_1_177' title='bbox 1290 3034 1297 3077; x_wconf 95' lang='lat'><strong>:</strong></span> <span class='ocrx_word' id='word_1_178' title='bbox 1312 3014 1360 3078; x_wconf 83' lang='lat' dir='ltr'>ita</span> <span class='ocrx_word' id='word_1_179' title='bbox 1373 3030 1475 3078; x_wconf 91' lang='lat' dir='ltr'>omne</span> <span class='ocrx_word' id='word_1_180' title='bbox 1487 3015 1548 3096; x_wconf 88' lang='lat' dir='ltr'>jus</span> 
     </span>
     <span class='ocr_line' id='line_1_24' title="bbox 369 3121 1544 3207; baseline 0 -23"><span class='ocrx_word' id='word_1_181' title='bbox 369 3123 432 3186; x_wconf 90' lang='lat' dir='ltr'>civ.</span> <span class='ocrx_word' id='word_1_182' title='bbox 453 3123 507 3186; x_wconf 88' lang='lat' dir='ltr'>vel</span> <span class='ocrx_word' id='word_1_183' title='bbox 527 3141 614 3200; x_wconf 90' lang='lat' dir='ltr'>caa.;</span> <span class='ocrx_word' id='word_1_184' title='bbox 638 3127 673 3188; x_wconf 88' lang='lat' dir='ltr'>et</span> <span class='ocrx_word' id='word_1_185' title='bbox 690 3125 763 3187; x_wconf 84' lang='lat' dir='ltr'>haec</span> <span class='ocrx_word' id='word_1_186' title='bbox 786 3123 1005 3207; x_wconf 87' lang='lat' dir='ltr'>praescriptio,</span> <span class='ocrx_word' id='word_1_187' title='bbox 1024 3124 1051 3188; x_wconf 92' lang='lat' dir='ltr'>si</span> <span class='ocrx_word' id='word_1_188' title='bbox 1066 3141 1136 3188; x_wconf 91' lang='lat' dir='ltr'>non</span> <span class='ocrx_word' id='word_1_189' title='bbox 1158 3127 1211 3186; x_wconf 89' lang='lat' dir='ltr'>est</span> <span class='ocrx_word' id='word_1_190' title='bbox 1231 3123 1272 3187; x_wconf 90' lang='lat' dir='ltr'>de</span> <span class='ocrx_word' id='word_1_191' title='bbox 1291 3123 1369 3206; x_wconf 89' lang='lat' dir='ltr'>jure</span> <span class='ocrx_word' id='word_1_192' title='bbox 1388 3121 1544 3198; x_wconf 89' lang='lat' dir='ltr'>naturali,</span> 
     </span>
     <span class='ocr_line' id='line_1_25' title="bbox 370 3229 1547 3315; baseline 0 -21"><span class='ocrx_word' id='word_1_193' title='bbox 370 3230 491 3294; x_wconf 89' lang='lat' dir='ltr'>saltem</span> <span class='ocrx_word' id='word_1_194' title='bbox 510 3232 546 3294; x_wconf 90' lang='lat' dir='ltr'>in</span> <span class='ocrx_word' id='word_1_195' title='bbox 570 3231 627 3296; x_wconf 93' lang='lat' dir='ltr'>illo</span> <span class='ocrx_word' id='word_1_196' title='bbox 647 3235 726 3315; x_wconf 78' lang='lat' dir='ltr'>J&#39;ure</span> <span class='ocrx_word' id='word_1_197' title='bbox 746 3233 925 3308; x_wconf 63' lang='lat' dir='ltr'>fundatum</span> <span class='ocrx_word' id='word_1_198' title='bbox 942 3250 1022 3295; x_wconf 90' lang='lat' dir='ltr'>nam</span> <span class='ocrx_word' id='word_1_199' title='bbox 1044 3231 1088 3296; x_wconf 92' lang='lat' dir='ltr'>ad</span> <span class='ocrx_word' id='word_1_200' title='bbox 1110 3232 1236 3296; x_wconf 88' lang='lat' dir='ltr'>benaa</span> <span class='ocrx_word' id='word_1_201' title='bbox 1253 3230 1413 3295; x_wconf 78' lang='lat' dir='ltr'>defuncto</span> <span class='ocrx_word' id='word_1_202' title='bbox 1430 3229 1547 3294; x_wconf 88' lang='lat' dir='ltr'>relicta</span> 
     </span>
     <span class='ocr_line' id='line_1_26' title="bbox 369 3327 1546 3423; baseline 0 -21"><span class='ocrx_word' id='word_1_203' title='bbox 369 3327 1546 3423; x_wconf 81' lang='lat' dir='ltr'>vocantur,naturalivctoipsorumperentum,flliilegitimi,perquos</span> 
     </span>
     <span class='ocr_line' id='line_1_27' title="bbox 369 3446 1546 3526; baseline 0.001 -17"><span class='ocrx_word' id='word_1_204' title='bbox 369 3446 498 3512; x_wconf 84' lang='lat' dir='ltr'>familia</span> <span class='ocrx_word' id='word_1_205' title='bbox 519 3450 632 3526; x_wconf 90' lang='lat' dir='ltr'>rebus,</span> <span class='ocrx_word' id='word_1_206' title='bbox 648 3451 788 3515; x_wconf 90' lang='lat' dir='ltr'>nomiae</span> <span class='ocrx_word' id='word_1_207' title='bbox 808 3455 842 3514; x_wconf 91' lang='lat' dir='ltr'>et</span> <span class='ocrx_word' id='word_1_208' title='bbox 862 3449 1029 3514; x_wconf 89' lang='lat' dir='ltr'>memoria</span> <span class='ocrx_word' id='word_1_209' title='bbox 1050 3447 1308 3512; x_wconf 76' lang='lat' dir='ltr'>ascendentium</span> <span class='ocrx_word' id='word_1_210' title='bbox 1322 3450 1494 3521; x_wconf 80' lang='lat' dir='ltr'>constane,</span> <span class='ocrx_word' id='word_1_211' title='bbox 1510 3446 1546 3510; x_wconf 91' lang='lat' dir='ltr'>in</span> 
     </span>
     <span class='ocr_line' id='line_1_28' title="bbox 371 3554 1367 3639; baseline 0 -22"><span class='ocrx_word' id='word_1_212' title='bbox 371 3572 484 3618; x_wconf 72' lang='lat' dir='ltr'>aevum</span> <span class='ocrx_word' id='word_1_213' title='bbox 499 3561 552 3620; x_wconf 91' lang='lat' dir='ltr'>est</span> <span class='ocrx_word' id='word_1_214' title='bbox 565 3557 737 3622; x_wconf 89' lang='lat' dir='ltr'>duratura.</span> <span class='ocrx_word' id='word_1_215' title='bbox 755 3557 849 3622; x_wconf 86' lang='lat' dir='ltr'>Dicta</span> <span class='ocrx_word' id='word_1_216' title='bbox 864 3556 995 3639; x_wconf 88' lang='lat' dir='ltr'>dejure</span> <span class='ocrx_word' id='word_1_217' title='bbox 1009 3555 1158 3620; x_wconf 89' lang='lat' dir='ltr'>testandi</span> <span class='ocrx_word' id='word_1_218' title='bbox 1171 3556 1226 3620; x_wconf 90' lang='lat' dir='ltr'>bic</span> <span class='ocrx_word' id='word_1_219' title='bbox 1240 3554 1367 3631; x_wconf 76' lang='lat' dir='ltr'>valent.</span> 
     </span>
    </p>

    <p class='ocr_par' dir='ltr' id='par_1_9' title="bbox 371 3664 1548 4292">
     <span class='ocr_line' id='line_1_29' title="bbox 410 3664 1546 3749; baseline -0.001 -21"><span class='ocrx_word' id='word_1_220' title='bbox 410 3664 642 3732; x_wconf 75' lang='lat' dir='ltr'>astabores</span> <span class='ocrx_word' id='word_1_221' title='bbox 669 3665 841 3749; x_wconf 78' lang='lat' dir='ltr'>legitimos</span> <span class='ocrx_word' id='word_1_222' title='bbox 864 3667 921 3732; x_wconf 85' lang='lat' dir='ltr'>vel</span> <span class='ocrx_word' id='word_1_223' title='bbox 947 3686 991 3731; x_wconf 82' lang='lat' dir='ltr'>ex</span> <span class='ocrx_word' id='word_1_224' title='bbox 1013 3666 1067 3730; x_wconf 90' lang='lat' dir='ltr'>his</span> <span class='ocrx_word' id='word_1_225' title='bbox 1093 3664 1339 3730; x_wconf 87' lang='lat' dir='ltr'>descendentes</span> <span class='ocrx_word' id='word_1_226' title='bbox 1366 3664 1546 3730; x_wconf 77' lang='lat' dir='ltr'>defunctus</span> 
     </span>
     <span class='ocr_line' id='line_1_30' title="bbox 371 3771 1547 3859; baseline -0.003 -23"><span class='ocrx_word' id='word_1_227' title='bbox 371 3771 483 3838; x_wconf 90' lang='lat' dir='ltr'>nullos</span> <span class='ocrx_word' id='word_1_228' title='bbox 504 3773 689 3859; x_wconf 90' lang='lat' dir='ltr'>reliquerit,</span> <span class='ocrx_word' id='word_1_229' title='bbox 706 3774 893 3840; x_wconf 88' lang='lat' dir='ltr'>succedunt</span> <span class='ocrx_word' id='word_1_230' title='bbox 916 3775 1028 3839; x_wconf 90' lang='lat' dir='ltr'>eidem</span> <span class='ocrx_word' id='word_1_231' title='bbox 1047 3773 1271 3838; x_wconf 89' lang='lat' dir='ltr'>ascendentes</span> <span class='ocrx_word' id='word_1_232' title='bbox 1289 3791 1296 3834; x_wconf 91' lang='lat'><strong>:</strong></span> <span class='ocrx_word' id='word_1_233' title='bbox 1313 3772 1399 3836; x_wconf 87' lang='lat' dir='ltr'>ratic</span> <span class='ocrx_word' id='word_1_234' title='bbox 1422 3771 1547 3854; x_wconf 83' lang='lat' dir='ltr'>duplex</span> 
     </span>
     <span class='ocr_line' id='line_1_31' title="bbox 372 3880 1548 3967; baseline -0.002 -23"><span class='ocrx_word' id='word_1_235' title='bbox 372 3881 444 3946; x_wconf 89' lang='lat' dir='ltr'>dari</span> <span class='ocrx_word' id='word_1_236' title='bbox 462 3886 576 3964; x_wconf 91' lang='lat' dir='ltr'>potest</span> <span class='ocrx_word' id='word_1_237' title='bbox 596 3903 603 3946; x_wconf 94' lang='lat'>:</span> <span class='ocrx_word' id='word_1_238' title='bbox 628 3883 737 3966; x_wconf 85' lang='lat' dir='ltr'>prima</span> <span class='ocrx_word' id='word_1_239' title='bbox 749 3887 812 3960; x_wconf 88' lang='lat' dir='ltr'>cst,</span> <span class='ocrx_word' id='word_1_240' title='bbox 830 3883 921 3967; x_wconf 92' lang='lat' dir='ltr'>quod</span> <span class='ocrx_word' id='word_1_241' title='bbox 935 3888 1095 3967; x_wconf 89' lang='lat' dir='ltr'>parentes</span> <span class='ocrx_word' id='word_1_242' title='bbox 1113 3899 1192 3946; x_wconf 89' lang='lat' dir='ltr'>cum</span> <span class='ocrx_word' id='word_1_243' title='bbox 1204 3880 1320 3945; x_wconf 88' lang='lat' dir='ltr'>liberis</span> <span class='ocrx_word' id='word_1_244' title='bbox 1335 3880 1457 3945; x_wconf 88' lang='lat' dir='ltr'>eadem</span> <span class='ocrx_word' id='word_1_245' title='bbox 1474 3898 1548 3962; x_wconf 88' lang='lat' dir='ltr'>per·</span> 
     </span>
     <span class='ocr_line' id='line_1_32' title="bbox 373 3987 1547 4075; baseline 0 -25"><span class='ocrx_word' id='word_1_246' title='bbox 373 4008 458 4055; x_wconf 91' lang='lat' dir='ltr'>sona</span> <span class='ocrx_word' id='word_1_247' title='bbox 481 3989 619 4055; x_wconf 88' lang='lat' dir='ltr'>moralis</span> <span class='ocrx_word' id='word_1_248' title='bbox 639 3995 851 4075; x_wconf 87' lang='lat' dir='ltr'>reputantur,</span> <span class='ocrx_word' id='word_1_249' title='bbox 868 3995 903 4054; x_wconf 90' lang='lat' dir='ltr'>et</span> <span class='ocrx_word' id='word_1_250' title='bbox 922 3991 999 4055; x_wconf 89' lang='lat' dir='ltr'>ideo</span> <span class='ocrx_word' id='word_1_251' title='bbox 1024 3989 1211 4074; x_wconf 88' lang='lat' dir='ltr'>applicatur</span> <span class='ocrx_word' id='word_1_252' title='bbox 1230 4005 1310 4052; x_wconf 91' lang='lat' dir='ltr'>cum</span> <span class='ocrx_word' id='word_1_253' title='bbox 1329 3987 1547 4072; x_wconf 84' lang='lat' dir='ltr'>proportione</span> 
     </span>
     <span class='ocr_line' id='line_1_33' title="bbox 372 4097 1548 4181; baseline -0.003 -18"><span class='ocrx_word' id='word_1_254' title='bbox 372 4099 458 4163; x_wconf 88' lang='lat' dir='ltr'>ratic</span> <span class='ocrx_word' id='word_1_255' title='bbox 473 4117 534 4181; x_wconf 92' lang='lat' dir='ltr'>pro</span> <span class='ocrx_word' id='word_1_256' title='bbox 548 4099 658 4181; x_wconf 92' lang='lat' dir='ltr'>primo</span> <span class='ocrx_word' id='word_1_257' title='bbox 677 4118 758 4164; x_wconf 86' lang='lat' dir='ltr'>casu</span> <span class='ocrx_word' id='word_1_258' title='bbox 779 4098 894 4176; x_wconf 89' lang='lat' dir='ltr'>allata;</span> <span class='ocrx_word' id='word_1_259' title='bbox 911 4099 1035 4164; x_wconf 90' lang='lat' dir='ltr'>deinde</span> <span class='ocrx_word' id='word_1_260' title='bbox 1054 4098 1289 4174; x_wconf 88' lang='lat' dir='ltr'>ascendentes,</span> <span class='ocrx_word' id='word_1_261' title='bbox 1306 4097 1420 4162; x_wconf 88' lang='lat' dir='ltr'>liberis</span> <span class='ocrx_word' id='word_1_262' title='bbox 1435 4114 1548 4160; x_wconf 90' lang='lat' dir='ltr'>succc-</span> 
     </span>
     <span class='ocr_line' id='line_1_34' title="bbox 373 4206 1122 4292; baseline 0 -22"><span class='ocrx_word' id='word_1_263' title='bbox 373 4206 495 4282; x_wconf 91' lang='lat' dir='ltr'>dendo,</span> <span class='ocrx_word' id='word_1_264' title='bbox 513 4207 554 4272; x_wconf 90' lang='lat' dir='ltr'>ad</span> <span class='ocrx_word' id='word_1_265' title='bbox 570 4209 705 4292; x_wconf 92' lang='lat' dir='ltr'>propria</span> <span class='ocrx_word' id='word_1_266' title='bbox 715 4209 806 4273; x_wconf 89' lang='lat' dir='ltr'>bona</span> <span class='ocrx_word' id='word_1_267' title='bbox 819 4227 881 4273; x_wconf 89' lang='lat' dir='ltr'>sua</span> <span class='ocrx_word' id='word_1_268' title='bbox 894 4213 1122 4272; x_wconf 84' lang='lat' dir='ltr'>revertuntur.</span> 
     </span>
    </p>

    <p class='ocr_par' dir='ltr' id='par_1_10' title="bbox 413 4314 1548 4390">
     <span class='ocr_line' id='line_1_35' title="bbox 413 4314 1548 4390; baseline 0 -11"><span class='ocrx_word' id='word_1_269' title='bbox 413 4315 699 4381; x_wconf 69' lang='lat' dir='ltr'>occasionibus</span> <span class='ocrx_word' id='word_1_270' title='bbox 723 4321 797 4380; x_wconf 88' lang='lat' dir='ltr'>tum</span> <span class='ocrx_word' id='word_1_271' title='bbox 819 4315 1081 4382; x_wconf 87' lang='lat' dir='ltr'>ascendentibus</span> <span class='ocrx_word' id='word_1_272' title='bbox 1103 4314 1489 4390; x_wconf 74' lang='lat' dir='ltr'>condescendentibus,</span> <span class='ocrx_word' id='word_1_273' title='bbox 1507 4315 1548 4379; x_wconf 91' lang='lat' dir='ltr'>ab</span> 
     </span>
    </p>
   </div>
   <div class='ocr_carea' id='block_1_5' title="bbox 267 4422 1550 4836">
    <p class='ocr_par' dir='ltr' id='par_1_11' title="bbox 374 4422 1406 4509">
     <span class='ocr_line' id='line_1_36' title="bbox 374 4422 1406 4509; baseline -0.001 -22"><span class='ocrx_word' id='word_1_274' title='bbox 374 4423 535 4490; x_wconf 85' lang='lat' dir='ltr'>intestato</span> <span class='ocrx_word' id='word_1_275' title='bbox 551 4425 738 4490; x_wconf 88' lang='lat' dir='ltr'>succedunt</span> <span class='ocrx_word' id='word_1_276' title='bbox 751 4426 996 4508; x_wconf 80' lang='lat' dir='ltr'>consanguinei</span> <span class='ocrx_word' id='word_1_277' title='bbox 1014 4425 1170 4509; x_wconf 86' lang='lat' dir='ltr'>ejusdem</span> <span class='ocrx_word' id='word_1_278' title='bbox 1183 4422 1406 4503; x_wconf 86' lang='lat' dir='ltr'>collaterales.</span> 
     </span>
    </p>

    <p class='ocr_par' dir='ltr' id='par_1_12' title="bbox 267 4532 1550 4836">
     <span class='ocr_line' id='line_1_37' title="bbox 414 4532 1550 4617; baseline -0.002 -21"><span class='ocrx_word' id='word_1_279' title='bbox 414 4533 491 4598; x_wconf 78' lang='lat' dir='ltr'>Hac</span> <span class='ocrx_word' id='word_1_280' title='bbox 513 4534 628 4598; x_wconf 91' lang='lat' dir='ltr'>omnia</span> <span class='ocrx_word' id='word_1_281' title='bbox 650 4537 809 4598; x_wconf 88' lang='lat' dir='ltr'>constant</span> <span class='ocrx_word' id='word_1_282' title='bbox 831 4553 874 4598; x_wconf 87' lang='lat' dir='ltr'>ex</span> <span class='ocrx_word' id='word_1_283' title='bbox 893 4535 971 4617; x_wconf 84' lang='lat' dir='ltr'>jure</span> <span class='ocrx_word' id='word_1_284' title='bbox 995 4533 1085 4598; x_wconf 88' lang='lat' dir='ltr'>civili</span> <span class='ocrx_word' id='word_1_285' title='bbox 1109 4533 1249 4616; x_wconf 89' lang='lat' dir='ltr'>antiquo</span> <span class='ocrx_word' id='word_1_286' title='bbox 1267 4535 1302 4598; x_wconf 90' lang='lat' dir='ltr'>et</span> <span class='ocrx_word' id='word_1_287' title='bbox 1321 4532 1498 4607; x_wconf 89' lang='lat' dir='ltr'>hodierno,</span> <span class='ocrx_word' id='word_1_288' title='bbox 1516 4537 1550 4596; x_wconf 92' lang='lat' dir='ltr'>et</span> 
     </span>
     <span class='ocr_line' id='line_1_38' title="bbox 267 4639 1548 4730; baseline 0 -26"><span class='ocrx_word' id='word_1_289' title='bbox 267 4721 270 4730; x_wconf 30' lang='grc' dir='ltr'>Ι</span> <span class='ocrx_word' id='word_1_290' title='bbox 377 4641 640 4724; x_wconf 86' lang='lat' dir='ltr'>approbantura</span> <span class='ocrx_word' id='word_1_291' title='bbox 651 4644 729 4724; x_wconf 87' lang='lat' dir='ltr'>jure</span> <span class='ocrx_word' id='word_1_292' title='bbox 747 4642 922 4717; x_wconf 88' lang='lat' dir='ltr'>canonico,</span> <span class='ocrx_word' id='word_1_293' title='bbox 939 4646 1041 4726; x_wconf 89' lang='lat' dir='ltr'>atque</span> <span class='ocrx_word' id='word_1_294' title='bbox 1061 4641 1096 4706; x_wconf 89' lang='lat' dir='ltr'>in</span> <span class='ocrx_word' id='word_1_295' title='bbox 1118 4641 1192 4724; x_wconf 91' lang='lat' dir='ltr'>ipso</span> <span class='ocrx_word' id='word_1_296' title='bbox 1212 4642 1289 4723; x_wconf 85' lang='lat' dir='ltr'>jure</span> <span class='ocrx_word' id='word_1_297' title='bbox 1311 4639 1455 4704; x_wconf 82' lang='lat' dir='ltr'>naturali</span> <span class='ocrx_word' id='word_1_298' title='bbox 1475 4641 1548 4704; x_wconf 88' lang='lat' dir='ltr'>luu-</span> 
     </span>
     <span class='ocr_line' id='line_1_39' title="bbox 377 4747 1368 4836; baseline -0.001 -24"><span class='ocrx_word' id='word_1_299' title='bbox 377 4747 575 4814; x_wconf 88' lang='lat' dir='ltr'>damentum</span> <span class='ocrx_word' id='word_1_300' title='bbox 591 4748 739 4831; x_wconf 87' lang='lat' dir='ltr'>aliquod,</span> <span class='ocrx_word' id='word_1_301' title='bbox 755 4749 949 4831; x_wconf 81' lang='lat' dir='ltr'>proximum</span> <span class='ocrx_word' id='word_1_302' title='bbox 963 4749 1018 4836; x_wconf 78' lang='lat' dir='ltr'>uel</span> <span class='ocrx_word' id='word_1_303' title='bbox 1032 4753 1214 4824; x_wconf 89' lang='lat' dir='ltr'>remotum,</span> <span class='ocrx_word' id='word_1_304' title='bbox 1230 4747 1368 4812; x_wconf 89' lang='lat' dir='ltr'>habent.</span> 
     </span>
    </p>
   </div>
   <div class='ocr_carea' id='block_1_6' title="bbox 0 0 1761 5572">
    <p class='ocr_par' dir='ltr' id='par_1_13' title="bbox 0 0 1761 5572">
     <span class='ocr_line' id='line_1_40' title="bbox 0 0 1761 5572; baseline 0 0"><span class='ocrx_word' id='word_1_305' title='bbox 0 0 1761 5572; x_wconf 95' lang='lat' dir='ltr'> </span> 
     </span>
    </p>
   </div>
  </div>
 </body>
</html>
