3498 5572
339 559 401 626 lbi
803 579 854 626 rus
874 579 1056 627 canonieus.

341 699 538 776 novitiatus,
556 698 826 782 ajurisdiotione
843 701 896 766 sni
918 700 1081 766 ordinarii
1100 700 1225 784 judieis
1240 701 1403 766 subtracti
1422 705 1523 778 eunt,

343 811 427 871 etex
440 805 517 882 aba,
529 805 691 889 praelatus
700 805 868 888 regularis
875 807 1150 891 iurisdietionem
1161 807 1197 872 in
1213 827 1273 873 eos
1284 827 1354 874 non
1369 808 1521 874 baberet.

341 915 379 978 ln
397 913 620 996 religionibus
641 915 820 999 exemptis,
845 915 947 998 plene
967 916 1128 992 subsunt3
1150 915 1179 980 si
1200 915 1332 999 praelati
1350 934 1420 982 non
1441 921 1525 982 sunt

340 1022 501 1105 exempti,
515 1020 790 1105 jurisdiotionem
804 1023 942 1098 babent,
964 1027 1132 1106 quantum
1149 1023 1330 1107 episeopus
1353 1023 1520 1107 permisit.

339 1131 372 1195 3·
402 1129 484 1196 lnde
511 1129 672 1213 prselstus
697 1134 816 1214 posset
850 1129 990 1196 novitiis
1013 1133 1108 1214 justa
1133 1135 1304 1215 praerepta
1330 1131 1520 1214 imponere,

340 1239 443 1304 etiam
455 1239 519 1303 sub
530 1238 696 1314 sensuris,
713 1242 748 1304 et
760 1236 998 1322 delinquentes
1011 1239 1133 1323 punire
1150 1238 1251 1305 :lieet
1272 1239 1393 1306 novitii
1407 1239 1523 1305 inobe-

338 1346 474 1424 diendo‚
501 1363 571 1412 non
592 1349 736 1430 pseeent
756 1349 877 1411 eontra
900 1345 1132 1412 obedientiam
1148 1345 1356 1428 religionem,
1381 1350 1525 1432 peooant

339 1459 454 1522 tamen
465 1459 585 1520 oontm
597 1452 873 1537 Jurlsdietionem
887 1451 1028 1536 praelati.

545 1645 590 1698 tv.
607 1646 646 1697 bs
661 1642 846 1708 dispositione
861 1642 1001 1696 bonorum
1016 1654 1034 1695 a
1048 1641 1164 1696 novitiis
1178 1641 1318 1698 laetanda.

379 1785 411 1866 α)
428 1781 576 1866 Antiqua
585 1782 675 1864 jure,
691 1777 843 1844 notitius
854 1778 1053 1844 renuntiare
1067 1781 1203 1862 poterat
1215 1781 1315 1845 bonis
1330 1785 1365 1844 et
1373 1780 1520 1864 juribus,

339 1911 409 1956 non
422 1893 557 1955 tantum
571 1892 663 1964 ante,
680 1885 741 1952 sed
756 1887 860 1951 etiam
882 1891 962 1970 post
985 1885 1181 1968 ingressum
1202 1905 1305 1952 snum
1331 1888 1366 1952 in
1386 1877 1524 1970 religio·

339 2017 432 2076 nem,
447 1998 592 2064 durante
610 2001 682 2063 toto
697 2001 852 2080 tempore
875 1996 1075 2062 novitiatus.
1100 1995 1166 2062 Sed
1188 1997 1444 2064 observandum
1470 2001 1524 2061 est

340 2107 638 2190 novaminseono.
654 2102 803 2168 Trident.
821 2103 920 2186 (sess.
931 2103 982 2180 23,
994 2121 1024 2168 e.
1041 2103 1091 2180 lt,
1108 2103 1150 2168 de
1163 2104 1260 2188 Rep.)
1275 2103 1368 2188 quod
1380 2104 1521 2168 statuit:

338 2241 354 2276 α
370 2212 467 2279 Nulla
481 2211 690 2278 renuntiatio
706 2215 766 2276 ant
781 2209 944 2293 obligatio
967 2215 1071 2277 antea
1087 2211 1188 2287 faeta,
1212 2212 1317 2278 etiarn
1336 2230 1418 2278 oum
1429 2215 1523 2295 J'ura-

336 2325 455 2388 mento
459 2368 520 2385 .....
545 2318 674 2396 valeat,
700 2319 767 2384 nisi
790 2335 870 2383 enm
894 2317 1034 2386 lieentia
1055 2318 1207 2403 episcopi
1226 2319 1283 2386 vel
1303 2321 1379 2404 ejus
1404 2319 1522 2386 vioarii

338 2431 399 2497 ssat
410 2429 502 2495 intra
516 2429 602 2495 duos
616 2445 755 2494 menses
775 2431 856 2493 ante
875 2426 1137 2512 professionem,
1161 2445 1201 2492 ao
1218 2445 1288 2492 non
1302 2427 1387 2496 alias
1401 2427 1525 2492 intelli·

338 2544 440 2622 gatur
465 2539 628 2604 effoetum
652 2554 755 2602 suum
779 2536 903 2612 sortiri,
928 2535 994 2600 nisi
1021 2541 1139 2602 seouta
1162 2537 1395 2621 professione3
1424 2536 1524 2602 aliter

337 2650 437 2725 laeta,
462 2647 597 2712 etiamsi
610 2663 691 2720 oum
703 2646 808 2730 bujus
821 2645 949 2714 favoris
962 2645 1217 2712 renuntiatione
1233 2664 1407 2730 expressa,
1419 2646 1523 2712 etiam

336 2759 461 2842 jurata,
478 2755 523 2820 sit
535 2755 631 2820 irrita
645 2758 680 2818 et
693 2751 820 2818 nulline
836 2753 990 2818 effeetus.
1009 2777 1025 2812 a
1056 2753 1154 2820 Ratio
1175 2754 1280 2837 hujus
1303 2753 1432 2820 deoreti
1458 2759 1521 2830 est,

339 2865 502 2950 quiajam
513 2862 669 2928 aberratis
683 2861 794 2938 bonis,
811 2861 942 2927 novitio
961 2861 1186 2946 impediretur
1199 2860 1339 2928 libertas
1361 2863 1521 2939 exeundi,

340 2977 375 3038 et
397 2973 531 3039 deleetu
554 2971 832 3047 sustentationis,
851 2971 1088 3054 imponeretur
1106 2971 1216 3036 invito
1236 2970 1424 3036 necessitas
1445 2989 1523 3054 pro

341 3079 471 3146 litandi.

377 3188 550 3272 Exeipitur
563 3187 713 3254 Societas
735 3185 827 3262 lesu,
853 3187 890 3251 in
911 3204 979 3271 qua
999 3186 1121 3252 novitii
1135 3205 1353 3272 quocumque
1368 3193 1523 3273 tempore

338 3297 525 3364 novitiatus
549 3301 584 3362 et
604 3297 736 3382 absque
756 3295 895 3362 lieentia
913 3295 1087 3371 ordinarii,
1110 3295 1210 3364 bonis
1225 3297 1296 3362 suis
1310 3297 1432 3363 aedera
1447 3315 1523 3382 pos·

340 3411 440 3484 sunt3
456 3405 694 3491 exeeptionem
709 3423 871 3490 expresse
886 3405 1029 3488 agnovit
1042 3421 1137 3472 eone.
1154 3403 1242 3470 ibid.

377 3515 407 3597 b)
416 3513 613 3580 Tridentino
628 3513 766 3579 deereto
780 3513 957 3580 irritantur
971 3513 1084 3580 solum
1098 3512 1147 3578 illi
1160 3518 1357 3580 eontraotus
1373 3518 1408 3578 et
1423 3518 1522 3598 poeta

340 3624 464 3708 quibus
478 3624 569 3690 bona
594 3626 629 3687 et
650 3624 731 3706 jura
748 3621 868 3687 novitii
892 3619 1087 3686 notabiliter
1107 3621 1321 3698 minuuntur,
1338 3627 1377 3686 nt
1390 3627 1524 3688 oonstat

341 3733 466 3798 exflne
491 3729 628 3795 deorse.
656 3727 751 3794 Unde
777 3729 812 3793 in
832 3729 898 3794 boo
926 3727 1063 3794 decreto
1085 3747 1156 3794 non
1183 3729 1524 3814 eomprehenduntur

339 3839 555 3912 testamenta,
582 3837 699 3919 utpote
723 3835 767 3900 ad
780 3835 944 3918 placitum
964 3835 1181 3913 revocabilis,
1198 3855 1311 3922 neque
1326 3841 1522 3902 eontraetus

341 3943 488 4022 onerosi,
506 3943 629 4028 quibus
645 3961 715 4008 non
729 3941 807 4026 plus
822 3942 923 4008 datur
937 3962 1041 4028 quem
1055 3944 1228 4029 aecipitur,
1249 3945 1310 4017 sad
1325 3944 1406 4010 solae
1423 3944 1524 4009 dona·

341 4056 452 4121 tiones
485 4057 546 4120 aut
578 4050 851 4118 renuntiationes
893 4051 1017 4136 quibus
1054 4053 1300 4136 patrimonium
1328 4052 1525 4118 notabiliter

340 4163 530 4237 minuitur;
552 4161 622 4225 imo
638 4159 742 4224 etiam
765 4159 1039 4226 renuntiationes
1062 4145 1319 4238 hebetatorum,
1345 4165 1383 4225 ut
1397 4159 1524 4244 pluries

342 4269 525 4337 declaravit
539 4267 572 4334 S.
588 4267 710 4350 Gongr.
726 4265 827 4334 Cone.
844 4268 946 4352 (apud
965 4269 1128 4351 regnan„
1146 4269 1182 4334 in
1196 4287 1224 4334 o.
1242 4269 1293 4346 93,
1309 4270 1343 4334 b.
1362 4275 1398 4346 t.‚
1410 4287 1443 4332 n.
1461 4269 1521 4349 le).

382 4380 409 4462 c)
426 4377 645 4443 Renuntiatio
659 4377 830 4442 bonorum
843 4377 997 4460 legitime
1009 4379 1097 4444 faeta
1113 4379 1278 4455 subsistit,
1295 4395 1359 4444 nea
1371 4377 1524 4443 revooari

342 4507 405 4572 pro
426 4487 549 4572 plaeito
574 4489 732 4571 potesta
755 4487 902 4564 novitio;
929 4487 1013 4554 alias
1036 4489 1163 4554 frustra
1188 4489 1263 4554 istae
1290 4487 1524 4554 solemnitates

344 4597 604 4670 adhiberentur3
633 4599 751 4660 seeuta
768 4597 981 4679 professione
996 4596 1109 4662 valida
1123 4598 1272 4683 perfeote
1286 4597 1523 4668 confirmatum

346 4706 405 4772 sed
421 4708 449 4772 si
465 4709 630 4792 professio
649 4709 800 4775 invalida
818 4707 877 4783 sit,
899 4705 1016 4772 omnia
1033 4707 1124 4770 bona
1144 4705 1251 4770 libera
1270 4707 1426 4778 manent,
1448 4721 1523 4786 quea
