3488 5564
363 541 402 604 36
822 558 874 604 rus
895 557 1075 604 canonican.
1112 531 1118 544 ⁸

362 693 482 740 omnes
507 675 565 758 qui
585 675 730 740 naturali
744 675 1042 740 commiseratione
1055 673 1149 756 digni
1159 677 1249 738 sunt.
1266 672 1360 738 Unde
1375 673 1410 738 iu
1425 675 1534 758 specie

363 799 462 848 senes
477 781 638 866 decrepiti
653 783 708 847 vel
721 782 826 866 longo
841 784 960 846 morbo
975 781 1130 854 consecti,
1145 786 1207 846 etc.
1223 781 1292 846 lloc
1304 787 1420 846 tamen
1435 782 1536 865 privi-

361 889 489 971 legium
505 891 738 972 denegabatur
754 891 913 954 omnibus
925 889 1135 964 facinorosis,
1154 909 1185 952 v.
1203 909 1235 971 g.
1251 889 1486 953 meretricibus
1501 893 1537 952 et

361 996 435 1060 aliis
450 998 656 1080 hujusmodi.
682 997 750 1062 lllis
764 998 918 1082 personis
935 997 1056 1081 triplex
1075 997 1292 1080 privilegium
1306 997 1533 1080 competebat;

363 1103 430 1170 duo
443 1107 520 1188 jure
535 1105 624 1170 civili
645 1123 808 1170 concessa
823 1111 928 1182 erant,
945 1105 1083 1170 tertium
1099 1107 1177 1188 jure
1190 1103 1428 1179 ecclesiastico,
1446 1103 1535 1187 quod

362 1212 397 1274 in
420 1211 484 1276 hoc
503 1213 711 1278 consistebat
733 1218 771 1278 ut
792 1214 827 1276 in
851 1233 932 1278 casu
957 1213 1167 1296 spoliationis
1192 1213 1410 1295 spoliatorem
1435 1229 1535 1274 suum

363 1320 545 1384 convenire
560 1325 700 1404 possent
715 1321 848 1404 spoliati
871 1339 985 1386 coram
1004 1319 1117 1402 judice
1141 1319 1378 1392 ecclesiastico,
1401 1318 1535 1382 omissis

364 1428 466 1491 etiam
481 1428 555 1492 aliis
568 1429 738 1510 judicibus
754 1429 1040 1493 extraordinariis.

401 1536 433 1598 b
450 1535 579 1612 Milites,
596 1537 792 1601 etiamnunc
805 1555 920 1600 coram
944 1535 1009 1600 alio
1019 1535 1144 1616 judice,
1158 1553 1261 1618 quam
1282 1534 1430 1606 militari,
1456 1552 1536 1598 con-

361 1644 469 1706 veniri
483 1651 669 1728 nequeunt.
697 1643 784 1708 Olim
808 1663 878 1708 non
893 1647 1051 1728 poterant
1071 1641 1182 1726 quoad
1200 1661 1319 1706 causas
1335 1648 1404 1706 tam
1418 1641 1534 1706 civiles

360 1769 463 1834 quam
476 1753 679 1816 criminales.
697 1753 855 1816 Attamen
869 1750 981 1834 quoad
993 1768 1114 1816 causas
1128 1749 1256 1824 civiles,
1271 1753 1329 1832 jus
1343 1749 1536 1814 Romanum

355 1861 427 1942 jam
442 1861 643 1926 admittebat
664 1860 779 1944 plures
807 1860 1039 1943 exceptionem
1064 1858 1164 1922 hodie
1190 1860 1379 1939 generatim
1402 1857 1534 1922 nullum

359 1967 457 2032 datur
470 1969 583 2032 forum
598 1967 742 2032 militare
759 1968 870 2051 quoad
884 1985 1004 2032 causas
1019 1985 1103 2050 pure
1118 1965 1245 2030 civiles.

396 2077 428 2138 3·
443 2075 590 2140 Studiosi
615 2077 790 2141 conveniri
816 2095 886 2141 non
909 2080 1066 2159 poterant
1089 2073 1154 2138 nisi
1176 2093 1291 2138 coram
1315 2075 1454 2140 domiuo
1480 2073 1535 2140 vel

357 2186 609 2274 magistrando,
625 2184 735 2261 idest,
754 2190 884 2248 rectore
909 2181 1100 2248 scholarum
1124 2201 1183 2244 seu
1201 2182 1399 2264 magistratu
1416 2183 1535 2248 acade-

302 2274 306 2285 ’
357 2292 444 2368 miae,
462 2291 515 2356 vel
536 2293 640 2374 ipsius
656 2292 801 2356 civitatis
817 2293 984 2376 episcopo.
1009 2293 1077 2356 lloc
1092 2295 1204 2358 forum
1229 2293 1460 2360 academicum
1482 2299 1534 2356 est

356 2399 586 2464 introductum
602 2402 643 2464 ab
658 2400 771 2484 aliqua
784 2401 997 2464 institutione
1012 2401 1225 2483 imperatoris
1238 2401 1403 2466 Frederici
1423 2401 1436 2464 1
1457 2401 1534 2464 Bar-

358 2508 515 2582 barossae,
533 2525 608 2590 quae
629 2507 735 2571 relata
758 2507 860 2571 estin
874 2511 932 2590 jus
947 2507 1057 2571 civile.
1075 2507 1160 2572 lllud
1175 2527 1211 2572 se
1227 2510 1443 2584 extendebat,
1462 2527 1532 2572 non

359 2619 490 2678 tantum
505 2615 547 2678 ad
559 2633 680 2679 causas
694 2613 821 2690 civiles,
840 2615 1019 2679 sedetiam
1048 2615 1088 2678 ad
1110 2615 1303 2680 criminales
1318 2617 1470 2680 minores
1499 2623 1532 2678 et

356 2725 514 2805 majores.
528 2721 622 2786 Unde
634 2723 815 2788 academiis
828 2723 1043 2806 competebat
1054 2723 1236 2805 imperium
1247 2742 1391 2802 merum,
1405 2744 1466 2788 seu
1474 2727 1531 2806 jus

355 2831 469 2910 gladii.

393 2939 427 3000 4⁰
441 2939 566 3004 Forum
581 2945 781 3023 competens
794 2941 999 3026 principum,
1024 2959 1146 3022 nempe
1161 2941 1274 3004 forum
1290 2941 1454 3004 nobilium
1470 2942 1531 3004 im-

355 3047 501 3112 mediate
516 3047 670 3112 Romano
685 3048 827 3131 imperio
837 3049 1081 3130 subjectorum,
1096 3049 1341 3132 eratJ'udicium
1356 3047 1529 3131 imperiale

354 3153 512 3231 aulicum.

394 3262 449 3326 lsti
471 3265 563 3326 euim
578 3264 709 3328 nobiles
736 3263 817 3328 olim
839 3284 908 3329 non
923 3265 1155 3346 agnoscebant
1174 3265 1326 3348 judicem
1356 3264 1461 3329 alium
1492 3283 1529 3330 ac

353 3371 464 3452 ipsum
488 3372 741 3454 imperatorem,
754 3377 788 3436 et
802 3374 976 3437 conveniri
993 3359 1063 3437 non
1078 3379 1236 3456 poterant
1257 3374 1321 3437 nisi
1346 3373 1380 3437 in
1395 3391 1530 3438 camera

353 3479 496 3561 imperii,
514 3499 534 3544 a
549 3500 616 3563 qua
630 3499 700 3545 non
716 3481 858 3545 dabatur
873 3480 1063 3565 appellatio.

800 3835 986 3914 l'lTULUS
1014 3833 1074 3912 lll.

682 4005 724 4050 ns
752 4007 891 4053 ursacii
918 4010 1118 4055 oaaarroua
1139 3989 1191 4072 (l).

850 4157 1016 4170 ὴ

386 4287 480 4352 Nora.
505 4285 638 4353 (lumin
656 4290 733 4371 jure
749 4291 911 4355 canonico
928 4289 1043 4356 nullus
1055 4295 1166 4356 exstet
1179 4291 1297 4355 titulus
1312 4293 1467 4375 specialis
1483 4293 1523 4356 de

345 4397 503 4461 citatione
515 4395 677 4478 J'udiciali,
694 4397 771 4461 ideo
786 4403 924 4481 propter
938 4401 1189 4463 connexionem
1201 4401 1361 4476 materiae,
1379 4419 1523 4481 agemus

378 4543 411 4603 (tt
429 4541 466 4590 De
478 4541 527 4592 hac
542 4543 651 4592 materia
664 4543 720 4606 agit
735 4545 761 4592 1⁰
775 4541 820 4607 J'us
834 4543 910 4593 Rom.
922 4543 962 4594 tit.
979 4543 1006 4604 a,
1021 4547 1047 4593 et
1058 4543 1122 4594 Cod.
1138 4544 1170 4594 de
1182 4544 1310 4610 Edendo;
1321 4544 1350 4595 2⁰
1359 4543 1404 4611 J‘us
1415 4545 1480 4596 Gall.
1495 4547 1524 4596 iu

346 4621 409 4672 Cori.
429 4637 543 4687 process.
555 4621 616 4684 civ,
631 4637 658 4687 p.
673 4623 693 4684 l,
705 4621 724 4673 1.
739 4623 759 4684 1,
774 4624 814 4673 111.
829 4626 856 4685 1;
872 4623 890 4672 1.
906 4625 936 4686 11,
952 4624 991 4673 tit.
1012 4626 1031 4686 1,
1046 4624 1074 4673 iu
1088 4623 1152 4675 Cod.
1166 4624 1241 4676 lustr.
1254 4625 1339 4690 crim,
1351 4640 1374 4676 a.
1390 4630 1412 4689 t,
1428 4641 1449 4676 c¹
1463 4631 1488 4690 2,
1499 4629 1522 4688 3,

346 4705 369 4766 t,
383 4705 411 4766 t;
428 4702 446 4755 1.
461 4703 491 4764 u,
513 4703 553 4754 tit.
570 4717 588 4766 r,
601 4718 625 4753 a.
639 4706 666 4765 t,
680 4703 720 4753 tit.
737 4716 766 4768 rr,
778 4717 801 4756 c.
816 4707 839 4767 t,
852 4707 875 4768 2,
890 4707 939 4754 etc.
