3504 5572
349 587 410 650 362
811 603 864 648 rus
885 600 1065 646 canonicus.

351 721 439 796 uuis,
455 725 494 784 nt
506 720 697 802 generatim
718 739 788 786 non
808 719 909 784 detur
931 717 1028 783 locus
1051 717 1116 782 nisi
1130 717 1296 784 fructibus
1308 717 1533 802 parcimonie-

350 829 449 895 libus.

390 941 423 1002 3·
437 939 587 1004 Tertium
606 939 768 1023 estquod
788 939 880 1004 dono
899 939 1069 1022 accipiens
1087 956 1108 1002 a
1127 937 1329 1004 beneficiato
1348 938 1421 1002 haec
1441 937 1531 1003 hona

350 1047 533 1130 superflua,
546 1049 647 1130 juxta
664 1047 790 1130 pluras,
808 1051 965 1130 peccaret
982 1043 1183 1121 mortalitor,
1198 1045 1278 1110 licet
1288 1048 1389 1128 juxta
1409 1064 1531 1110 ornnes

349 1174 419 1220 non
441 1160 598 1222 teneatur
610 1155 654 1220 ad
666 1155 932 1221 restitutionem.
949 1154 1049 1220 Ratio
1063 1157 1127 1230 est,
1144 1155 1225 1238 quia
1240 1154 1462 1219 beneficiatus
1478 1159 1531 1218 est

348 1281 452 1328 verus
474 1263 650 1340 dominus,
672 1267 708 1328 et
728 1263 805 1328 ideo
828 1263 940 1347 potuit
963 1264 1149 1329 transferre
1173 1262 1381 1338 dominium3
1404 1263 1531 1328 sodex

348 1370 455 1436 altera
468 1373 575 1454 parte,
592 1369 659 1436 ulio
674 1371 784 1446 titulo,
801 1372 865 1436 suh
879 1371 976 1452 gravi
996 1375 1133 1436 tenetur
1146 1367 1189 1435 ed
1203 1371 1295 1436 hona
1308 1371 1481 1454 superilua
1494 1371 1531 1436 in

348 1497 431 1542 usus
452 1479 527 1562 pios
549 1479 738 1561 eroganda,
757 1479 834 1546 ideo
853 1479 1022 1564 accipiens
1043 1483 1288 1562 cooperaretur
1311 1483 1450 1562 peccato
1473 1479 1530 1546 do

347 1588 471 1652 nantis.
488 1587 615 1652 Tamen
628 1587 837 1672 probabilius
852 1587 1021 1671 accipiens
1039 1607 1111 1653 non
1125 1592 1292 1670 peccaret,
1310 1589 1376 1652 nisi
1391 1588 1530 1654 inducat

348 1695 603 1761 beneficiarium
625 1697 669 1762 ad
691 1695 890 1762 donandum
910 1701 1030 1761 contra
1044 1701 1254 1780 praecoptum
1268 1695 1435 1772 Ecclesiae,
1452 1697 1531 1782 quia

346 1822 466 1888 reapse
476 1822 547 1869 non
558 1807 761 1888 cooperatur
773 1809 913 1889 peccato
929 1805 1099 1870 donantis.

385 1913 419 1977 4⁶
428 1912 547 1990 Quoad
561 1917 696 1998 tempus
709 1932 777 1998 qno
791 1913 1030 1980 beneficiarius
1045 1917 1183 1978 tenetur
1196 1913 1239 1978 ed
1254 1915 1346 1979 bona
1359 1914 1531 1998 superflua

347 2021 520 2104 eroganda
534 2021 570 2085 in
584 2025 668 2085 usus
680 2021 767 2104 pios,
779 2039 850 2086 non
862 2023 1017 2103 rigorose
1032 2021 1299 2098 determinatum
1310 2025 1527 2106 quapropter,

343 2130 444 2212 juxta
456 2129 730 2194 communiorem
745 2129 963 2206 sententiam,
980 2134 1099 2213 posset
1110 2129 1184 2193 haec
1198 2130 1290 2194 bono
1303 2147 1482 2194 reservare
1495 2129 1530 2192 in

345 2235 501 2299 futurum
516 2235 560 2302 ad
575 2255 659 2300 usus
672 2235 758 2320 pios,
778 2236 965 2301 dnmmodo
980 2236 1176 2302 cautionem
1191 2236 1420 2301 sufficientem
1436 2235 1531 2301 adhi-

253 2370 254 2379 ¹
346 2345 427 2408 beat
441 2347 480 2406 ut
492 2343 565 2408 haec
579 2343 679 2420 bona,
692 2349 804 2411 morte
819 2345 1007 2430 improvisa
1018 2343 1236 2422 adveniente,
1247 2363 1319 2411 non
1329 2343 1531 2430 diripiantur

231 2516 236 2526 ,
347 2451 658 2533 aconsengurneis.

766 2839 953 2914 TITULUS
984 2839 1108 2914 XXVI.

723 3017 767 3060 on
799 3016 1073 3062 rnsraunnrrs
1101 3001 1153 3080 (i).
1236 3001 1239 3008 '

853 3175 1021 3188 *

389 3324 484 3389 Nora.
503 3323 535 3386 1⁰
548 3323 598 3386 Ab
613 3324 744 3387 actibus
759 3327 794 3386 et
804 3323 1034 3388 contractibus
1051 3323 1142 3388 inter
1154 3323 1253 3388 vivos
1271 3326 1330 3406 jus
1345 3324 1468 3388 transit
1487 3323 1530 3387 ed

349 3431 487 3498 ultimas
503 3429 710 3508 voluntates,
729 3449 875 3516 quarum
897 3432 1047 3516 quinque
1068 3431 1150 3496 oiim
1171 3434 1439 3497 recensebantur
1457 3449 1531 3516 spe·

349 3539 430 3616 cies,
446 3539 536 3604 inter
551 3558 587 3604 se
604 3538 771 3604 distinctae
784 3560 790 3602 :
804 3547 1057 3619 testamentum,
1068 3539 1253 3618 codicillus,
1267 3541 1430 3626 leporum,
1437 3539 1530 3620 fidei·

350 3648 579 3726 commissum,
600 3651 635 3712 et
656 3649 775 3711 mertia
793 3667 898 3712 causa
918 3648 1068 3712 donatio.
1084 3649 1303 3714 -Dicuntur
1323 3647 1451 3713 ultimae
1472 3665 1530 3713 vo·

349 3756 509 3832 luntates,
526 3757 606 3839 quia
619 3761 701 3820 sunt
714 3761 897 3840 postremae
912 3757 1154 3840 dispositiones
1170 3757 1212 3822 de
1227 3757 1327 3823 bouis
1342 3757 1379 3821 in
1395 3762 1530 3842 tempus

350 3866 485 3942 mortis;
502 3871 617 3932 tamen
631 3885 702 3932 non
715 3872 796 3932 sunt
809 3871 993 3951 postrcmae
1007 3887 1068 3932 eeu
1079 3867 1208 3934 ultimae
1217 3869 1347 3942 ordine,
1361 3873 1530 3952 quatenus

350 3973 476 4040 scilicet
491 3976 616 4040 mutari
635 3993 705 4040 non
720 3975 853 4058 possint
866 3976 902 4039 in
918 3975 1013 4054 alias,
1029 3977 1090 4042 sed
1104 3981 1240 4042 tantum
1257 3977 1433 4058 striccitate,
1452 3976 1531 4060 quia

351 4101 420 4147 non
435 4081 534 4147 aliter
546 4083 612 4148 nisi
627 4088 738 4150 morte
754 4083 926 4149 testatoris
944 4087 1200 4151 confirmantur.
1218 4122 1257 4132 -
1272 4083 1336 4149 Per
1349 4085 1422 4150 haec
1437 4083 1531 4148 diffe-

350 4197 432 4256 runt
439 4193 482 4257 ah
489 4193 620 4258 actibus
634 4194 723 4258 inter
736 4193 844 4272 vivos,
857 4195 1049 4278 quistatim,
1060 4214 1121 4260 seu
1133 4213 1203 4260 non
1214 4197 1411 4278 exspectata
1420 4195 1530 4259 morte

351 4301 637 4378 contrahentium,
652 4302 741 4366 firmi
758 4307 848 4368 sunt.

384 4509 420 4573 (1)
437 4507 498 4574 Agit
514 4507 548 4560 de
565 4509 616 4560 hac
633 4507 745 4561 materia
761 4509 807 4575 jus
827 4512 907 4564 Rom.
923 4511 952 4562 in
971 4513 1045 4575 inst,
1064 4511 1112 4568 lib.
1134 4511 1166 4574 it,
1183 4515 1202 4562 t.
1225 4523 1253 4563 rx
1271 4523 1355 4577 sequ,
1375 4513 1402 4562 et
1419 4509 1466 4562 lib.
1487 4511 1531 4572 lii,

353 4593 371 4640 ι.
394 4603 488 4652 r·rrn;
507 4591 535 4640 in
554 4591 690 4652 Pandect„
711 4591 757 4642 lib.
777 4593 1023 4656 xxviii-XXXV1113
1043 4593 1070 4642 in
1091 4591 1167 4654 Cori„
1187 4592 1232 4644 lib.
1249 4593 1292 4656 Vi,
1310 4595 1331 4643 t.
1353 4605 1380 4643 rx
1398 4606 1483 4657 nsque
1497 4591 1531 4642 ed

352 4671 432 4720 tinem
445 4670 525 4734 hujus
537 4670 595 4734 lib.;
610 4671 723 4733 Noveli„
738 4675 760 4736 i,
772 4671 796 4735 ’2,
811 4675 849 4735 it,
864 4675 917 4736 ns,
932 4687 955 4726 c.
969 4677 983 4725 3
995 4687 1080 4738 seqq1.;
1089 4673 1134 4740 jus
1145 4671 1223 4735 Gaii..
1239 4673 1340 4726 inCod.
1352 4673 1414 4736 civ„
1428 4672 1475 4724 iib.
1490 4672 1530 4731 nt,

352 4756 370 4802 t.
388 4763 418 4816 ιι,
434 4755 591 4817 portatum.
