3498 5572
378 593 438 658 lta
841 613 891 659 rus
912 609 1091 656 crueulcuu.

418 727 450 790 Ψ
465 725 503 789 ln
517 725 591 791 ead.
603 725 706 790 Glem.
719 727 948 809 praescribitur
962 741 1127 789 numerus
1140 739 1365 806 personarum
1379 739 1463 806 quas
1479 721 1555 784 visi-

380 841 507 900 tatores
521 835 723 900 monialium
738 853 855 900 seeum
869 835 993 900 ducere
1008 838 1164 918 possunt,
1180 831 1339 896 videlieet
1357 829 1442 894 duos
1460 833 1556 894 nota—

379 946 447 1010 rios
463 949 497 1008 et
510 961 677 1027 personas
696 944 781 1009 duas
803 961 873 1008 suar
893 943 1045 1008 ecclesiae
1060 937 1273 1022 (cathedralis
1286 938 1343 1003 vel
1362 937 1553 1020 interioris),

379 1059 414 1118 et
427 1060 574 1137 quatuor
587 1053 672 1117 alios
696 1053 788 1116 vires
806 1053 970 1116 honestos
992 1054 1026 1114 et
1039 1053 1193 1114 matures
1207 1051 1317 1112 aetate.
1340 1047 1405 1112 Sed
1424 1067 1467 1112 ex
1482 1067 1555 1130 pro-

378 1161 543 1226 hibitione
558 1160 589 1224 S.
611 1159 732 1241 congr.
749 1159 855 1242 Epise.
883 1164 918 1223 et
939 1159 1036 1239 Reg,
1058 1161 1235 1240 nequeunt
1260 1173 1381 1219 omnes
1409 1155 1465 1218 isti
1492 1155 1554 1218 viri

378 1269 544 1333 interesse
566 1267 752 1332 visitationi
767 1265 983 1340 monialium;
1009 1264 1071 1330 sed
1093 1269 1163 1328 tres
1179 1267 1322 1338 motum,
1338 1262 1394 1326 vel
1408 1263 1452 1327 ad
1466 1281 1554 1326 surn-

377 1395 474 1440 mum
489 1379 636 1460 quatuor
648 1375 730 1439 socii
745 1378 892 1458 possunt
903 1371 1082 1438 introduci.

418 1484 450 1546 3⁰
477 1482 627 1548 Tandem
649 1481 769 1548 eadem
794 1480 897 1546 illem.
928 1480 1098 1556 statuitur,
1123 1483 1160 1542 ut
1182 1479 1306 1562 siquis
1328 1479 1420 1561 ipsos
1440 1479 1555 1543 visita-

379 1595 471 1654 tores
485 1588 649 1672 impedire
665 1590 700 1654 in
716 1607 778 1654 suo
794 1589 906 1654 officie
920 1585 1187 1671 praesumpserit,
1201 1587 1407 1650 sententiam
1422 1593 1554 1650 exeom-

377 1696 619 1761 municationis
634 1695 793 1760 incurret.

416 1805 449 1868 4ο
470 1803 577 1868 Debet
600 1803 732 1867 institui
757 1819 827 1867 non
851 1803 964 1868 solum
986 1804 1074 1867 circa
1095 1821 1135 1867 eu
1159 1819 1235 1886 quae
1252 1799 1442 1884 praescribit
1458 1817 1551 1864 conc.

377 1911 465 1978 Trid.
482 1913 579 1990 (sess.
595 1911 645 1986 lb,
663 1929 691 1974 e.
710 1911 739 1987 9,
756 1909 797 1974 de
811 1909 919 1993 rep),
936 1911 1098 1974 nimirum
1117 1909 1205 1974 eirca
1224 1912 1307 1973 veta
1321 1905 1556 1972 substantialia

377 2019 564 2101 religionis,
582 2020 714 2083 victum
727 2035 767 2082 ae
780 2019 956 2096 vestitum,
973 2017 1034 2083 sed
1052 2017 1155 2082 etiam
1174 2017 1263 2081 circa
1279 2017 1554 2081 observationem

377 2127 523 2210 regula,
544 2128 692 2212 jejunia,
716 2128 923 2203 clausuram,
950 2127 1124 2192 silentium
1152 2131 1187 2190 et
1211 2125 1295 2191 alias
1321 2125 1555 2190 observantias

376 2237 564 2318 regulares,
580 2235 649 2301 imo
667 2241 703 2301 et
720 2238 810 2301 cirea
828 2237 1107 2302 conversationes
1131 2239 1317 2318 suspectas,
1334 2233 1552 2317 periculosas,

377 2345 618 2409 educationem
645 2345 864 2422 novitiarum,
885 2345 1028 2410 modum
1052 2363 1120 2428 quo
1142 2363 1268 2408 munus
1298 2360 1399 2408 suum
1426 2343 1556 2406 obeunt

375 2453 587 2528 confessarii,
606 2457 668 2517 etc.

417 2561 576 2628 Nonnulli
606 2562 641 2625 in
669 2561 774 2628 Gallia
800 2564 924 2628 docent
953 2563 1138 2628 visitationi
1153 2559 1335 2646 episcopali
1348 2579 1419 2625 noo
1434 2560 1555 2642 subjici

376 2668 1554 2753 rnonialesquoadillaquaesuntadministratienismereoeceoomieae,

377 2778 456 2860 quia
468 2777 503 2842 id
517 2777 611 2842 nullo
625 2781 703 2860 jure
718 2778 878 2842 tribuitur
892 2779 1062 2862 episcopo,
1077 2777 1209 2844 stelias
1224 2795 1267 2842 ex
1282 2795 1357 2841 sese
1380 2793 1451 2840 nou
1473 2793 1557 2858 pen-

377 2885 434 2949 det
460 2903 481 2949 a
500 2885 736 2968 jurisdictione
766 2885 941 2969 spirituali.
973 2885 1038 2950 Sed
1057 2887 1173 2950 verius
1188 2885 1370 2950 dicendum
1385 2888 1447 2958 est,
1465 2883 1558 2966 qnod

377 2992 556 3074 episeopus
570 2992 606 3055 in
622 2993 816 3058 visitatione
829 2993 1001 3078 inquirere
1016 2997 1130 3078 petest
1144 2999 1179 3058 et
1193 2993 1295 3058 debet
1309 2992 1351 3057 de
1365 2995 1455 3056 statu
1470 3009 1558 3056 neeo-

376 3101 512 3165 nomieo
527 3102 815 3166 monasteriorum
827 3123 834 3165 :
846 3107 980 3167 constat
994 3121 1037 3166 ex
1050 3103 1148 3185 praxi
1162 3101 1252 3182 (vide
1265 3099 1471 3175 Martinueei,
1482 3099 1558 3165 Mo-

376 3208 478 3272 rraule
494 3208 530 3273 S.
548 3227 738 3287 ceremon,
754 3209 776 3272 l.
794 3209 845 3285 VI,
858 3210 1047 3293 Appendix,
1061 3229 1090 3274 c.
1104 3211 1134 3284 δ,
1146 3213 1224 3292 post
1239 3207 1380 3272 Gavant.
1398 3212 1432 3271 et
1446 3206 1555 3287 alies);

375 3315 458 3379 alias
473 3315 683 3380 sufficienter
695 3315 865 3398 colligitur
880 3335 923 3381 ex
936 3321 1045 3381 const.
1058 3315 1276 3380 Inscmtobili
1284 3315 1382 3398 Greg.
1394 3313 1449 3377 XV
1463 3319 1556 3378 etex

247 3421 249 3431 '
377 3423 479 3487 variis
495 3422 778 3488 declarationibus
798 3425 830 3487 S.
848 3423 970 3505 Gongr.
987 3423 1020 3486 G.
1044 3429 1079 3487 et
1100 3423 1132 3487 S.
1154 3423 1275 3505 Gengr.
1292 3422 1398 3505 Epire.
1422 3426 1457 3486 et
1470 3421 1555 3502 Reg.

565 3655 582 3726 ς
602 3655 635 3710 ll.
658 3653 698 3711 lle
718 3654 886 3726 receptione
905 3660 934 3714 et
954 3655 1155 3715 benedictione
1173 3654 1360 3713 montelium.

742 3833 761 3882 l.
780 3833 820 3884 lte
834 3831 997 3896 receptione
1012 3831 1189 3884 monialium.

416 3961 447 4024 l⁰
459 3961 601 4030 Nomine
616 3966 820 4048 receptionis
835 3965 1036 4048 intelligitur
1048 3966 1210 4031 admissio
1223 3965 1280 4030 illa
1292 3983 1352 4048 per
1368 3981 1471 4048 quam
1484 3981 1559 4028 mo·

376 4069 473 4133 nialis
488 4071 638 4152 legitime
654 4073 814 4156 recipitur
828 4073 871 4138 ad
884 4075 1122 4157 probationem
1143 4073 1338 4138 novitiatus.
1355 4072 1465 4147 Quare
1481 4071 1559 4135 lraee

376 4177 524 4260 receptio
536 4179 610 4244 fleri
624 4179 726 4244 debet
737 4181 976 4264 capitulariter,
995 4188 1029 4246 et
1043 4182 1181 4265 quidem
1196 4199 1358 4245 unacum
1382 4197 1557 4244 censensu

378 4285 501 4367 proprii
515 4285 657 4369 praelati,
677 4287 857 4370 diligenter
877 4289 1052 4374 explorata
1065 4289 1241 4355 voluntate
1255 4287 1379 4372 puella
1393 4285 1556 4371 petentis,

376 4397 414 4455 ut
429 4393 502 4456 vult
515 4411 609 4458 cone.
633 4393 721 4460 Trid.
738 4397 777 4478 (s.
794 4398 845 4474 95,
871 4397 913 4462 de
927 4397 1021 4482 nep,
1038 4415 1065 4461 c.
1084 4399 1144 4480 ll).
1161 4396 1298 4472 Tamen,
1313 4398 1413 4480 Juxta
1424 4394 1554 4478 plures,

375 4501 547 4566 sufficeret
561 4507 599 4566 ut
610 4503 668 4569 illa
682 4503 869 4587 exploratio
894 4507 955 4570 ilat
975 4510 1054 4570 ante
1070 4506 1327 4588 professionem.
1355 4503 1406 4567 Ad
1430 4501 1556 4568 admis

377 4608 509 4673 sionem
525 4629 607 4692 ergo
626 4617 834 4677 concurrunt
855 4613 1025 4698 praelatus,
1052 4614 1224 4678 abbatissa
1248 4631 1310 4676 seu
1334 4613 1495 4694 priorissa
1520 4617 1557 4676 et

378 4716 553 4782 moniales.
571 4719 708 4796 Tamen,
726 4723 908 4786 accedente
922 4741 1094 4788 consensu
1118 4722 1257 4804 praelati,
1275 4721 1447 4787 sufficeret
1473 4737 1557 4784 con-
