3488 5564
566 618 653 667 0000
674 621 824 670 00000000
845 622 1064 668 0000000000.
1363 605 1404 670 aa

230 740 390 822 protestis
405 740 514 818 multi,
531 743 719 826 praesertim
733 761 912 827 pauperes,
927 747 1102 826 nequeunt
1116 761 1219 828 opera
1233 763 1295 809 sua
1309 744 1405 812 dese·
1452 745 1453 749 ’

229 865 314 910 rere.
332 846 398 911 Sed
412 847 614 914 Benedictus
627 850 708 928 xlv,
725 853 833 916 coust.
850 849 902 916 Ab
919 869 956 914 eo
977 858 1136 934 tempore,
1158 850 1270 916 denuo
1293 851 1404 935 prohi-

228 953 301 1016 buit
315 961 504 1020 mercatum
518 958 613 1021 iestis
629 957 758 1032 diebus,
777 964 812 1022 et
824 959 871 1022 sic
882 957 971 1022 illius
984 959 1240 1023 consuetudinis
1252 959 1322 1022 vim
1336 978 1405 1023 res-

227 1067 332 1130 cindit
349 1085 356 1128 :
371 1071 579 1149 quapropter
589 1085 680 1130 nuno
694 1065 910 1130 communior
924 1065 1093 1129 sententia
1110 1067 1267 1148 prohibet
1284 1085 1404 1132 omnes

227 1178 422 1238 contractus
437 1173 619 1239 solemnes.

267 1283 299 1345 3·
314 1283 563 1358 loramentum,
581 1301 625 1348 ex
642 1301 714 1365 cap.
732 1282 801 1358 cit,
820 1287 889 1346 tam
905 1281 1074 1365 judiciale,
1101 1299 1203 1365 quam
1223 1283 1404 1366 extrajudi-

224 1390 322 1466 ciale,
336 1391 457 1456 saltem
471 1408 538 1475 quo
552 1389 1099 1474 0000001000000100(1101001100
1112 1391 1271 1472 prohibiti
1284 1392 1404 1461 solem-

223 1499 318 1563 niter
330 1499 521 1562 firmantur.
538 1497 709 1581 Excipitur
720 1501 956 1582 juramentum
970 1498 1072 1581 pacis.

266 1606 298 1669 4·
312 1606 491 1670 Placitum.
507 1605 576 1672 Hoc
590 1607 729 1672 nomina
743 1607 839 1670 venit
853 1610 924 1670 tota
938 1624 1040 1671 causa
1051 1606 1230 1689 judicialis,
1240 1625 1306 1671 seu
1323 1612 1404 1672 stre-

223 1715 318 1798 pitus
332 1714 496 1790 forensis;
513 1718 547 1778 et
561 1713 827 1797 actejudioiisio
840 1715 940 1790 10010,
956 1731 1031 1778 000
1052 1715 1154 1780 modo
1177 1719 1256 1778 sunt
1277 1715 1401 1793 illicita,

224 1822 287 1886 sed
304 1827 337 1886 et
359 1821 509 1886 invalida
524 1823 563 1904 (c.
580 1823 638 1885 ttn.
657 1823 728 1904 huj.
744 1822 819 1904 tit).
836 1822 905 1888 Hoc
918 1822 1071 1906 procedit
1086 1823 1188 1886 etiam
1210 1823 1246 1886 in
1266 1823 1403 1886 arbitrio

222 1947 318 2004 vero,
336 1949 398 1993 seu
415 1930 507 2014 quod
520 1947 590 1994 non
610 1929 654 1992 sit
675 1934 808 1994 tantum
827 1930 1011 1994 amicabilis
1032 1930 1244 2014 compositio.
1261 1929 1403 1994 Genera-

223 2038 287 2100 tim
301 2037 525 2120 prohibentur
538 2041 573 2102 ct
586 2038 762 2102 irritantur
776 2056 896 2102 omnes
916 2043 1011 2103 actus
1028 2038 1206 2122 judiciales
1229 2039 1286 2122 qui
1309 2057 1403 2102 exer-

221 2145 345 2204 centur
358 2159 436 2206 eum
452 2142 595 2224 strepitu
608 2140 748 2205 forensi.

266 2247 591 2332 ὸ)11000])110000.10
614 2249 823 2324 probabilius
847 2248 901 2312 die
924 2249 1012 2312 testo
1031 2253 1144 2331 potest
1161 2249 1267 2332 judici
1289 2252 1401 2315 offerri

223 2357 371 2432 libellus,
389 2357 469 2439 quia
481 2357 553 2422 haec
567 2356 692 2421 oblatio
707 2375 777 2421 non
791 2361 971 2440 promanat
985 2356 1129 2439 ajudice
1144 2375 1182 2420 ac
1198 2357 1403 2422 001000100-

223 2471 294 2530 tate
308 2465 432 2529 actoris
447 2465 496 2542 tlt,
514 2469 548 2528 et
562 2464 638 2528 ideo
653 2481 724 2530 non
739 2469 790 2528 est
804 2465 957 2545 rigorose
973 2469 1069 2528 aetus
1081 2461 1261 2548 judicialis.

263 2573 296 2636 2⁰
310 2573 472 2636 hubitant
495 2571 608 2654 quoad
626 2571 832 2639 citationem.
849 2571 915 2634 Sed
936 2571 970 2634 in
992 2572 1150 2636 citatione
1170 2573 1289 2656 triplex
1309 2578 1403 2637 actus

222 2679 429 2744 intervenit:
445 2681 496 2755 1¹¹¹,
513 2679 713 2742 mandatum
725 2677 848 2760 judicis
861 2677 1064 2755 deoitando;
1080 2680 1132 2756 2¹¹¹,
1145 2679 1219 2763 ipsa
1229 2682 1401 2745 exsecutio

221 2781 392 2852 citationis
403 2808 409 2862 ;
421 2787 474 2862 3¹¹⁸,
488 2805 668 2870 processus
682 2786 895 2850 excitatione
908 2786 1088 2852 inchoatio.
1106 2787 1222 2864 Quoad
1236 2789 1328 2852 hunc
1339 2792 1402 2853 ter-

220 2885 324 2972 tium.
336 2914 416 2960 oum
431 2895 555 2978 judicis
577 2893 808 2975 cognitionem
824 2899 858 2956 et
874 2895 1053 2977 strepitum
1074 2894 1271 2976 judicialem
1294 2896 1402 2961 invol-

221 3008 290 3080 vat,
305 3021 425 3068 omues
439 3003 633 3068 concedunt
647 3022 723 3066 esse
737 3004 945 3085 prohibitum
958 3009 995 3073 ,et
1008 3003 1152 3066 irritum.

262 3112 380 3189 Quoad
394 3112 543 3195 primum
562 3116 686 3186 actum,
702 3113 730 3176 01
745 3111 805 3175 flat
818 3131 839 3175 a
849 3111 963 3194 judice
986 3111 1126 3176 sedente
1147 3130 1208 3195 pro
1229 3112 1399 3184 tribunali.

222 3225 275 3287 est
289 3221 416 3296 irritus,
440 3220 518 3303 quia
537 3225 707 3299 estverus
727 3223 823 3284 actus
835 3219 1021 3301 judicialis;
1042 3220 1274 3284 controversia
1294 3225 1355 3296 ast,
1373 3221 1415 3284 si¹

221 3327 422 3392 mandatum
436 3345 507 3392 non
522 3328 723 3391 decernatur
737 3326 882 3408 ajudioe
901 3345 963 3408 pro
985 3327 1145 3392 tribunali
1165 3327 1320 3402 sedente3
1341 3328 1399 3392 sed

222 3436 429 3521 probabilius
444 3441 496 3500 est
511 3437 708 3500 etiamtunc
727 3454 801 3499 esse
821 3434 1039 3518 prohibitum,
1058 3453 1137 3498 oum
1158 3435 1241 3499 illud
1263 3437 1401 3502 manda-

223 3551 297 3608 tum
310 3545 461 3628 requirat
474 3543 657 3626 aliqualem
669 3561 779 3606 causae
790 3542 1020 3624 cognitionem
1036 3549 1070 3606 et
1081 3544 1213 3607 caeteris
1225 3545 1400 3608 effectibus

223 3652 295 3716 vim
310 3653 448 3728 tribuat,
463 3651 608 3735 ideoque
623 3651 666 3714 sit
681 3655 775 3714 actus
787 3667 908 3714 revera
919 3650 1098 3732 judicialis.

265 3759 383 3836 Quoad
404 3759 604 3834 seeundum,
625 3759 817 3840 disputatur
838 3757 959 3834 etiam;
980 3759 1040 3822 sed
1062 3759 1231 3822 sententia
1251 3775 1401 3824 commu·
1423 3823 1425 3826 .

223 3867 301 3932 nior
323 3867 471 3932 affirmat
493 3885 572 3930 eum
595 3866 775 3949 prohiberi,
801 3866 922 3930 saltem
945 3867 973 3930 01
994 3866 1038 3930 sit
1058 3867 1159 3932 realis
1183 3871 1216 3930 et
1238 3867 1398 3931 edictalis.

222 3973 342 4039 Citatio
357 3993 439 4038 vero
453 3975 587 4058 privata
600 3994 660 4057 per
673 3973 802 4039 litteras
817 3993 885 4038 non
908 3979 998 4038 esset
1012 3974 1189 4056 prohibita.
1207 3975 1303 4038 Ratio
1319 3976 1401 4058 peti-

224 4089 280 4148 tur
293 4102 335 4146 00
346 4081 468 4164 adagio
480 4083 567 4166 juris
584 4103 591 4144 ε
610 4109 626 4140 «
639 4083 804 4148 braconis
819 4085 956 4148 horrida
963 4103 1031 4148 vox
1039 4083 1183 4148 silescat.
1198 4107 1213 4140 a
1228 4083 1269 4146 At
1280 4083 1399 4166 injure

222 4191 359 4266 Gallica,
374 4196 491 4256 exart.
509 4191 559 4256 63.
577 4189 655 4255 Cod.
669 4208 817 4273 process.
831 4191 932 4266 civil„
946 4191 1059 4254 citatio
1073 4191 1400 4274 prohibeturdiobus

221 4299 318 4363 festis
332 4297 509 4380 legalibus,
525 4297 591 4362 nisi
605 4315 732 4380 praeses
747 4297 923 4361 tribunalis
939 4297 1121 4380 specialem
1137 4299 1193 4363 det
1208 4317 1397 4364 assensum.

222 4405 340 4482 Quoad
355 4407 551 4470 citationem
565 4405 703 4482 realem,
719 4405 874 4470 absolute
895 4407 1094 4490 prohibetur
1107 4407 1159 4470 his
1175 4407 1293 4472 diebus
1308 4409 1400 4472 losti-

221 4515 275 4578 010
289 4515 363 4596 (art.
382 4515 436 4580 ’181
455 4516 564 4599 ejusd.
581 4515 680 4595 cod).

261 4623 294 4686 3⁰
308 4624 517 4690 Probabilius
531 4625 669 4689 testium
684 4625 850 4708 depositio
865 4625 996 4690 admitti
1012 4643 1082 4690 non
1097 4630 1219 4708 potest,
1238 4626 1300 4690 nisi
1314 4627 1400 4709 peri-

222 4731 339 4798 culum
355 4731 398 4796 sit
413 4730 448 4798 in
462 4749 576 4806 mora,
595 4733 673 4818 quia
693 4751 753 4816 per
771 4732 858 4799 hanc
876 4734 1031 4806 firmatur
1045 4737 1079 4798 et
1094 4733 1310 4800 continuatur
1324 4752 1400 4818 pro-
