<?xml version="1.0" encoding="UTF-8"?>
<!DOCTYPE html PUBLIC "-//W3C//DTD XHTML 1.0 Transitional//EN"
    "http://www.w3.org/TR/xhtml1/DTD/xhtml1-transitional.dtd">
<html xmlns="http://www.w3.org/1999/xhtml" xml:lang="en" lang="en">
 <head>
  <title>
</title>
<meta http-equiv="Content-Type" content="text/html;charset=utf-8" />
  <meta name='ocr-system' content='tesseract 3.04.00' />
  <meta name='ocr-capabilities' content='ocr_page ocr_carea ocr_par ocr_line ocrx_word'/>
</head>
<body>
  <div class='ocr_page' id='page_1' title='image "./juscanonicumjux00grangoog_0679.png"; bbox 0 0 3440 5568; ppageno 0'>
   <div class='ocr_carea' id='block_1_1' title="bbox 391 539 1464 628">
    <p class='ocr_par' dir='ltr' id='par_1_1' title="bbox 391 539 1464 628">
     <span class='ocr_line' id='line_1_1' title="bbox 391 539 1464 628; baseline 0.007 -7"><span class='ocrx_word' id='word_1_1' title='bbox 391 577 475 624; x_wconf 81' lang='lat' dir='ltr'>escis</span> <span class='ocrx_word' id='word_1_2' title='bbox 495 577 680 626; x_wconf 76' lang='lat' dir='ltr'>nrcsrcucu</span> <span class='ocrx_word' id='word_1_3' title='bbox 701 579 835 628; x_wconf 77' lang='lat' dir='ltr'>escuem</span> <span class='ocrx_word' id='word_1_4' title='bbox 855 580 893 626; x_wconf 80' lang='lat' dir='ltr'>rc</span> <span class='ocrx_word' id='word_1_5' title='bbox 914 579 1165 628; x_wconf 72' lang='lat' dir='ltr'>occurrendum.</span> <span class='ocrx_word' id='word_1_6' title='bbox 1308 563 1368 628; x_wconf 75' lang='lat' dir='ltr'>eei</span> <span class='ocrx_word' id='word_1_7' title='bbox 1461 539 1464 544; x_wconf 33' lang='lat'>¹</span> 
     </span>
    </p>
   </div>
   <div class='ocr_carea' id='block_1_2' title="bbox 643 913 920 992">
    <p class='ocr_par' dir='ltr' id='par_1_2' title="bbox 643 913 920 992">
     <span class='ocr_line' id='line_1_2' title="bbox 643 913 920 992; baseline 0 -2"><span class='ocrx_word' id='word_1_8' title='bbox 643 913 796 992; x_wconf 76' lang='lat' dir='ltr'>sucuro</span> <span class='ocrx_word' id='word_1_9' title='bbox 828 916 920 990; x_wconf 86' lang='lat' dir='ltr'>VIII.</span> 
     </span>
    </p>
   </div>
   <div class='ocr_carea' id='block_1_3' title="bbox 549 1087 1015 1136">
    <p class='ocr_par' dir='ltr' id='par_1_3' title="bbox 549 1087 1015 1136">
     <span class='ocr_line' id='line_1_3' title="bbox 549 1087 1015 1136; baseline 0 -4"><span class='ocrx_word' id='word_1_10' title='bbox 549 1087 592 1133; x_wconf 75' lang='grc' dir='ltr'>ΒΕ</span> <span class='ocrx_word' id='word_1_11' title='bbox 618 1087 741 1134; x_wconf 73' lang='lat' dir='ltr'>SACRIS</span> <span class='ocrx_word' id='word_1_12' title='bbox 767 1087 1015 1136; x_wconf 62' lang='lat' dir='ltr'>ursit-salernus.</span> 
     </span>
    </p>
   </div>
   <div class='ocr_carea' id='block_1_4' title="bbox 193 1375 1372 2791">
    <p class='ocr_par' dir='ltr' id='par_1_4' title="bbox 193 1375 1372 2164">
     <span class='ocr_line' id='line_1_4' title="bbox 229 1375 1370 1448; baseline 0.002 -12"><span class='ocrx_word' id='word_1_13' title='bbox 229 1379 305 1438; x_wconf 82' lang='lat' dir='ltr'>Nom</span> <span class='ocrx_word' id='word_1_14' title='bbox 322 1381 348 1436; x_wconf 93' lang='lat' dir='ltr'>l.</span> <span class='ocrx_word' id='word_1_15' title='bbox 362 1379 404 1436; x_wconf 83' lang='lat' dir='ltr'>ite</span> <span class='ocrx_word' id='word_1_16' title='bbox 413 1376 610 1438; x_wconf 82' lang='lat' dir='ltr'>celebratione</span> <span class='ocrx_word' id='word_1_17' title='bbox 620 1375 791 1448; x_wconf 82' lang='lat' dir='ltr'>missarum,</span> <span class='ocrx_word' id='word_1_18' title='bbox 807 1381 995 1436; x_wconf 85' lang='lat' dir='ltr'>secrcmeuto</span> <span class='ocrx_word' id='word_1_19' title='bbox 1007 1377 1200 1441; x_wconf 75' lang='lat' dir='ltr'>succenseo</span> <span class='ocrx_word' id='word_1_20' title='bbox 1215 1386 1245 1437; x_wconf 88' lang='lat' dir='ltr'>et</span> <span class='ocrx_word' id='word_1_21' title='bbox 1259 1379 1370 1438; x_wconf 85' lang='lat' dir='ltr'>divinls</span> 
     </span>
     <span class='ocr_line' id='line_1_5' title="bbox 193 1465 1372 1547; baseline 0.001 -22"><span class='ocrx_word' id='word_1_22' title='bbox 193 1465 302 1542; x_wconf 67' lang='lat' dir='ltr'>ciliciis</span> <span class='ocrx_word' id='word_1_23' title='bbox 317 1471 413 1540; x_wconf 81' lang='lat' dir='ltr'>agunt</span> <span class='ocrx_word' id='word_1_24' title='bbox 432 1465 616 1540; x_wconf 79' lang='lat' dir='ltr'><strong>expositores</strong></span> <span class='ocrx_word' id='word_1_25' title='bbox 630 1465 829 1538; x_wconf 80' lang='lat' dir='ltr'>rubricarum,</span> <span class='ocrx_word' id='word_1_26' title='bbox 844 1465 897 1544; x_wconf 88' lang='lat' dir='ltr'>qui</span> <span class='ocrx_word' id='word_1_27' title='bbox 912 1465 1072 1526; x_wconf 85' lang='lat' dir='ltr'>innumere</span> <span class='ocrx_word' id='word_1_28' title='bbox 1085 1467 1241 1547; x_wconf 82' lang='lat' dir='ltr'>proferunt</span> <span class='ocrx_word' id='word_1_29' title='bbox 1254 1468 1372 1527; x_wconf 83' lang='lat' dir='ltr'>decreta</span> 
     </span>
     <span class='ocr_line' id='line_1_6' title="bbox 193 1552 1371 1616; baseline 0 -2"><span class='ocrx_word' id='word_1_30' title='bbox 193 1554 274 1614; x_wconf 79' lang='lat' dir='ltr'>cicce</span> <span class='ocrx_word' id='word_1_31' title='bbox 291 1555 368 1614; x_wconf 90' lang='lat' dir='ltr'>rllus</span> <span class='ocrx_word' id='word_1_32' title='bbox 382 1552 586 1614; x_wconf 85' lang='lat' dir='ltr'>observandos</span> <span class='ocrx_word' id='word_1_33' title='bbox 601 1553 632 1612; x_wconf 91' lang='lat' dir='ltr'>iu</span> <span class='ocrx_word' id='word_1_34' title='bbox 648 1553 797 1613; x_wconf 89' lang='lat' dir='ltr'>secrillcio</span> <span class='ocrx_word' id='word_1_35' title='bbox 814 1553 917 1614; x_wconf 83' lang='lat' dir='ltr'>mIssae</span> <span class='ocrx_word' id='word_1_36' title='bbox 931 1559 962 1612; x_wconf 89' lang='lat' dir='ltr'>et</span> <span class='ocrx_word' id='word_1_37' title='bbox 974 1555 1066 1614; x_wconf 83' lang='lat' dir='ltr'>vertis</span> <span class='ocrx_word' id='word_1_38' title='bbox 1082 1555 1191 1616; x_wconf 87' lang='lat' dir='ltr'>ollrcIIs</span> <span class='ocrx_word' id='word_1_39' title='bbox 1205 1555 1312 1616; x_wconf 84' lang='lat' dir='ltr'>sacris.</span> <span class='ocrx_word' id='word_1_40' title='bbox 1329 1559 1371 1614; x_wconf 80' lang='lat' dir='ltr'>Ex</span> 
     </span>
     <span class='ocr_line' id='line_1_7' title="bbox 194 1643 1370 1726; baseline 0 -24"><span class='ocrx_word' id='word_1_41' title='bbox 194 1643 296 1702; x_wconf 86' lang='lat' dir='ltr'>scleS.</span> <span class='ocrx_word' id='word_1_42' title='bbox 306 1643 545 1723; x_wconf 77' lang='lat' dir='ltr'>congregatione</span> <span class='ocrx_word' id='word_1_43' title='bbox 554 1643 675 1712; x_wconf 77' lang='lat' dir='ltr'>llituum</span> <span class='ocrx_word' id='word_1_44' title='bbox 683 1643 745 1726; x_wconf 87' lang='lat' dir='ltr'>jem</span> <span class='ocrx_word' id='word_1_45' title='bbox 753 1643 872 1704; x_wconf 87' lang='lat' dir='ltr'>circiter</span> <span class='ocrx_word' id='word_1_46' title='bbox 880 1647 951 1703; x_wconf 80' lang='lat'>0000</span> <span class='ocrx_word' id='word_1_47' title='bbox 958 1643 1134 1718; x_wconf 91' lang='lat' dir='ltr'>prodierunt</span> <span class='ocrx_word' id='word_1_48' title='bbox 1142 1645 1370 1706; x_wconf 80' lang='lat' dir='ltr'>declarationes.</span> 
     </span>
     <span class='ocr_line' id='line_1_8' title="bbox 194 1731 1371 1810; baseline 0.003 -18"><span class='ocrx_word' id='word_1_49' title='bbox 194 1736 297 1808; x_wconf 78' lang='lat' dir='ltr'>ltaque</span> <span class='ocrx_word' id='word_1_50' title='bbox 310 1731 360 1792; x_wconf 81' lang='lat' dir='ltr'>lule</span> <span class='ocrx_word' id='word_1_51' title='bbox 383 1732 608 1808; x_wconf 57' lang='lat' dir='ltr'>praetermittere</span> <span class='ocrx_word' id='word_1_52' title='bbox 630 1731 792 1792; x_wconf 87' lang='lat' dir='ltr'>debuimus</span> <span class='ocrx_word' id='word_1_53' title='bbox 813 1733 881 1794; x_wconf 89' lang='lat' dir='ltr'>illas</span> <span class='ocrx_word' id='word_1_54' title='bbox 899 1733 1070 1793; x_wconf 88' lang='lat' dir='ltr'>decisIcues</span> <span class='ocrx_word' id='word_1_55' title='bbox 1088 1749 1155 1810; x_wconf 76' lang='lat' dir='ltr'>quee</span> <span class='ocrx_word' id='word_1_56' title='bbox 1170 1735 1246 1800; x_wconf 81' lang='lat' dir='ltr'>n&#39;tus</span> <span class='ocrx_word' id='word_1_57' title='bbox 1267 1751 1371 1795; x_wconf 91' lang='lat' dir='ltr'>secrcs</span> 
     </span>
     <span class='ocr_line' id='line_1_9' title="bbox 193 1819 1371 1906; baseline 0.002 -26"><span class='ocrx_word' id='word_1_58' title='bbox 193 1821 366 1896; x_wconf 84' lang='lat' dir='ltr'>respIcqut.</span> <span class='ocrx_word' id='word_1_59' title='bbox 384 1821 486 1906; x_wconf 82' lang='lat' dir='ltr'>Quoad</span> <span class='ocrx_word' id='word_1_60' title='bbox 510 1819 707 1894; x_wconf 80' lang='lat' dir='ltr'>questionem</span> <span class='ocrx_word' id='word_1_61' title='bbox 723 1821 852 1884; x_wconf 82' lang='lat' dir='ltr'>mexIme</span> <span class='ocrx_word' id='word_1_62' title='bbox 874 1823 1034 1898; x_wconf 86' lang='lat' dir='ltr'>prectlcem</span> <span class='ocrx_word' id='word_1_63' title='bbox 1049 1822 1085 1882; x_wconf 91' lang='lat' dir='ltr'>de</span> <span class='ocrx_word' id='word_1_64' title='bbox 1108 1823 1284 1884; x_wconf 88' lang='lat' dir='ltr'>reductione</span> <span class='ocrx_word' id='word_1_65' title='bbox 1299 1825 1371 1884; x_wconf 88' lang='lat' dir='ltr'>mis·</span> 
     </span>
     <span class='ocr_line' id='line_1_10' title="bbox 194 1909 1370 1990; baseline -0.003 -19"><span class='ocrx_word' id='word_1_66' title='bbox 194 1925 308 1982; x_wconf 87' lang='lat' dir='ltr'>serum,</span> <span class='ocrx_word' id='word_1_67' title='bbox 322 1911 390 1970; x_wconf 89' lang='lat' dir='ltr'>vide</span> <span class='ocrx_word' id='word_1_68' title='bbox 411 1912 450 1970; x_wconf 80' lang='lat' dir='ltr'>Le</span> <span class='ocrx_word' id='word_1_69' title='bbox 472 1909 635 1972; x_wconf 61' lang='lat' dir='ltr'>Candente</span> <span class='ocrx_word' id='word_1_70' title='bbox 656 1913 894 1990; x_wconf 82' lang='lat' dir='ltr'>contemporale,</span> <span class='ocrx_word' id='word_1_71' title='bbox 923 1915 1005 1970; x_wconf 87' lang='lat' dir='ltr'>tomo</span> <span class='ocrx_word' id='word_1_72' title='bbox 1027 1915 1061 1982; x_wconf 90' lang='lat' dir='ltr'>ll,</span> <span class='ocrx_word' id='word_1_73' title='bbox 1089 1928 1118 1985; x_wconf 93' lang='lat' dir='ltr'>p.</span> <span class='ocrx_word' id='word_1_74' title='bbox 1142 1915 1241 1983; x_wconf 73' lang='lat' dir='ltr'>ll-223</span> <span class='ocrx_word' id='word_1_75' title='bbox 1268 1917 1370 1986; x_wconf 57' lang='lat' dir='ltr'>:tl-ln</span> 
     </span>
     <span class='ocr_line' id='line_1_11' title="bbox 194 2001 1371 2078; baseline 0 -18"><span class='ocrx_word' id='word_1_76' title='bbox 194 2006 275 2060; x_wconf 86' lang='lat' dir='ltr'>tomo</span> <span class='ocrx_word' id='word_1_77' title='bbox 292 2003 338 2071; x_wconf 90' lang='lat' dir='ltr'>lli,</span> <span class='ocrx_word' id='word_1_78' title='bbox 357 2015 386 2074; x_wconf 90' lang='lat' dir='ltr'>p.</span> <span class='ocrx_word' id='word_1_79' title='bbox 409 2003 536 2059; x_wconf 73' lang='lat' dir='ltr'>litt-ted.</span> <span class='ocrx_word' id='word_1_80' title='bbox 564 2004 707 2062; x_wconf 79' lang='lat' dir='ltr'>llemeuet</span> <span class='ocrx_word' id='word_1_81' title='bbox 729 2006 851 2078; x_wconf 79' lang='lat' dir='ltr'>ergoet</span> <span class='ocrx_word' id='word_1_82' title='bbox 873 2001 1021 2061; x_wconf 88' lang='lat' dir='ltr'>nonnulle</span> <span class='ocrx_word' id='word_1_83' title='bbox 1047 2001 1195 2062; x_wconf 82' lang='lat' dir='ltr'>addantur</span> <span class='ocrx_word' id='word_1_84' title='bbox 1217 2001 1254 2061; x_wconf 91' lang='lat' dir='ltr'>de</span> <span class='ocrx_word' id='word_1_85' title='bbox 1276 2001 1371 2063; x_wconf 89' lang='lat' dir='ltr'>sacris</span> 
     </span>
     <span class='ocr_line' id='line_1_12' title="bbox 195 2089 690 2164; baseline -0.002 -16"><span class='ocrx_word' id='word_1_86' title='bbox 195 2090 377 2154; x_wconf 89' lang='lat' dir='ltr'>utensilibus</span> <span class='ocrx_word' id='word_1_87' title='bbox 388 2095 416 2148; x_wconf 87' lang='lat' dir='ltr'>et</span> <span class='ocrx_word' id='word_1_88' title='bbox 427 2090 464 2148; x_wconf 88' lang='lat' dir='ltr'>de</span> <span class='ocrx_word' id='word_1_89' title='bbox 479 2091 530 2149; x_wconf 85' lang='lat' dir='ltr'>SS.</span> <span class='ocrx_word' id='word_1_90' title='bbox 541 2089 690 2164; x_wconf 86' lang='lat' dir='ltr'>reliquiis.</span> 
     </span>
    </p>

    <p class='ocr_par' dir='ltr' id='par_1_5' title="bbox 194 2177 1372 2791">
     <span class='ocr_line' id='line_1_13' title="bbox 229 2177 1372 2255; baseline 0 -17"><span class='ocrx_word' id='word_1_91' title='bbox 229 2185 305 2240; x_wconf 72' lang='lat' dir='ltr'>llere</span> <span class='ocrx_word' id='word_1_92' title='bbox 319 2186 346 2238; x_wconf 78' lang='lat'><em>2</em></span> <span class='ocrx_word' id='word_1_93' title='bbox 366 2179 510 2239; x_wconf 87' lang='lat' dir='ltr'>UlcusIIIs</span> <span class='ocrx_word' id='word_1_94' title='bbox 532 2193 654 2251; x_wconf 89' lang='lat' dir='ltr'>nomeu,</span> <span class='ocrx_word' id='word_1_95' title='bbox 672 2179 753 2255; x_wconf 85' lang='lat' dir='ltr'>qued</span> <span class='ocrx_word' id='word_1_96' title='bbox 780 2177 818 2238; x_wconf 88' lang='lat' dir='ltr'>eb</span> <span class='ocrx_word' id='word_1_97' title='bbox 841 2179 913 2240; x_wconf 81' lang='lat' dir='ltr'>utili</span> <span class='ocrx_word' id='word_1_98' title='bbox 932 2177 1094 2250; x_wconf 89' lang='lat' dir='ltr'>derivetur,</span> <span class='ocrx_word' id='word_1_99' title='bbox 1116 2195 1152 2238; x_wconf 91' lang='lat' dir='ltr'>ee</span> <span class='ocrx_word' id='word_1_100' title='bbox 1171 2179 1273 2243; x_wconf 80' lang='lat' dir='ltr'>onnia</span> <span class='ocrx_word' id='word_1_101' title='bbox 1293 2195 1372 2238; x_wconf 89' lang='lat' dir='ltr'>com·</span> 
     </span>
     <span class='ocr_line' id='line_1_14' title="bbox 194 2269 1372 2344; baseline -0.002 -16"><span class='ocrx_word' id='word_1_102' title='bbox 194 2269 333 2343; x_wconf 81' lang='lat' dir='ltr'>plectitur</span> <span class='ocrx_word' id='word_1_103' title='bbox 347 2285 414 2344; x_wconf 85' lang='lat' dir='ltr'>quee</span> <span class='ocrx_word' id='word_1_104' title='bbox 430 2269 501 2328; x_wconf 89' lang='lat' dir='ltr'>usui</span> <span class='ocrx_word' id='word_1_105' title='bbox 525 2273 629 2328; x_wconf 87' lang='lat' dir='ltr'>nostre</span> <span class='ocrx_word' id='word_1_106' title='bbox 648 2273 721 2329; x_wconf 89' lang='lat' dir='ltr'>suut</span> <span class='ocrx_word' id='word_1_107' title='bbox 734 2269 905 2330; x_wconf 85' lang='lat' dir='ltr'>necessarie</span> <span class='ocrx_word' id='word_1_108' title='bbox 920 2287 928 2326; x_wconf 76' lang='grc' dir='ltr'><strong><em>ε</em></strong></span> <span class='ocrx_word' id='word_1_109' title='bbox 944 2269 1024 2330; x_wconf 90' lang='lat' dir='ltr'>unde</span> <span class='ocrx_word' id='word_1_110' title='bbox 1037 2283 1128 2330; x_wconf 83' lang='lat' dir='ltr'>socru</span> <span class='ocrx_word' id='word_1_111' title='bbox 1139 2269 1285 2336; x_wconf 82' lang='lat' dir='ltr'>elencilr&#39;c</span> <span class='ocrx_word' id='word_1_112' title='bbox 1297 2273 1372 2330; x_wconf 86' lang='lat' dir='ltr'>sunt</span> 
     </span>
     <span class='ocr_line' id='line_1_15' title="bbox 194 2357 1370 2434; baseline -0.002 -16"><span class='ocrx_word' id='word_1_113' title='bbox 194 2375 243 2418; x_wconf 89' lang='lat' dir='ltr'>res</span> <span class='ocrx_word' id='word_1_114' title='bbox 269 2373 337 2432; x_wconf 79' lang='lat' dir='ltr'>que</span> <span class='ocrx_word' id='word_1_115' title='bbox 361 2357 474 2416; x_wconf 86' lang='lat' dir='ltr'>cultum</span> <span class='ocrx_word' id='word_1_116' title='bbox 492 2357 639 2428; x_wconf 66' lang='lat' dir='ltr'>duleum,</span> <span class='ocrx_word' id='word_1_117' title='bbox 659 2364 689 2417; x_wconf 86' lang='lat' dir='ltr'>cl</span> <span class='ocrx_word' id='word_1_118' title='bbox 712 2359 867 2434; x_wconf 83' lang='lat' dir='ltr'>speciatim</span> <span class='ocrx_word' id='word_1_119' title='bbox 887 2363 1024 2418; x_wconf 88' lang='lat' dir='ltr'>sanctum</span> <span class='ocrx_word' id='word_1_120' title='bbox 1048 2359 1149 2418; x_wconf 72' lang='lat' dir='ltr'>misser</span> <span class='ocrx_word' id='word_1_121' title='bbox 1176 2357 1370 2426; x_wconf 83' lang='lat' dir='ltr'>secrilchum,</span> 
     </span>
     <span class='ocr_line' id='line_1_16' title="bbox 194 2447 1371 2524; baseline -0.002 -17"><span class='ocrx_word' id='word_1_122' title='bbox 194 2447 355 2524; x_wconf 78' lang='lat' dir='ltr'>attingunt.</span> <span class='ocrx_word' id='word_1_123' title='bbox 370 2447 423 2514; x_wconf 88' lang='lat' dir='ltr'>llic</span> <span class='ocrx_word' id='word_1_124' title='bbox 434 2462 507 2524; x_wconf 80' lang='lat' dir='ltr'>ergo</span> <span class='ocrx_word' id='word_1_125' title='bbox 521 2448 669 2506; x_wconf 84' lang='lat' dir='ltr'>nonnulle</span> <span class='ocrx_word' id='word_1_126' title='bbox 682 2447 859 2523; x_wconf 79' lang='lat' dir='ltr'>colligemus</span> <span class='ocrx_word' id='word_1_127' title='bbox 870 2449 1052 2508; x_wconf 88' lang='lat' dir='ltr'>documenta</span> <span class='ocrx_word' id='word_1_128' title='bbox 1064 2463 1131 2524; x_wconf 79' lang='lat' dir='ltr'>que</span> <span class='ocrx_word' id='word_1_129' title='bbox 1142 2447 1283 2522; x_wconf 87' lang='lat' dir='ltr'>superins</span> <span class='ocrx_word' id='word_1_130' title='bbox 1292 2447 1371 2506; x_wconf 85' lang='lat' dir='ltr'>dictu</span> 
     </span>
     <span class='ocr_line' id='line_1_17' title="bbox 194 2535 1370 2611; baseline 0 -17"><span class='ocrx_word' id='word_1_131' title='bbox 194 2536 231 2595; x_wconf 88' lang='lat' dir='ltr'>de</span> <span class='ocrx_word' id='word_1_132' title='bbox 249 2535 309 2595; x_wconf 88' lang='lat' dir='ltr'>illis</span> <span class='ocrx_word' id='word_1_133' title='bbox 329 2535 419 2596; x_wconf 86' lang='lat' dir='ltr'>rebus</span> <span class='ocrx_word' id='word_1_134' title='bbox 442 2536 473 2596; x_wconf 92' lang='lat' dir='ltr'>in</span> <span class='ocrx_word' id='word_1_135' title='bbox 490 2535 534 2594; x_wconf 90' lang='lat' dir='ltr'>tit.</span> <span class='ocrx_word' id='word_1_136' title='bbox 555 2539 611 2606; x_wconf 79' lang='lat' dir='ltr'>xl,</span> <span class='ocrx_word' id='word_1_137' title='bbox 633 2539 701 2607; x_wconf 84' lang='lat' dir='ltr'>llll,</span> <span class='ocrx_word' id='word_1_138' title='bbox 721 2539 815 2607; x_wconf 80' lang='lat' dir='ltr'>llllll,</span> <span class='ocrx_word' id='word_1_139' title='bbox 834 2541 915 2608; x_wconf 81' lang='lat' dir='ltr'>XLV,</span> <span class='ocrx_word' id='word_1_140' title='bbox 930 2537 1109 2611; x_wconf 85' lang='lat' dir='ltr'>compleant.</span> <span class='ocrx_word' id='word_1_141' title='bbox 1131 2541 1225 2596; x_wconf 80' lang='lat' dir='ltr'>turta</span> <span class='ocrx_word' id='word_1_142' title='bbox 1245 2537 1370 2595; x_wconf 86' lang='lat' dir='ltr'>lormem</span> 
     </span>
     <span class='ocr_line' id='line_1_18' title="bbox 195 2623 1372 2702; baseline -0.003 -18"><span class='ocrx_word' id='word_1_143' title='bbox 195 2625 351 2700; x_wconf 88' lang='lat' dir='ltr'>propositi,</span> <span class='ocrx_word' id='word_1_144' title='bbox 367 2625 533 2684; x_wconf 85' lang='lat' dir='ltr'>recentIcre</span> <span class='ocrx_word' id='word_1_145' title='bbox 552 2629 581 2684; x_wconf 91' lang='lat' dir='ltr'>et</span> <span class='ocrx_word' id='word_1_146' title='bbox 604 2641 672 2698; x_wconf 76' lang='lat' dir='ltr'>cuce</span> <span class='ocrx_word' id='word_1_147' title='bbox 686 2626 789 2686; x_wconf 88' lang='lat' dir='ltr'>miuus</span> <span class='ocrx_word' id='word_1_148' title='bbox 804 2631 874 2685; x_wconf 88' lang='lat' dir='ltr'>note</span> <span class='ocrx_word' id='word_1_149' title='bbox 890 2631 974 2695; x_wconf 85' lang='lat' dir='ltr'>sunt,</span> <span class='ocrx_word' id='word_1_150' title='bbox 995 2625 1155 2702; x_wconf 77' lang='lat' dir='ltr'>eligemus,</span> <span class='ocrx_word' id='word_1_151' title='bbox 1175 2625 1289 2684; x_wconf 81' lang='lat' dir='ltr'>cellulis</span> <span class='ocrx_word' id='word_1_152' title='bbox 1303 2623 1372 2684; x_wconf 85' lang='lat' dir='ltr'>aliis</span> 
     </span>
     <span class='ocr_line' id='line_1_19' title="bbox 195 2713 978 2791; baseline -0.003 -18"><span class='ocrx_word' id='word_1_153' title='bbox 195 2729 263 2790; x_wconf 78' lang='lat' dir='ltr'>qum</span> <span class='ocrx_word' id='word_1_154' title='bbox 275 2713 350 2776; x_wconf 88' lang='lat' dir='ltr'>elles</span> <span class='ocrx_word' id='word_1_155' title='bbox 363 2718 531 2791; x_wconf 80' lang='lat' dir='ltr'>congerunt</span> <span class='ocrx_word' id='word_1_156' title='bbox 544 2729 644 2774; x_wconf 90' lang='lat' dir='ltr'>rerum</span> <span class='ocrx_word' id='word_1_157' title='bbox 659 2713 867 2790; x_wconf 78' lang='lat' dir='ltr'>liturgicemm</span> <span class='ocrx_word' id='word_1_158' title='bbox 881 2713 978 2788; x_wconf 86' lang='lat' dir='ltr'>peritl.</span> 
     </span>
    </p>
   </div>
   <div class='ocr_carea' id='block_1_5' title="bbox 660 2903 908 2965">
    <p class='ocr_par' dir='ltr' id='par_1_6' title="bbox 660 2903 908 2965">
     <span class='ocr_line' id='line_1_20' title="bbox 660 2903 908 2965; baseline -0.012 -8"><span class='ocrx_word' id='word_1_159' title='bbox 660 2907 680 2957; x_wconf 92' lang='lat' dir='ltr'>l.</span> <span class='ocrx_word' id='word_1_160' title='bbox 696 2903 787 2965; x_wconf 66' lang='lat' dir='ltr'>Vm</span> <span class='ocrx_word' id='word_1_161' title='bbox 802 2915 908 2956; x_wconf 73' lang='lat' dir='ltr'>nm.</span> 
     </span>
    </p>
   </div>
   <div class='ocr_carea' id='block_1_6' title="bbox 194 3043 1373 4804">
    <p class='ocr_par' dir='ltr' id='par_1_7' title="bbox 196 3043 1373 3389">
     <span class='ocr_line' id='line_1_21' title="bbox 230 3043 1372 3120; baseline -0.003 -15"><span class='ocrx_word' id='word_1_162' title='bbox 230 3045 339 3106; x_wconf 81' lang='lat' dir='ltr'>Bened.</span> <span class='ocrx_word' id='word_1_163' title='bbox 363 3049 434 3118; x_wconf 80' lang='lat' dir='ltr'>lllV,</span> <span class='ocrx_word' id='word_1_164' title='bbox 456 3052 553 3108; x_wconf 89' lang='lat' dir='ltr'>coust.</span> <span class='ocrx_word' id='word_1_165' title='bbox 575 3047 642 3108; x_wconf 80' lang='lat' dir='ltr'>lltei</span> <span class='ocrx_word' id='word_1_166' title='bbox 661 3045 839 3120; x_wconf 69' lang='lat' dir='ltr'>menate,</span> <span class='ocrx_word' id='word_1_167' title='bbox 861 3049 896 3104; x_wconf 71' lang='lat' dir='ltr'>zo</span> <span class='ocrx_word' id='word_1_168' title='bbox 916 3044 988 3104; x_wconf 82' lang='lat' dir='ltr'>mali</span> <span class='ocrx_word' id='word_1_169' title='bbox 1013 3049 1105 3104; x_wconf 74' lang='lat' dir='ltr'>litt:</span> <span class='ocrx_word' id='word_1_170' title='bbox 1130 3065 1145 3096; x_wconf 75' lang='lat' dir='ltr'>e</span> <span class='ocrx_word' id='word_1_171' title='bbox 1160 3043 1372 3119; x_wconf 82' lang='lat' dir='ltr'>Unusquisque</span> 
     </span>
     <span class='ocr_line' id='line_1_22' title="bbox 196 3135 1373 3210; baseline 0 -16"><span class='ocrx_word' id='word_1_172' title='bbox 196 3135 346 3205; x_wconf 86' lang='lat' dir='ltr'>sacerdos,</span> <span class='ocrx_word' id='word_1_173' title='bbox 362 3135 392 3194; x_wconf 93' lang='lat' dir='ltr'>in</span> <span class='ocrx_word' id='word_1_174' title='bbox 403 3151 495 3196; x_wconf 87' lang='lat' dir='ltr'>aureo</span> <span class='ocrx_word' id='word_1_175' title='bbox 509 3137 555 3195; x_wconf 87' lang='lat' dir='ltr'>vel</span> <span class='ocrx_word' id='word_1_176' title='bbox 569 3141 711 3210; x_wconf 78' lang='lat' dir='ltr'>argenteo</span> <span class='ocrx_word' id='word_1_177' title='bbox 726 3135 836 3204; x_wconf 88' lang='lat' dir='ltr'>solum,</span> <span class='ocrx_word' id='word_1_178' title='bbox 850 3139 903 3194; x_wconf 85' lang='lat' dir='ltr'>eut</span> <span class='ocrx_word' id='word_1_179' title='bbox 916 3135 1022 3194; x_wconf 80' lang='lat' dir='ltr'>sellem</span> <span class='ocrx_word' id='word_1_180' title='bbox 1032 3140 1160 3195; x_wconf 81' lang='lat' dir='ltr'>stanneo</span> <span class='ocrx_word' id='word_1_181' title='bbox 1174 3135 1267 3195; x_wconf 83' lang='lat' dir='ltr'>culice</span> <span class='ocrx_word' id='word_1_182' title='bbox 1281 3136 1373 3196; x_wconf 86' lang='lat' dir='ltr'>saeri-</span> 
     </span>
     <span class='ocr_line' id='line_1_23' title="bbox 197 3224 1371 3299; baseline 0.003 -17"><span class='ocrx_word' id='word_1_183' title='bbox 197 3224 274 3283; x_wconf 89' lang='lat' dir='ltr'>llcel.</span> <span class='ocrx_word' id='word_1_184' title='bbox 291 3246 306 3274; x_wconf 68' lang='grc' dir='ltr'><strong>ν</strong></span> <span class='ocrx_word' id='word_1_185' title='bbox 328 3229 359 3284; x_wconf 95' lang='lat' dir='ltr'>ln</span> <span class='ocrx_word' id='word_1_186' title='bbox 382 3230 479 3285; x_wconf 89' lang='lat' dir='ltr'>coust.</span> <span class='ocrx_word' id='word_1_187' title='bbox 493 3226 638 3299; x_wconf 78' lang='lat' dir='ltr'>Imposito</span> <span class='ocrx_word' id='word_1_188' title='bbox 651 3225 749 3295; x_wconf 66' lang='lat' dir='ltr'>nole,</span> <span class='ocrx_word' id='word_1_189' title='bbox 764 3225 900 3299; x_wconf 88' lang='lat' dir='ltr'>prohibet</span> <span class='ocrx_word' id='word_1_190' title='bbox 914 3225 1024 3284; x_wconf 85' lang='lat' dir='ltr'>calices</span> <span class='ocrx_word' id='word_1_191' title='bbox 1041 3240 1059 3284; x_wconf 85' lang='lat' dir='ltr'>e</span> <span class='ocrx_word' id='word_1_192' title='bbox 1079 3229 1190 3284; x_wconf 86' lang='lat' dir='ltr'>strnue</span> <span class='ocrx_word' id='word_1_193' title='bbox 1208 3225 1371 3297; x_wconf 82' lang='lat' dir='ltr'>conlectos,</span> 
     </span>
     <span class='ocr_line' id='line_1_24' title="bbox 197 3313 1298 3389; baseline -0.002 -17"><span class='ocrx_word' id='word_1_194' title='bbox 197 3314 258 3374; x_wconf 91' lang='lat' dir='ltr'>uisi</span> <span class='ocrx_word' id='word_1_195' title='bbox 268 3321 426 3389; x_wconf 80' lang='lat' dir='ltr'>paupertas</span> <span class='ocrx_word' id='word_1_196' title='bbox 441 3319 522 3374; x_wconf 71' lang='lat' dir='ltr'>mute</span> <span class='ocrx_word' id='word_1_197' title='bbox 531 3315 580 3382; x_wconf 84' lang='lat' dir='ltr'>sit,</span> <span class='ocrx_word' id='word_1_198' title='bbox 594 3319 629 3373; x_wconf 92' lang='lat' dir='ltr'>ut</span> <span class='ocrx_word' id='word_1_199' title='bbox 640 3313 764 3389; x_wconf 82' lang='lat' dir='ltr'>majoris</span> <span class='ocrx_word' id='word_1_200' title='bbox 778 3313 864 3388; x_wconf 88' lang='lat' dir='ltr'>pretii</span> <span class='ocrx_word' id='word_1_201' title='bbox 879 3313 1127 3386; x_wconf 84' lang='lat' dir='ltr'>resecompererl</span> <span class='ocrx_word' id='word_1_202' title='bbox 1138 3319 1298 3387; x_wconf 84' lang='lat' dir='ltr'>nequeunt.</span> 
     </span>
    </p>

    <p class='ocr_par' dir='ltr' id='par_1_8' title="bbox 194 3401 1373 3818">
     <span class='ocr_line' id='line_1_25' title="bbox 234 3401 1372 3478; baseline 0.002 -16"><span class='ocrx_word' id='word_1_203' title='bbox 234 3407 263 3462; x_wconf 89' lang='lat' dir='ltr'>l·</span> <span class='ocrx_word' id='word_1_204' title='bbox 282 3406 325 3463; x_wconf 79' lang='lat' dir='ltr'>An</span> <span class='ocrx_word' id='word_1_205' title='bbox 346 3404 476 3478; x_wconf 88' lang='lat' dir='ltr'>permitti</span> <span class='ocrx_word' id='word_1_206' title='bbox 499 3403 599 3476; x_wconf 90' lang='lat' dir='ltr'>possit</span> <span class='ocrx_word' id='word_1_207' title='bbox 626 3403 703 3461; x_wconf 85' lang='lat' dir='ltr'>calix</span> <span class='ocrx_word' id='word_1_208' title='bbox 726 3401 771 3460; x_wconf 87' lang='lat' dir='ltr'>vel</span> <span class='ocrx_word' id='word_1_209' title='bbox 801 3407 910 3475; x_wconf 88' lang='lat' dir='ltr'>palene</span> <span class='ocrx_word' id='word_1_210' title='bbox 930 3417 984 3476; x_wconf 90' lang='lat' dir='ltr'>pro</span> <span class='ocrx_word' id='word_1_211' title='bbox 1002 3401 1154 3462; x_wconf 81' lang='lat' dir='ltr'>offerendo</span> <span class='ocrx_word' id='word_1_212' title='bbox 1180 3409 1372 3464; x_wconf 82' lang='lat' dir='ltr'>sacrosancto</span> 
     </span>
     <span class='ocr_line' id='line_1_26' title="bbox 195 3491 1370 3566; baseline -0.001 -15"><span class='ocrx_word' id='word_1_213' title='bbox 195 3493 297 3552; x_wconf 79' lang='lat' dir='ltr'>misse</span> <span class='ocrx_word' id='word_1_214' title='bbox 322 3492 470 3552; x_wconf 87' lang='lat' dir='ltr'>secrldclo</span> <span class='ocrx_word' id='word_1_215' title='bbox 492 3507 528 3550; x_wconf 83' lang='lat' dir='ltr'>ex</span> <span class='ocrx_word' id='word_1_216' title='bbox 558 3505 652 3566; x_wconf 88' lang='lat' dir='ltr'>cupro</span> <span class='ocrx_word' id='word_1_217' title='bbox 673 3491 750 3550; x_wconf 88' lang='lat' dir='ltr'>bene</span> <span class='ocrx_word' id='word_1_218' title='bbox 769 3491 913 3551; x_wconf 83' lang='lat' dir='ltr'>daerente</span> <span class='ocrx_word' id='word_1_219' title='bbox 933 3505 988 3564; x_wconf 91' lang='lat' dir='ltr'>pm</span> <span class='ocrx_word' id='word_1_220' title='bbox 1015 3491 1151 3550; x_wconf 87' lang='lat' dir='ltr'>ecclesiis</span> <span class='ocrx_word' id='word_1_221' title='bbox 1175 3491 1370 3566; x_wconf 80' lang='lat' dir='ltr'>pauperibus,</span> 
     </span>
     <span class='ocr_line' id='line_1_27' title="bbox 195 3578 1373 3654; baseline -0.002 -14"><span class='ocrx_word' id='word_1_222' title='bbox 195 3582 437 3654; x_wconf 83' lang='lat' dir='ltr'>quandoquidem</span> <span class='ocrx_word' id='word_1_223' title='bbox 453 3581 609 3640; x_wconf 77' lang='lat' dir='ltr'>sententie</span> <span class='ocrx_word' id='word_1_224' title='bbox 623 3586 780 3639; x_wconf 77' lang='lat' dir='ltr'>auctorum</span> <span class='ocrx_word' id='word_1_225' title='bbox 794 3595 830 3638; x_wconf 87' lang='lat' dir='ltr'>ea</span> <span class='ocrx_word' id='word_1_226' title='bbox 843 3579 880 3638; x_wconf 87' lang='lat' dir='ltr'>de</span> <span class='ocrx_word' id='word_1_227' title='bbox 902 3593 934 3637; x_wconf 91' lang='lat' dir='ltr'>re</span> <span class='ocrx_word' id='word_1_228' title='bbox 949 3578 1026 3637; x_wconf 89' lang='lat' dir='ltr'>iuter</span> <span class='ocrx_word' id='word_1_229' title='bbox 1042 3593 1076 3637; x_wconf 89' lang='lat' dir='ltr'>se</span> <span class='ocrx_word' id='word_1_230' title='bbox 1090 3593 1151 3638; x_wconf 88' lang='lat' dir='ltr'>nen</span> <span class='ocrx_word' id='word_1_231' title='bbox 1166 3580 1373 3638; x_wconf 74' lang='lat' dir='ltr'>conueniunt?</span> 
     </span>
     <span class='ocr_line' id='line_1_28' title="bbox 194 3667 1373 3745; baseline 0.002 -19"><span class='ocrx_word' id='word_1_232' title='bbox 194 3675 226 3726; x_wconf 72' lang='lat'>2⁰</span> <span class='ocrx_word' id='word_1_233' title='bbox 249 3671 293 3728; x_wconf 75' lang='lat' dir='ltr'>lu</span> <span class='ocrx_word' id='word_1_234' title='bbox 317 3671 422 3729; x_wconf 83' lang='lat' dir='ltr'>saltem</span> <span class='ocrx_word' id='word_1_235' title='bbox 445 3669 576 3744; x_wconf 86' lang='lat' dir='ltr'>permitti</span> <span class='ocrx_word' id='word_1_236' title='bbox 599 3669 700 3743; x_wconf 88' lang='lat' dir='ltr'>possil</span> <span class='ocrx_word' id='word_1_237' title='bbox 724 3667 887 3739; x_wconf 84' lang='lat' dir='ltr'>ciborium,</span> <span class='ocrx_word' id='word_1_238' title='bbox 912 3681 966 3726; x_wconf 90' lang='lat' dir='ltr'>seu</span> <span class='ocrx_word' id='word_1_239' title='bbox 996 3682 1083 3728; x_wconf 82' lang='lat' dir='ltr'>sacre</span> <span class='ocrx_word' id='word_1_240' title='bbox 1107 3669 1196 3745; x_wconf 80' lang='lat' dir='ltr'>pyxls</span> <span class='ocrx_word' id='word_1_241' title='bbox 1217 3685 1253 3729; x_wconf 85' lang='lat' dir='ltr'>ex</span> <span class='ocrx_word' id='word_1_242' title='bbox 1278 3685 1373 3743; x_wconf 92' lang='lat' dir='ltr'>cupro</span> 
     </span>
     <span class='ocr_line' id='line_1_29' title="bbox 194 3757 940 3818; baseline -0.001 -3"><span class='ocrx_word' id='word_1_243' title='bbox 194 3757 360 3818; x_wconf 76' lang='lat' dir='ltr'>deaurato?</span> <span class='ocrx_word' id='word_1_244' title='bbox 372 3761 444 3816; x_wconf 89' lang='lat' dir='ltr'>ilem</span> <span class='ocrx_word' id='word_1_245' title='bbox 458 3757 658 3818; x_wconf 78' lang='lat' dir='ltr'>monstrantia</span> <span class='ocrx_word' id='word_1_246' title='bbox 668 3761 699 3816; x_wconf 84' lang='lat' dir='ltr'>el</span> <span class='ocrx_word' id='word_1_247' title='bbox 714 3757 841 3816; x_wconf 81' lang='lat' dir='ltr'>lunulet</span> <span class='ocrx_word' id='word_1_248' title='bbox 936 3767 940 3778; x_wconf 92' lang='lat'>·</span> 
     </span>
    </p>

    <p class='ocr_par' dir='ltr' id='par_1_9' title="bbox 196 3845 1372 4008">
     <span class='ocr_line' id='line_1_30' title="bbox 231 3845 1372 3922; baseline -0.001 -16"><span class='ocrx_word' id='word_1_249' title='bbox 231 3851 319 3921; x_wconf 83' lang='lat' dir='ltr'>llesp.</span> <span class='ocrx_word' id='word_1_250' title='bbox 338 3849 370 3905; x_wconf 78' lang='lat' dir='ltr'>et</span> <span class='ocrx_word' id='word_1_251' title='bbox 389 3861 460 3922; x_wconf 75' lang='lat' dir='ltr'>aug.</span> <span class='ocrx_word' id='word_1_252' title='bbox 480 3849 561 3918; x_wconf 76' lang='lat' dir='ltr'>leel,</span> <span class='ocrx_word' id='word_1_253' title='bbox 574 3846 609 3906; x_wconf 77' lang='lat' dir='ltr'>ia</span> <span class='ocrx_word' id='word_1_254' title='bbox 627 3847 732 3908; x_wconf 76' lang='lat' dir='ltr'>Sancti</span> <span class='ocrx_word' id='word_1_255' title='bbox 750 3845 911 3921; x_wconf 69' lang='lat' dir='ltr'>Hippolyti,</span> <span class='ocrx_word' id='word_1_256' title='bbox 929 3845 965 3904; x_wconf 89' lang='lat' dir='ltr'>ed</span> <span class='ocrx_word' id='word_1_257' title='bbox 980 3849 998 3904; x_wconf 74' lang='lat'><strong>4</strong></span> <span class='ocrx_word' id='word_1_258' title='bbox 1011 3851 1041 3906; x_wconf 87' lang='lat' dir='ltr'>et</span> <span class='ocrx_word' id='word_1_259' title='bbox 1057 3852 1074 3904; x_wconf 83' lang='lat'>5</span> <span class='ocrx_word' id='word_1_260' title='bbox 1091 3847 1153 3906; x_wconf 82' lang='lat' dir='ltr'>:ld</span> <span class='ocrx_word' id='word_1_261' title='bbox 1171 3853 1195 3918; x_wconf 85' lang='lat' dir='ltr'>l,</span> <span class='ocrx_word' id='word_1_262' title='bbox 1211 3849 1372 3907; x_wconf 84' lang='lat' dir='ltr'>seruentur</span> 
     </span>
     <span class='ocr_line' id='line_1_31' title="bbox 196 3935 675 4008; baseline -0.002 -13"><span class='ocrx_word' id='word_1_263' title='bbox 196 3935 334 3996; x_wconf 79' lang='lat' dir='ltr'>rubricae.</span> <span class='ocrx_word' id='word_1_264' title='bbox 351 3958 366 3990; x_wconf 72' lang='lat' dir='ltr'>a</span> <span class='ocrx_word' id='word_1_265' title='bbox 382 3937 426 3996; x_wconf 80' lang='lat' dir='ltr'>Ad</span> <span class='ocrx_word' id='word_1_266' title='bbox 440 3941 468 4008; x_wconf 76' lang='lat'>2,</span> <span class='ocrx_word' id='word_1_267' title='bbox 482 3935 675 3998; x_wconf 77' lang='lat' dir='ltr'>Affirmetive.</span> 
     </span>
    </p>

    <p class='ocr_par' dir='ltr' id='par_1_10' title="bbox 194 4024 1372 4547">
     <span class='ocr_line' id='line_1_32' title="bbox 232 4024 1371 4102; baseline -0.003 -16"><span class='ocrx_word' id='word_1_268' title='bbox 232 4031 325 4086; x_wconf 74' lang='lat' dir='ltr'>limus</span> <span class='ocrx_word' id='word_1_269' title='bbox 340 4029 374 4086; x_wconf 85' lang='lat' dir='ltr'>D.</span> <span class='ocrx_word' id='word_1_270' title='bbox 388 4027 551 4102; x_wconf 86' lang='lat' dir='ltr'>episcopus</span> <span class='ocrx_word' id='word_1_271' title='bbox 570 4026 782 4102; x_wconf 67' lang='lat' dir='ltr'>Albinumno</span> <span class='ocrx_word' id='word_1_272' title='bbox 800 4028 830 4084; x_wconf 90' lang='lat' dir='ltr'>S.</span> <span class='ocrx_word' id='word_1_273' title='bbox 847 4028 882 4084; x_wconf 84' lang='lat' dir='ltr'>ll.</span> <span class='ocrx_word' id='word_1_274' title='bbox 898 4026 929 4084; x_wconf 85' lang='lat' dir='ltr'>c.</span> <span class='ocrx_word' id='word_1_275' title='bbox 946 4025 1110 4098; x_wconf 85' lang='lat' dir='ltr'>postulauit</span> <span class='ocrx_word' id='word_1_276' title='bbox 1132 4031 1167 4085; x_wconf 92' lang='lat' dir='ltr'>ut</span> <span class='ocrx_word' id='word_1_277' title='bbox 1187 4024 1219 4084; x_wconf 88' lang='lat' dir='ltr'>in</span> <span class='ocrx_word' id='word_1_278' title='bbox 1235 4024 1371 4086; x_wconf 85' lang='lat' dir='ltr'>ecclesiis</span> 
     </span>
     <span class='ocr_line' id='line_1_33' title="bbox 195 4113 1371 4190; baseline -0.001 -15"><span class='ocrx_word' id='word_1_279' title='bbox 195 4131 260 4175; x_wconf 79' lang='lat' dir='ltr'>sum</span> <span class='ocrx_word' id='word_1_280' title='bbox 273 4116 439 4176; x_wconf 82' lang='lat' dir='ltr'>dioeceseos</span> <span class='ocrx_word' id='word_1_281' title='bbox 462 4115 649 4190; x_wconf 84' lang='lat' dir='ltr'>permittetur</span> <span class='ocrx_word' id='word_1_282' title='bbox 668 4114 718 4189; x_wconf 88' lang='lat' dir='ltr'>(ob</span> <span class='ocrx_word' id='word_1_283' title='bbox 734 4129 837 4174; x_wconf 85' lang='lat' dir='ltr'>earum</span> <span class='ocrx_word' id='word_1_284' title='bbox 851 4119 1057 4188; x_wconf 82' lang='lat' dir='ltr'>paupertetem</span> <span class='ocrx_word' id='word_1_285' title='bbox 1070 4119 1098 4173; x_wconf 86' lang='lat' dir='ltr'>et</span> <span class='ocrx_word' id='word_1_286' title='bbox 1112 4114 1151 4174; x_wconf 90' lang='lat' dir='ltr'>ob</span> <span class='ocrx_word' id='word_1_287' title='bbox 1165 4113 1371 4187; x_wconf 86' lang='lat' dir='ltr'>multipliclte-</span> 
     </span>
     <span class='ocr_line' id='line_1_34' title="bbox 196 4203 1371 4280; baseline 0 -16"><span class='ocrx_word' id='word_1_288' title='bbox 196 4210 255 4264; x_wconf 88' lang='lat' dir='ltr'>tem</span> <span class='ocrx_word' id='word_1_289' title='bbox 274 4205 424 4264; x_wconf 80' lang='lat' dir='ltr'>furtorum</span> <span class='ocrx_word' id='word_1_290' title='bbox 443 4205 668 4280; x_wconf 79' lang='lat' dir='ltr'>sacrilegorum)</span> <span class='ocrx_word' id='word_1_291' title='bbox 692 4203 790 4266; x_wconf 82' lang='lat' dir='ltr'>adhuc</span> <span class='ocrx_word' id='word_1_292' title='bbox 812 4203 969 4278; x_wconf 75' lang='lat' dir='ltr'>acquirere</span> <span class='ocrx_word' id='word_1_293' title='bbox 988 4203 1098 4262; x_wconf 83' lang='lat' dir='ltr'>cellces</span> <span class='ocrx_word' id='word_1_294' title='bbox 1116 4217 1245 4277; x_wconf 85' lang='lat' dir='ltr'>quorum</span> <span class='ocrx_word' id='word_1_295' title='bbox 1264 4219 1371 4277; x_wconf 82' lang='lat' dir='ltr'>cuppre</span> 
     </span>
     <span class='ocr_line' id='line_1_35' title="bbox 195 4291 1370 4367; baseline -0.002 -13"><span class='ocrx_word' id='word_1_296' title='bbox 195 4295 258 4354; x_wconf 88' lang='lat' dir='ltr'>sint</span> <span class='ocrx_word' id='word_1_297' title='bbox 268 4310 306 4354; x_wconf 85' lang='lat' dir='ltr'>ex</span> <span class='ocrx_word' id='word_1_298' title='bbox 320 4294 439 4354; x_wconf 85' lang='lat' dir='ltr'>metello</span> <span class='ocrx_word' id='word_1_299' title='bbox 453 4293 625 4354; x_wconf 86' lang='lat' dir='ltr'>eurIchelco</span> <span class='ocrx_word' id='word_1_300' title='bbox 638 4293 686 4352; x_wconf 86' lang='lat' dir='ltr'>vel</span> <span class='ocrx_word' id='word_1_301' title='bbox 699 4307 794 4367; x_wconf 88' lang='lat' dir='ltr'>cupro</span> <span class='ocrx_word' id='word_1_302' title='bbox 807 4293 961 4364; x_wconf 75' lang='lat' dir='ltr'>conlecto,</span> <span class='ocrx_word' id='word_1_303' title='bbox 976 4293 1023 4350; x_wconf 85' lang='lat' dir='ltr'>vel</span> <span class='ocrx_word' id='word_1_304' title='bbox 1039 4291 1145 4352; x_wconf 85' lang='lat' dir='ltr'>sellem</span> <span class='ocrx_word' id='word_1_305' title='bbox 1159 4297 1194 4352; x_wconf 87' lang='lat' dir='ltr'>ut</span> <span class='ocrx_word' id='word_1_306' title='bbox 1208 4291 1239 4350; x_wconf 90' lang='lat' dir='ltr'>in</span> <span class='ocrx_word' id='word_1_307' title='bbox 1247 4293 1370 4366; x_wconf 84' lang='lat' dir='ltr'>praedle-</span> 
     </span>
     <span class='ocr_line' id='line_1_36' title="bbox 194 4381 1372 4458; baseline -0.003 -15"><span class='ocrx_word' id='word_1_308' title='bbox 194 4385 234 4444; x_wconf 90' lang='lat' dir='ltr'>tis</span> <span class='ocrx_word' id='word_1_309' title='bbox 250 4384 387 4446; x_wconf 88' lang='lat' dir='ltr'>ecclesiis</span> <span class='ocrx_word' id='word_1_310' title='bbox 399 4385 573 4444; x_wconf 87' lang='lat' dir='ltr'>eorumdem</span> <span class='ocrx_word' id='word_1_311' title='bbox 592 4381 720 4444; x_wconf 81' lang='lat' dir='ltr'>culleum</span> <span class='ocrx_word' id='word_1_312' title='bbox 732 4383 795 4458; x_wconf 87' lang='lat' dir='ltr'>jem</span> <span class='ocrx_word' id='word_1_313' title='bbox 810 4387 979 4457; x_wconf 87' lang='lat' dir='ltr'>emptorum</span> <span class='ocrx_word' id='word_1_314' title='bbox 998 4396 1076 4441; x_wconf 90' lang='lat' dir='ltr'>usus</span> <span class='ocrx_word' id='word_1_315' title='bbox 1090 4381 1258 4441; x_wconf 83' lang='lat' dir='ltr'>continuari</span> <span class='ocrx_word' id='word_1_316' title='bbox 1273 4381 1372 4456; x_wconf 88' lang='lat' dir='ltr'>possit</span> 
     </span>
     <span class='ocr_line' id='line_1_37' title="bbox 196 4473 629 4547; baseline -0.005 -14"><span class='ocrx_word' id='word_1_317' title='bbox 196 4475 262 4534; x_wconf 90' lang='lat' dir='ltr'>sine</span> <span class='ocrx_word' id='word_1_318' title='bbox 280 4474 459 4534; x_wconf 76' lang='lat' dir='ltr'>limitatione</span> <span class='ocrx_word' id='word_1_319' title='bbox 473 4473 629 4547; x_wconf 86' lang='lat' dir='ltr'>temporis.</span> 
     </span>
    </p>

    <p class='ocr_par' dir='ltr' id='par_1_11' title="bbox 196 4561 1371 4804">
     <span class='ocr_line' id='line_1_38' title="bbox 232 4561 1371 4638; baseline -0.004 -16"><span class='ocrx_word' id='word_1_320' title='bbox 232 4567 321 4637; x_wconf 80' lang='lat' dir='ltr'>Resp.</span> <span class='ocrx_word' id='word_1_321' title='bbox 346 4567 382 4622; x_wconf 73' lang='lat' dir='ltr'>ue</span> <span class='ocrx_word' id='word_1_322' title='bbox 402 4562 473 4622; x_wconf 88' lang='lat' dir='ltr'>maii</span> <span class='ocrx_word' id='word_1_323' title='bbox 497 4565 577 4633; x_wconf 76' lang='lat' dir='ltr'>lert,</span> <span class='ocrx_word' id='word_1_324' title='bbox 590 4562 625 4622; x_wconf 83' lang='lat' dir='ltr'>in</span> <span class='ocrx_word' id='word_1_325' title='bbox 641 4561 831 4638; x_wconf 68' lang='lat' dir='ltr'>Allienum,</span> <span class='ocrx_word' id='word_1_326' title='bbox 846 4578 877 4621; x_wconf 91' lang='lat' dir='ltr'>n.</span> <span class='ocrx_word' id='word_1_327' title='bbox 897 4566 968 4622; x_wconf 76' lang='lat'>5695</span> <span class='ocrx_word' id='word_1_328' title='bbox 994 4581 1001 4620; x_wconf 93' lang='lat'>:</span> <span class='ocrx_word' id='word_1_329' title='bbox 1030 4561 1273 4630; x_wconf 76' lang='lat' dir='ltr'>communicetur</span> <span class='ocrx_word' id='word_1_330' title='bbox 1297 4563 1371 4620; x_wconf 77' lang='lat' dir='ltr'>limo</span> 
     </span>
     <span class='ocr_line' id='line_1_39' title="bbox 196 4647 1369 4728; baseline -0.005 -16"><span class='ocrx_word' id='word_1_331' title='bbox 196 4657 229 4712; x_wconf 80' lang='lat' dir='ltr'>l).</span> <span class='ocrx_word' id='word_1_332' title='bbox 267 4653 410 4728; x_wconf 82' lang='lat' dir='ltr'>episcopo</span> <span class='ocrx_word' id='word_1_333' title='bbox 448 4650 557 4714; x_wconf 83' lang='lat' dir='ltr'>oratori</span> <span class='ocrx_word' id='word_1_334' title='bbox 595 4651 747 4714; x_wconf 88' lang='lat' dir='ltr'>decretum</span> <span class='ocrx_word' id='word_1_335' title='bbox 779 4653 813 4712; x_wconf 83' lang='lat' dir='ltr'>tn</span> <span class='ocrx_word' id='word_1_336' title='bbox 841 4665 905 4714; x_wconf 83' lang='lat' dir='ltr'>unc</span> <span class='ocrx_word' id='word_1_337' title='bbox 932 4651 1074 4722; x_wconf 73' lang='lat' dir='ltr'>Renoua,</span> <span class='ocrx_word' id='word_1_338' title='bbox 1115 4649 1163 4709; x_wconf 89' lang='lat' dir='ltr'>dle</span> <span class='ocrx_word' id='word_1_339' title='bbox 1195 4651 1230 4708; x_wconf 82' lang='lat' dir='ltr'>td</span> <span class='ocrx_word' id='word_1_340' title='bbox 1273 4647 1369 4710; x_wconf 79' lang='lat' dir='ltr'>mettii</span> 
     </span>
     <span class='ocr_line' id='line_1_40' title="bbox 197 4744 359 4804; baseline -0.012 0"><span class='ocrx_word' id='word_1_341' title='bbox 197 4744 268 4804; x_wconf 85' lang='lat' dir='ltr'>enni</span> <span class='ocrx_word' id='word_1_342' title='bbox 280 4747 359 4804; x_wconf 81' lang='lat' dir='ltr'>l8&#39;ld.</span> 
     </span>
    </p>
   </div>
   <div class='ocr_carea' id='block_1_7' title="bbox 0 0 1728 5568">
    <p class='ocr_par' dir='ltr' id='par_1_12' title="bbox 0 0 1728 5568">
     <span class='ocr_line' id='line_1_41' title="bbox 0 0 1728 5568; baseline 0 0"><span class='ocrx_word' id='word_1_343' title='bbox 0 0 1728 5568; x_wconf 95' lang='lat' dir='ltr'> </span> 
     </span>
    </p>
   </div>
  </div>
 </body>
</html>
