3444 6618
546 514 634 564 turnn
655 519 783 565 rannus
803 520 1023 566 nacnarsuuu.
1314 504 1372 569 587

196 643 341 723 possunt
361 635 516 704 absolute
541 637 577 702 in
607 637 759 714 ecclesia,
781 638 861 704 licet
887 637 1062 704 decentius
1082 636 1167 703 flant
1187 637 1223 704 in
1248 638 1373 724 palatio
1403 620 1409 638 ”

197 744 389 832 episcopali.

235 855 268 920 a·
283 851 505 932 Parlamenta,
518 854 659 922 concilia
668 855 814 940 politica,
828 857 1090 938 negotiationes,
1108 856 1282 934 nundina,
1294 875 1374 922 oon-

196 967 324 1028 tractus
338 962 537 1040 saeculares;
553 964 635 1028 item
652 963 723 1029 ludi
738 963 932 1040 theatrales,
948 965 1015 1028 nisi
1031 964 1075 1030 ob
1086 982 1225 1030 cansam
1238 963 1374 1048 pietatis

197 1077 413 1147 excusentur,
436 1089 497 1136 seu
512 1073 703 1154 generatim
733 1091 853 1138 omnes
869 1077 964 1138 actus
985 1091 1006 1137 a
1026 1073 1151 1158 pietate
1173 1071 1285 1138 aliern.
1308 1072 1375 1137 Sed

196 1178 295 1246 multi
309 1185 404 1244 actus
415 1181 550 1244 honesti
562 1181 816 1264 permittuntur,
829 1185 867 1244 ut
882 1179 1127 1265 disputationes
1138 1185 1197 1248 aut
1208 1179 1373 1246 lectiones

197 1287 406 1367 theologice,
423 1287 557 1354 collatio
572 1289 698 1370 gradus
713 1290 910 1370 magisterii,
923 1294 985 1354 eto.

237 1396 268 1456 3ο
283 1396 476 1462 Notandum
490 1397 641 1482 estquod
655 1416 726 1462 non
736 1416 857 1464 omnes
866 1403 962 1464 actus
976 1399 1205 1482 peccaminosi
1218 1397 1275 1484 qui
1288 1400 1376 1462 tlunt

197 1505 233 1568 in
255 1504 406 1581 ecclesia,
429 1507 635 1571 contrahunt
656 1507 838 1591 specialem
859 1509 1025 1574 malitiam
1048 1507 1230 1588 sacrilegii;
1253 1507 1313 1571 sed
1328 1505 1375 1570 illi
1494 1555 1496 1564 ,

198 1617 331 1676 tantum
353 1614 410 1718 qui
433 1633 477 1678 ex
502 1613 784 1680 determinatione
812 1616 899 1697 legis
926 1616 1161 1680 ecclesiasticae
1186 1613 1377 1698 specialiter

197 1721 448 1786 contradantur
461 1722 630 1786 sanctitati
643 1722 719 1798 loci,
742 1723 860 1807 quales
875 1729 956 1788 sunt
970 1722 1018 1789 illi
1033 1741 1153 1790 omnes
1168 1724 1291 1809 quibus
1304 1723 1376 1808 pol-

197 1827 302 1897 luitur
317 1828 468 1906 ocolesia,
483 1829 540 1894 vel
552 1830 684 1896 iuratur
697 1847 744 1896 aes
759 1830 920 1898 ecelesiae.

652 2023 696 2076 tv.
715 2023 754 2074 De
766 2019 831 2086 lure
845 2021 923 2086 asyli.

240 2155 344 2237 nllus
362 2154 457 2238 asyli,
481 2153 572 2240 quod
590 2159 643 2218 est
663 2155 793 2238 species
816 2155 1042 2222 immunitatis
1065 2157 1192 2234 localis,
1214 2158 1377 2242 competit

199 2263 359 2328 ecclesiis.
382 2261 542 2328 Consistit
564 2262 600 2326 in
628 2263 809 2328 securitate
832 2281 935 2349 quam
970 2265 1246 2346 conhrgientibus
1276 2266 1318 2330 ad
1339 2283 1376 2329 se

198 2376 337 2457 praestat
351 2372 446 2438 loeus
466 2389 576 2448 sacer,
592 2375 711 2436 contra
725 2372 970 2439 extractionem
986 2377 1021 2439 et
1034 2391 1175 2440 ornnem
1189 2373 1291 2440 aliam
1305 2373 1377 2440 vio-

198 2479 341 2546 lentiam
354 2487 542 2545 externam.

239 2591 271 2654 1⁰
295 2588 367 2666 Quo
386 2591 464 2672 jure
482 2593 654 2672 competat
672 2587 756 2654 locis
780 2591 894 2668 saona,
915 2591 1090 2675 disputant
1107 2591 1173 2657 DI).
1195 2592 1276 2658 Tres
1297 2597 1378 2658 sunt

200 2699 379 2764 sententies
392 2719 399 2762 ε
412 2699 512 2781 juxta
525 2698 681 2782 primam,
693 2699 855 2783 competit
863 2702 942 2783 jure
952 2701 1108 2779 naturali,
1126 2702 1270 2786 quiajos
1280 2707 1379 2767 natu-

199 2807 269 2874 rale
288 2806 441 2892 praecipit
462 2805 603 2872 cultum.
615 2806 769 2873 hunum
790 2813 825 2874 et
844 2810 1073 2876 reverentiam
1086 2810 1170 2875 locis
1184 2811 1227 2876 ad
1248 2811 1378 2876 cultum
1511 2847 1513 2852 ,

101 2993 104 2998 ¹
200 2916 371 3001 deputatis
385 2915 545 2981 debitam.
570 2914 726 2982 Secunda
740 2919 911 2984 sententia
922 2919 1021 2985 docet
1035 2919 1129 3003 asyla
1143 2939 1239 2986 sacra
1253 2923 1378 2986 consti-

200 3025 1374 3112 tutaessejuredivinopositivo,quiaconc.Trid.,s.2ii,o.20,dellef.

199 3136 247 3202 ait
266 3155 274 3198 :
296 3159 312 3192 «
328 3131 482 3198 Ecclesiae
504 3137 539 3198 et
556 3152 782 3217 personarum
801 3135 1108 3202 ecclesiasticarum
1123 3137 1376 3202 immunitatem

198 3243 259 3308 Dei
274 3241 487 3309 ordinatione
506 3247 540 3306 et
555 3243 728 3308 canonicis
749 3245 981 3309 sanctionibus
1001 3245 1223 3309 constitutam
1246 3264 1333 3310 esse.
1360 3272 1375 3304 a

199 3350 310 3416 Tertia
333 3355 367 3414 et
400 3350 515 3414 verior
537 3349 753 3432 privilegium
779 3351 865 3434 asyli
892 3353 929 3417 in
953 3351 1030 3434 lege
1054 3369 1145 3417 nova
1165 3353 1284 3416 tribuit
1308 3353 1377 3435 juri

198 3459 350 3524 humano
368 3458 605 3524 eeclesiastico.
628 3457 768 3525 Constat
785 3477 880 3524 exeo
900 3459 991 3544 quod
1013 3479 1057 3524 ex
1068 3463 1146 3543 jure
1161 3459 1307 3525 naturali
1320 3459 1377 3525 vel

200 3565 316 3631 divino
334 3566 482 3649 positivo
498 3583 569 3630 non
588 3566 685 3630 venit
701 3585 709 3628 :
724 3583 796 3631 non
807 3568 885 3650 jure
898 3565 1054 3644 naturali,
1072 3567 1152 3651 qtria
1169 3585 1240 3632 non
1259 3573 1312 3631 est
1327 3569 1377 3632 in-

200 3678 345 3742 trinseca
364 3675 494 3742 malum
517 3677 772 3743 malefactorem
798 3677 977 3743 exuahero
1003 3697 1021 3743 e
1046 3677 1191 3762 templo,
1215 3695 1280 3743 nec
1300 3676 1376 3742 talis

200 3773 363 3850 extractio
387 3784 429 3850 de
451 3803 488 3850 se
511 3786 712 3852 adversatur
731 3785 837 3852 cultui
855 3786 982 3852 divino.
1005 3787 1078 3852 Non
1101 3805 1144 3852 ex
1163 3788 1241 3868 jure
1261 3785 1376 3850 divino

199 3894 357 3979 positivo,
373 3899 673 3980 nampraeceptum
689 3895 912 3977 veterislegis
922 3895 1108 3979 exspiravit
1118 3899 1230 3960 morte
1243 3893 1374 3970 Christi,
1496 3909 1500 3920 ·

200 4011 319 4090 utpote
343 4007 579 4073 ceremoniale
602 4007 659 4073 vel
676 4007 849 4092 judiciale,
866 4012 901 4072 et
913 4007 1033 4072 nullibi
1055 4007 1092 4071 in
1114 4007 1190 4089 lege
1204 4025 1296 4072 nova
1312 4005 1378 4071 hoc

199 4115 333 4199 asylum
346 4114 514 4198 reperitur
527 4115 656 4181 datum.
674 4115 825 4181 Tandem
840 4134 936 4181 conc.
956 4115 1044 4181 Trid.
1070 4113 1142 4198 agit
1160 4113 1202 4179 de
1217 4114 1378 4178 immuni-

199 4229 269 4291 tate
280 4223 451 4308 personali
465 4228 500 4289 et
511 4223 604 4301 reali,
621 4242 692 4289 non
704 4241 789 4289 vero
804 4223 847 4289 de
860 4223 969 4290 locali.

240 4332 273 4396 θ’
287 4332 339 4398 An
350 4335 408 4416 jus
422 4331 506 4415 asyli
519 4349 580 4416 per
593 4331 878 4397 consuetudinem
895 4331 967 4398 tolli
986 4332 1105 4417 possit,
1129 4332 1304 4416 disputant
1317 4329 1375 4396 GC.

201 4442 264 4519 Qui
278 4443 428 4524 priorem
443 4445 562 4505 tonent
580 4441 797 4517 sententiam,
818 4441 944 4507 debent
956 4459 1102 4523 negare3
1125 4441 1281 4526 quivero
1301 4439 1379 4504 ulti-

200 4567 293 4614 mam
314 4554 542 4633 propugnant,
568 4551 671 4616 etiam
695 4569 765 4616 non
789 4551 1018 4628 consentiunt,
1043 4549 1133 4634 qrria,
1155 4551 1255 4632 juxta
1277 4565 1379 4632 quos-

203 4657 291 4732 dam,
302 4659 359 4738 jus
373 4656 575 4721 canonicum
587 4658 784 4741 reprobaret
798 4664 833 4724 et
846 4658 958 4724 irritas
968 4657 1095 4726 laceret
1107 4674 1227 4724 omnes
1237 4673 1377 4722 consue-
