3510 5574
555 545 641 590 trena
664 545 790 592 rsarrus
813 547 1033 594 praeeramus.
1327 533 1383 596 1111

207 661 325 746 nequit
335 661 401 726 nisi
414 660 552 739 clerico;
568 663 600 726 3⁰
615 669 654 726 nt
668 664 712 728 sit
724 669 939 747 perpetuum,
956 681 1027 727 non
1047 667 1182 728 tantum
1202 663 1314 747 quoad
1336 681 1384 740 se,

207 787 269 832 sen
282 769 461 852 objective,
478 771 539 836 sed
553 775 589 836 et
604 771 717 854 quoad
732 773 983 848 beneficiatum,
1000 789 1061 856 seu
1076 771 1275 853 subjective,
1288 772 1336 834 ita
1349 776 1388 834 ut

207 877 307 942 detur
319 877 363 941 ad
376 879 482 942 vitam
504 880 708 957 beneficiati,
726 887 759 944 et
772 882 803 943 ei
824 882 949 945 auferri
973 886 1121 963 nequeat
1141 881 1206 942 nisi
1228 897 1389 944 excausa

206 1002 267 1068 per
281 1003 395 1049 sacros
409 1004 559 1051 canones
573 988 772 1072 approbata3
789 989 914 1072 quade
935 1007 1039 1052 causa
1058 989 1224 1052 beneficia
1244 987 1386 1067 titulata,

208 1112 268 1156 seu
279 1095 316 1157 in
328 1093 465 1158 titulum
475 1102 679 1179 perpetuum
691 1097 823 1173 collata,
835 1099 972 1181 proprie
985 1103 1065 1161 sunt
1078 1098 1253 1162 beneflcio.
1266 1097 1389 1162 Notan-

209 1202 291 1266 dum
306 1207 358 1266 est
372 1203 477 1268 etiam
491 1207 582 1288 qnod
597 1233 612 1262 «
626 1209 684 1287 jus
698 1207 905 1290 percipiendi
926 1206 1079 1270 redditus
1096 1233 1111 1263 »
1126 1206 1303 1270 constituit
1321 1209 1390 1288 seo

207 1311 343 1405 1111111111
357 1313 573 1390 beneficium,
589 1333 669 1379 oum
683 1315 728 1378 sit
741 1315 1004 1379 fundamentum
1019 1321 1055 1379 et
1075 1333 1178 1380 causa
1191 1315 1297 1398 ipsius
1317 1317 1391 1380 1111-

208 1421 261 1484 111.
278 1420 441 1486 Redditus
455 1421 503 1486 illi
519 1425 701 1506 provenire
714 1430 860 1507 possunt
880 1425 984 1488 etiam
1007 1443 1049 1488 ex
1073 1425 1172 1489 bonis
1193 1424 1388 1501 mobilibus,

208 1533 291 1610 puta
302 1530 468 1605 {censibus
483 1531 539 1596 vel
561 1530 830 1613 assignationes
846 1531 1023 1613 guberniis
1043 1531 1171 1608 debita;
1187 1531 1391 1616 plerumque

211 1642 326 1702 tamen
347 1638 409 1703 do's
428 1639 673 1704 beneficiorum
688 1641 873 1705 constituta
894 1645 946 1703 est
969 1639 1005 1703 in
1026 1639 1125 1704 bonis
1146 1641 1389 1704 immobilibus.

210 1745 276 1810 Sed
291 1749 417 1814 sufficit
430 1755 469 1814 ut
482 1751 573 1815 bona
594 1749 667 1814 sive
681 1751 870 1816 immobilia
888 1752 960 1816 sive
983 1750 1123 1816 mobilia
1141 1751 1335 1834 pertineant
1349 1751 1394 1815 ad

210 1857 454 1938 patrimonium
467 1857 633 1922 Ecclesia.
647 1859 757 1936 Quare
771 1859 803 1922 S.
819 1857 1084 1935 Poenitentiarie,
1097 1859 1151 1923 die
1167 1861 1206 1924 19
1215 1862 1287 1942 jan.
1300 1859 1391 1936 1819,

211 1958 741 2042 declaravitsalariaegubernio
764 1960 868 2044 Belgii
889 1961 1002 2026 solute
1024 1963 1217 2044 pastoribus
1238 1969 1271 2026 et
1293 1983 1393 2030 eano-

212 2069 294 2132 nicis
310 2069 451 2132 induere
467 2076 625 2134 naturum
640 2071 897 2134 beneficiorum.

251 2181 278 2260 r)
293 2177 472 2262 Sequitur:
485 2179 759 2242 t⁰commendcm
770 2185 973 2262 perpetuam
982 2199 1059 2244 esse
1072 2181 1287 2246 beneficium.
1299 2181 1393 2246 Gom-

212 2287 337 2352 menda
349 2287 442 2353 idem
457 2293 509 2351 est
523 2306 562 2352 ac
576 2287 806 2352 custodisses
820 2288 1070 2354 administratio
1082 2287 1227 2372 alcuius
1241 2289 1392 2356 ecclesie

212 2396 347 2462 cuidam
363 2395 486 2462 clerico
502 2397 696 2461 commissa.
714 2395 747 2460 Si
762 2396 867 2483 igitur
886 2397 930 2461 sit
943 2403 1125 2481 perpetua,
1140 2399 1394 2466 commendata-

213 2505 294 2582 rius,
312 2506 370 2590 qui
381 2508 439 2590 jus
458 2525 561 2572 omne
581 2507 617 2571 in
633 2506 800 2572 beneficio
815 2505 879 2572 sibi
898 2507 1084 2572 commisso
1105 2507 1209 2572 babet
1227 2513 1262 2573 et
1281 2513 1395 2592 potest

213 2632 255 2678 111
269 2612 327 2680 illo
341 2615 473 2680 fructus
493 2614 679 2700 percipere,
696 2633 799 2680 verus
819 2619 873 2680 est
893 2615 1114 2682 beneficiatus
1131 2635 1139 2678 ι
1155 2615 1191 2680 in
1212 2617 1277 2682 hcc
1301 2617 1393 2681 enim

213 2741 305 2800 casu,
330 2729 475 2788 nonest
500 2743 626 2806 purum
651 2723 847 2806 depositum
874 2742 937 2788 seu
963 2724 1118 2790 cmtedia
1138 2725 1306 2802 beneficii,
1332 2725 1392 2790 sed

213 2830 326 2912 ipsum
340 2831 545 2896 beneficium
560 2831 624 2895 sub
636 2830 736 2896 tittdo
748 2831 962 2896 commende
976 2837 1142 2915 perpetuo
1156 2833 1340 2897 confertur.

252 2940 284 3002 9⁰
296 2940 544 3020 Prostimcm'a,
561 2959 622 3005 seu
636 2939 920 3025 praestimoniales
934 2941 1130 3025 pensiones,
1147 2960 1224 3025 quse
1240 2947 1320 3007 sunt
1336 2944 1394 3007 sti-

213 3049 337 3133 pendia
348 3069 464 3116 annua
477 3051 629 3116 debonis
640 3050 876 3115 ecclesiasticis
887 3050 1048 3128 detracta,
1060 3051 1124 3116 dici
1135 3053 1239 3116 etiam
1250 3059 1395 3136 possunt

215 3160 392 3238 beneficia,
402 3161 524 3226 saltem
538 3160 566 3224 si
581 3159 755 3243 spirituale
769 3161 973 3243 obsecutum
988 3159 1161 3225 adnexum
1176 3167 1211 3224 11
1223 3161 1395 3245 perpetui-

217 3277 322 3336 tatem
346 3273 506 3338 habeant.
528 3271 577 3335 Ex
598 3273 760 3356 primaria
783 3273 836 3336 sui
862 3272 1092 3347 institutione,
1113 3273 1187 3335 istae
1210 3273 1394 3355 pensiones

215 3379 465 3464 deputabantur
479 3382 515 3446 in
530 3381 778 3448 sustentatione
790 3383 961 3464 juvenum
975 3380 1011 3443 in
1030 3379 1151 3444 studiis
1165 3381 1391 3456 versantium3

213 3507 304 3554 nunc
318 3488 392 3555 aliis
406 3489 536 3556 clericis
550 3490 704 3573 praestari
720 3489 842 3566 solent,
860 3495 894 3554 et
904 3491 978 3555 baec
993 3490 1181 3570 assignatio
1195 3507 1265 3555 non
1280 3495 1390 3564 11111,

215 3597 280 3661 nisi
294 3599 390 3666 obitu
407 3601 483 3683 eJ'us
497 3599 555 3683 qui
569 3599 707 3682 accepit.
724 3599 766 3664 st
785 3617 871 3682 pura
882 3601 998 3682 pensio
1012 3599 1055 3664 ad
1071 3605 1206 3680 tempus
1221 3599 1394 3678 assignata

183 3765 186 3774 .
215 3705 392 3772 evidenter
405 3726 476 3773 non
490 3709 770 3773 estbeueticium.

253 3815 288 3878 11ο
301 3816 505 3902 Hospitalis,
522 3817 550 3880 si
565 3835 608 3882 ex
619 3816 819 3882 fundatione
835 3813 891 3880 vel
905 3815 1120 3882 ordinatione
1134 3813 1269 3900 publica
1282 3814 1394 3879 confe-

216 3929 336 3990 rantur
355 3925 437 3991 solis
454 3926 596 4003 clericis,
613 3931 648 3990 et
667 3926 735 3989 sint
749 3922 872 3991 collata
885 3925 920 3990 in
939 3925 1074 3990 titulum
1086 3929 1301 4009 perpetuum,
1315 3927 1395 3987 sunt

217 4035 320 4098 etiam
331 4033 497 4100 beneflcio
507 4033 643 4119 proprie
659 4032 757 4098 dicta.

255 4141 288 4205 t·
312 4141 524 4228 Capellaoio,
548 4148 697 4228 quaeest
721 4159 809 4207 onus
837 4141 1030 4208 celebrandi
1054 4143 1178 4209 missas
1204 4160 1336 4208 annuas
1360 4141 1395 4204 in

216 4258 308 4318 certa
329 4251 460 4337 capella
482 4273 543 4319 seu
564 4253 673 4330 altari,
691 4257 743 4318 est
767 4253 982 4330 beneficium,
1000 4253 1137 4336 quando
1161 4254 1335 4318 confertur
1358 4254 1395 4314 in

218 4363 353 4430 titulum
374 4371 578 4448 perpetuum
602 4371 637 4429 11
658 4370 711 4428 est
733 4370 845 4432 erecta
860 4364 1062 4429 auctoritate
1082 4363 1242 4446 episcopi.
1259 4362 1293 4426 Si
1312 4379 1395 4426 rere

217 4478 330 4538 erecta
343 4474 387 4538 sit
397 4474 599 4539 auctoritate
610 4469 729 4550 laicali,
741 4489 811 4538 non
825 4472 920 4536 venit
934 4473 1073 4536 nomine
1088 4471 1254 4537 beneficii.
1265 4469 1342 4548 Sed,
1352 4487 1396 4534 ex

216 4579 323 4648 altera
335 4589 442 4666 parte,

256 4693 289 4754 5⁰
309 4691 495 4758 Vicurr'ctus
510 4711 579 4758 non
602 4680 654 4758 est
675 4693 716 4758 de
736 4712 772 4757 se
796 4691 1010 4766 beneficium,
1034 4707 1113 4756 oum
1135 4707 1205 4754 non
1229 4688 1395 4753 habeatur
