3504 5572
375 561 436 626 306
835 575 886 625 sus
907 577 1087 626 cruourcuu.

375 698 455 782 quia
468 696 652 764 auctoritas
675 693 809 781 publica
822 716 884 781 pro
901 700 997 782 justo
1018 697 1123 763 hahet
1145 696 1237 762 idern
1251 697 1410 781 pretium.
1427 695 1554 765 Tamen

373 823 515 872 necesso
530 809 587 870 est
601 808 642 869 ut
661 803 756 872 nulla
768 805 958 872 intercedat
970 806 1077 882 fraus,
1094 805 1167 870 sive
1182 823 1225 870 ex
1240 811 1336 892 parte
1355 806 1552 882 venditoris,

375 915 447 980 sive
468 931 514 980 ex
529 917 626 998 porte
643 913 829 998 emptoris;
856 913 1168 998 quod-haberetur,
1195 915 1224 978 si
1249 933 1280 979 v.
1296 933 1330 997 g.
1349 919 1467 980 essent
1485 913 1555 978 sscti

375 1025 567 1107 emptores,
593 1023 648 1090 vel
674 1023 702 1088 si
723 1025 823 1090 fleret
845 1023 978 1090 occulta
1005 1025 1186 1090 conventio
1207 1024 1490 1108 interemptores
1513 1022 1554 1088 de

375 1142 446 1198 non
459 1131 620 1198 licitando
631 1131 720 1198 ultra
734 1132 799 1197 vile
812 1131 985 1216 quoddam
998 1133 1158 1218 pretium.

413 1239 448 1306 4⁰
463 1239 497 1305 Si
509 1245 644 1324 emptor
658 1245 693 1306 et
706 1240 863 1307 venditor
885 1245 967 1305 sunt
986 1242 1085 1307 honae
1099 1241 1191 1318 tldei,
1210 1246 1345 1325 emptor
1361 1242 1492 1306 fructus
1505 1239 1555 1306 rei

376 1367 457 1415 suos
470 1349 560 1428 lacit,
575 1348 732 1416 venditor
744 1367 825 1417 vcro
841 1348 883 1415 ad
899 1367 1023 1418 usuras
1036 1367 1107 1415 non
1121 1354 1260 1416 tenetur
1277 1369 1285 1414 ε
1300 1350 1349 1415 ito
1362 1348 1555 1416 communis

375 1458 556 1524 sententia.
577 1457 675 1524 Ratio
699 1463 752 1524 est
766 1457 845 1543 quia
864 1457 1172 1542 venditio-emptio,
1193 1458 1255 1524 etsi
1276 1457 1423 1532 inllnna,
1446 1455 1556 1522 valida

374 1570 490 1630 tamen
505 1571 567 1643 est,
581 1570 615 1631 et
629 1571 881 1651 consequenter
894 1584 957 1650 per
975 1565 1194 1632 traditionem
1205 1567 1255 1632 roi
1275 1566 1437 1632 transfert
1451 1563 1555 1629 domi-

373 1673 470 1738 nium
484 1673 534 1741 rei
546 1679 669 1758 emptae
684 1674 720 1740 in
734 1679 926 1758 emptorem
938 1679 974 1740 et
986 1673 1086 1759 pretii
1098 1674 1135 1738 in
1149 1673 1373 1741 venditorem.

689 1867 720 1918 11.
736 1864 879 1920 nesolmio
893 1864 1245 1930 emptionis-'randincus

412 1998 583 2068 Remediis
614 2001 702 2084 juris
731 2019 834 2085 supra
865 2001 1074 2067 enumeratis
1108 1999 1231 2067 resolvi
1272 2005 1386 2084 potest
1416 1999 1559 2085 emptio-

373 2111 540 2188 venditio,
566 2111 595 2174 si
613 2109 783 2193 reparatio
806 2109 921 2175 damni
943 2110 1009 2176 hcc
1031 2109 1156 2191 exigat.
1174 2109 1241 2176 Sed
1254 2115 1378 2194 praetcr
1389 2109 1559 2175 actionem

372 2219 641 2296 redhibitoriam‚
672 2218 851 2284 laesionem
871 2217 961 2285 ultra
986 2217 1166 2284 dimidiam
1196 2223 1231 2284 et
1253 2217 1320 2284 alia
1346 2218 1458 2302 capita
1484 2217 1558 2283 aliis

372 2329 601 2395 contractibus
618 2327 826 2404 communia,
848 2331 1005 2404 mernor,
1024 2326 1123 2393 dolus
1142 2331 1178 2392 et
1190 2331 1316 2403 matus,
1333 2327 1559 2411 emptio-ven-

281 2420 284 2428 ’
374 2437 456 2502 ditio
479 2436 605 2503 resolvi
623 2439 738 2520 potest
757 2444 878 2500 mutuo
901 2435 1173 2504 contrahentium
1196 2453 1358 2502 consensu
1381 2455 1393 2500 :
1423 2435 1465 2500 de
1495 2435 1559 2500 hac

374 2541 502 2611 directa
517 2549 552 2610 et
564 2543 705 2628 pacifica
717 2543 927 2610 resolutione
943 2549 1100 2610 remanet
1114 2545 1300 2626 agendum.
1317 2544 1436 2628 ltaque

414 2654 447 2737 a)
461 2651 598 2718 Resolvi
611 2657 725 2738 potest
738 2652 1036 2736 venditio-emptio
1051 2657 1172 2718 mutuo
1186 2653 1462 2718 contrahentium
1478 2670 1558 2718 con-

375 2779 490 2839 sensu,
506 2763 537 2826 si
548 2779 600 2826 res
614 2761 725 2826 adhuc
739 2761 784 2826 sit
794 2761 938 2845 intepro.
954 2759 1021 2826 Res
1037 2759 1159 2826 dicitur
1177 2760 1321 2843 integra,
1342 2761 1478 2845 quando
1494 2779 1558 2824 nec

374 2869 510 2936 traditio
532 2869 582 2935 rei
606 2888 718 2954 neque
741 2868 866 2934 solutio
889 2868 989 2952 pretii
1011 2868 1171 2936 inchoata
1192 2873 1255 2935 est.
1277 2869 1375 2936 Ratio
1401 2869 1557 2934 daturin

370 2980 449 3061 jure
464 2977 630 3055 Romano,
647 2972 704 3042 ubi
716 2975 864 3059 legimus
880 2995 887 3039 :
905 3001 921 3034 ι(
937 2975 1030 3040 Sicut
1050 2976 1212 3059 obligatio
1231 2995 1402 3042 consensu
1424 2981 1558 3043 contra-

372 3087 477 3165 hitur,
501 3087 549 3153 ita
575 3087 745 3154 contrario
763 3103 934 3152 consenso
955 3083 1148 3162 resolvitur,
1167 3089 1352 3170 antequam
1374 3103 1430 3150 res
1454 3085 1558 3150 luerit

374 3199 501 3260 secuta.
521 3221 537 3270 1»

415 3304 447 3388 b)
460 3303 503 3370 Si
513 3323 565 3368 res
575 3321 643 3370 reon
658 3303 805 3390 amplias
820 3304 953 3388 intepra
967 3310 1026 3368 est.
1044 3301 1111 3367 Sed
1126 3323 1133 3365 :
1150 3302 1185 3366 10
1199 3301 1228 3366 si
1243 3302 1285 3369 ab
1301 3311 1447 3388 utraque
1460 3306 1556 3386 parte

374 3417 568 3478 contractus
591 3412 763 3496 impletur,
784 3416 866 3476 tunc
894 3429 964 3475 nou
987 3411 1087 3475 datur
1110 3410 1286 3488 resolutio,
1307 3411 1369 3475 sed
1392 3429 1479 3494 opus
1504 3413 1557 3474 cst

375 3539 466 3587 nova
478 3519 876 3604 emptione-venditione;
890 3520 922 3583 2⁰
934 3520 1054 3584 sivero
1070 3519 1113 3584 ab
1133 3517 1300 3582 utcontra
1315 3523 1449 3584 tantum
1459 3523 1555 3602 parte

377 3629 538 3712 impletus
557 3629 633 3707 luit,
652 3647 685 3694 v.
706 3647 739 3710 g.
759 3646 781 3694 a
801 3626 980 3691 venditore
1006 3645 1158 3693 mercem
1178 3629 1343 3704 tradente,
1365 3645 1554 3694 consensus

377 3737 738 3821 utriusquesulllccret
747 3735 782 3799 in
791 3735 866 3800 foro
877 3735 1014 3798 interno
1024 3734 1068 3798 ad
1079 3735 1301 3800 auferendam
1312 3735 1555 3817 obligationem

376 3843 584 3920 naturalcm;
601 3843 661 3908 sed
671 3844 813 3926 proloro
824 3846 967 3906 externo
978 3842 1172 3925 requiritur,
1181 3845 1470 3926 praetermutuum
1479 3861 1557 3907 cou-

377 3970 518 4016 sensum
531 3953 566 4016 iu
582 3949 842 4016 dissolutionem
850 3953 1055 4026 contractus,
1065 3954 1104 4014 ut
1115 3968 1170 4014 res
1186 3951 1222 4014 in
1234 3951 1414 4034 antiquum
1428 3954 1555 4014 statum

376 4059 559 4125 reducatur
572 4076 635 4142 per
651 4057 904 4122 restitutionem
922 4057 1047 4123 mercis
1067 4057 1103 4121 iu
1118 4057 1279 4140 praeseuti
1291 4055 1486 4140 hypothesi,
1500 4054 1556 4120 vel

375 4167 486 4252 pretii,
501 4167 529 4231 si
544 4165 695 4232 solutum
708 4164 821 4230 luerit.
836 4164 886 4231 lta
901 4183 1060 4249 expresse
1076 4167 1135 4248 jus
1150 4165 1246 4230 Rom.

416 4277 443 4358 c)
471 4275 522 4340 Ad
548 4273 744 4359 praedictam
773 4272 1034 4339 dissolutionem
1059 4291 1129 4338 nou
1156 4273 1341 4358 requiritur
1367 4289 1555 4338 consensus

376 4401 570 4468 expressus,
583 4382 643 4447 scd
658 4381 784 4446 suflicit
799 4382 939 4459 tacitus3
956 4399 1036 4448 nam
1048 4381 1207 4447 voluutas
1219 4387 1333 4466 potest
1346 4381 1557 4446 manifestari

375 4510 419 4556 ex
432 4493 521 4558 facto
537 4491 707 4556 discessus
721 4507 742 4556 a
756 4491 906 4572 negotio,
923 4508 994 4556 uon
1011 4507 1110 4555 secus
1123 4507 1162 4555 ac
1176 4489 1205 4554 si
1220 4507 1403 4573 expressus
1418 4488 1557 4555 daretur

374 4615 575 4665 consensus.
