3498 5572
556 599 643 645 crena
665 599 791 646 rannus
812 598 1033 646 nncunrsnun.
1325 582 1384 647 409

207 717 439 792 redactorum,
456 735 500 782 ex
518 719 612 782 certo
636 715 735 782 titulo
759 715 859 781 elicui
882 715 1084 799 praestauda.
1102 715 1229 782 Dicitur
1243 718 1275 780 1ο
1292 740 1307 774 «
1328 716 1385 780 de-

208 827 297 892 oima
309 842 387 910 pars
402 850 430 902 »‚
445 825 526 909 quia
546 825 593 890 sic
618 829 717 891 sonat
740 842 883 898 nomen;
900 828 1141 888 verumtamen
1160 843 1231 890 non
1250 842 1386 908 sempor

209 934 341 1000 decima
361 951 439 1018 pars
454 937 571 999 exacto
594 933 801 1009 solvebatur,
820 931 880 998 sed
900 931 1083 1016 aliquando
1105 931 1307 998 duodecima
1326 939 1387 998 aut

192 1043 386 1126 ·vigesima,
405 1047 468 1108 cto.
484 1043 613 1108 Dicitur
625 1044 658 1108 Ψ
674 1069 689 1100 «
705 1043 849 1110 honeste
864 1039 1086 1107 collectorum
1102 1065 1130 1117 u,
1144 1059 1225 1107 nem
1238 1041 1386 1110 Ecclesia

210 1169 279 1218 non
294 1151 369 1216 vult
382 1155 515 1235 partem
526 1151 704 1236 injustitias
715 1151 853 1216 hahere.

249 1259 332 1324 Aliae
354 1264 436 1324 sunt
454 1259 646 1346 spirituales
665 1260 721 1325 vel
741 1257 988 1335 ecclesiastica,
1008 1276 1083 1344 quae
1096 1259 1261 1324 ministris
1278 1259 1400 1326 Eccle-¹

211 1370 269 1433 siae
284 1367 409 1434 dantur
423 1372 586 1453 tauquam
601 1367 769 1452 stipendia
782 1369 825 1432 oh
841 1365 1028 1450 spiritualia
1041 1385 1162 1432 eornm
1181 1367 1386 1445 ministerie3

211 1476 285 1542 aliae
295 1476 465 1560 profana,
481 1495 557 1560 quae
571 1495 592 1541 a
607 1475 754 1542 dominis
767 1476 876 1540 instar
888 1475 1005 1540 tributi
1018 1473 1243 1558 imponuntur
1253 1477 1344 1558 agris
1354 1480 1389 1541 et

211 1585 362 1670 praediis;
378 1585 452 1650 aliae
469 1590 551 1651 sunt
564 1587 692 1666 mista,
708 1604 784 1670 ques
805 1586 964 1650 dicuntur
977 1585 1082 1650 eliam
1101 1584 1307 1669 temporales
1327 1603 1389 1650 seu

210 1692 357 1770 laicales,
374 1711 450 1778 quae
465 1693 623 1777 primitus
641 1699 739 1759 erant
753 1693 999 1769 ecclesiastica,
1015 1692 1076 1758 sad
1090 1691 1291 1757 auctoritate
1306 1691 1389 1774 legi-

212 1801 295 1866 tima
308 1801 448 1866 fuerunt
460 1819 481 1866 a
494 1800 594 1866 titulo
615 1800 780 1884 spirituali
803 1803 968 1885 separatas
984 1805 1019 1864 et
1033 1799 1204 1865 attnhutae
1218 1799 1312 1865 laicis
1327 1819 1390 1883 per

213 1907 432 1974 donationem
443 1907 499 1974 vel
512 1908 548 1974 in
562 1907 715 1974 feudum.

250 2014 491 2080 Ecclesiasticus
506 2035 568 2081 seu
583 2015 776 2100 spirituales
793 2020 884 2091 sunt,
898 2015 972 2080 aliae
991 2016 1099 2080 reales
1123 2033 1185 2080 seu
1194 2015 1387 2100 praeiens,

211 2143 287 2209 quae
309 2144 352 2190 ex
374 2125 510 2208 praediis
530 2125 740 2208 proveniunt
754 2143 815 2189 seu
833 2143 876 2188 ex
890 2124 1056 2190 fructibus
1080 2141 1243 2206 agrorum
1265 2125 1390 2190 deben-

212 2239 284 2312 tur;
301 2233 375 2298 aliea
396 2235 607 2320 personales,
624 2253 700 2320 quae
727 2234 851 2299 dantur
875 2253 918 2300 cx
942 2251 1046 2317 opera
1069 2238 1104 2299 et
1126 2233 1293 2298 industria
1315 2251 1390 2317 pcr-

212 2361 318 2420 sonae,
350 2347 384 2407 et
412 2343 486 2408 aliae
514 2343 641 2419 maala,
669 2361 744 2428 qun
771 2342 896 2426 partim
920 2360 941 2406 a
968 2359 1017 2418 re,
1043 2342 1168 2426 partim
1196 2361 1217 2408 a
1243 2359 1391 2426 persona

210 2451 393 2526 habentur,
410 2469 442 2514 v.
459 2467 493 2532 g.
508 2450 639 2514 fructus
652 2449 863 2526 animalium,
878 2454 918 2514 ut
929 2449 992 2526 lac,
1009 2449 1099 2528 lana,
1116 2455 1207 2516 eto...

254 2559 284 2640 l)
300 2559 471 2640 Queritar
494 2578 560 2644 qao
579 2560 660 2642 jure
681 2559 867 2625 debeantur
889 2559 1209 2625 decimalllecimae
1232 2561 1391 2626 materia-

211 2667 290 2732 liter
305 2671 477 2752 spectatae,
494 2671 529 2731 et
543 2671 713 2752 qnatenus
728 2671 913 2731 sumuntur
932 2685 994 2752 pro
1009 2668 1202 2733 necessaria
1223 2672 1391 2734 sustenta-

210 2775 304 2840 tione
321 2791 497 2840 sacrorum
509 2774 757 2850 ministrorum,
775 2775 944 2840 debentur
954 2778 1032 2859 jure
1046 2775 1192 2840 naturali
1206 2779 1241 2840 et
1256 2776 1388 2852 divino;

101 2943 104 2952 .
211 2887 246 2948 at
266 2882 455 2948 formaliter
469 2887 640 2966 spectata,
657 2901 717 2948 seu
740 2901 803 2967 pro
828 2882 887 2948 tali
907 2887 1003 2967 parte
1018 2884 1203 2960 fructuum,
1222 2883 1392 2950 debentur

211 2989 285 3056 solo
306 2993 384 3074 jura
409 2990 636 3057 ecclesiastico
654 2991 725 3058 :ita
746 2993 940 3058 communis
968 2992 1148 3056 sententia.
1165 2992 1263 3058 Ratio
1289 2992 1391 3076 primi

212 3102 275 3176 est,
293 3099 374 3184 quia
388 3102 448 3184 jus
461 3100 616 3166 naturaie
632 3101 736 3166 diotm
756 3100 897 3166 alendos
923 3119 998 3166 esse
1018 3101 1194 3174 ministros
1214 3101 1389 3176 Ecclesiae3

212 3206 273 3272 sed
296 3206 435 3273 decimae
450 3207 671 3273 materialiter
685 3211 846 3294 spectata
861 3209 1049 3292 important
1070 3209 1300 3274 neeessariam
1317 3227 1389 3274 sus·
1408 3229 1463 3326 s

212 3316 438 3382 tentationem
466 3317 703 3383 ministrorum
732 3317 898 3383 Eoolesiae.
924 3317 1022 3383 Ratio
1050 3318 1191 3382 secundi
1219 3322 1286 3394 est,
1313 3317 1392 3402 quia

212 3423 247 3486 in
261 3421 339 3505 lege
354 3442 444 3490 nova
462 3424 595 3490 nullum
608 3425 776 3510 reperitur
790 3429 999 3509 praeceptum
1020 3425 1176 3490 divinum
1191 3425 1233 3490 de
1248 3425 1389 3490 decimis

211 3531 267 3596 vel
296 3536 400 3618 quota
427 3537 523 3616 parte
548 3534 738 3610 fructuum3
762 3538 971 3619 praeoeptum
996 3535 1123 3598 veteris
1149 3534 1252 3616 legis,
1271 3539 1371 3618 utpot

209 3639 380 3735 judiciale,
395 3643 468 3724 jam
484 3643 679 3725 exspiranit,
697 3647 732 3706 el
743 3642 821 3708 ideo
837 3643 1076 3708 determinatio
1092 3645 1205 3727 quotae
1220 3643 1326 3726 partis
1340 3649 1392 3708 est

208 3749 297 3832 juris
320 3749 548 3816 ecclesiastici.
566 3751 642 3816 llaec
667 3750 849 3827 distinctio,
868 3751 981 3834 quoad
1002 3751 1152 3816 decimas
1171 3751 1394 3816 materialiter

213 3861 247 3920 et
266 3856 456 3922 formaliter
478 3861 657 3940 spectatas,
674 3861 826 3922 asancto
848 3857 977 3922 Thema
1000 3858 1141 3923 inventa
1162 3861 1224 3934 est,
1247 3857 1393 3942 ideoque

212 3981 320 4029 nona
343 3965 589 4031 recentioribus
612 3965 814 4044 canonialis,
838 3971 877 4030 ut
901 3969 998 4049 putat
1027 3955 1265 4041 Reiffenstuel,
1289 3966 1393 4031 intro-

213 4076 314 4143 ducta
337 4083 399 4144 est.
416 4078 560 4144 Proinde
581 4079 721 4145 deeimae
744 4084 825 4144 sunt
849 4079 891 4144 de
911 4083 1082 4163 praecepto
1102 4079 1341 4156 ecclesiastico,
1359 4083 1394 4142 et

197 4186 376 4276 'instituta
396 4186 537 4252 luerunt
551 4193 631 4272 post
652 4193 807 4270 tempora
826 4187 1023 4270 apostolica,
1042 4187 1178 4272 quando
1200 4187 1391 4252 imminuta

213 4297 294 4356 sunt
308 4293 509 4360 voluntan'ae
525 4295 726 4361 oblationes.

254 4401 280 4483 e)
300 4401 470 4482 Quaeritur
484 4404 627 4488 quinam
642 4403 832 4489 odlipentar
847 4403 1122 4488 adpraestandas
1136 4403 1283 4467 decimas
1303 4409 1336 4465 et
1350 4421 1391 4464 er

215 4509 334 4591 quidus
361 4509 476 4574 lonis?
501 4509 601 4594 Resp.
617 4511 648 4575 1⁰
664 4511 790 4577 Omnes
815 4515 850 4575 et
873 4509 937 4576 soli
964 4509 1083 4576 lideles
1111 4510 1169 4595 qui
1195 4527 1216 4574 a
1242 4509 1390 4593 parocho

215 4621 427 4682 sacramenta
441 4617 640 4701 percipiunt.
657 4617 751 4684 Unde
773 4617 877 4684 etiam
897 4617 1010 4683 clerici
1032 4617 1212 4701 simplices,
1229 4634 1299 4682 non
1320 4615 1391 4700 qui-

216 4721 295 4786 dem
310 4741 352 4788 ex
364 4724 463 4789 bonis
479 4723 576 4790 titulo
592 4725 756 4808 spirituali
775 4725 960 4809 acquisitis,
976 4745 1009 4789 v.
1024 4743 1058 4808 g.
1075 4724 1207 4790 ratione
1222 4723 1388 4798 beneficii,
