3504 5566
649 601 739 646 vrnm
761 600 949 647 nocuuaurn.
1329 583 1383 646 llil

210 723 304 778 torem
314 717 394 777 infra
402 719 533 792 aliquem
543 722 760 791 competentem
769 719 931 778 terminum
947 719 1164 793 praehgendum
1181 717 1385 776 absolvendus

211 809 388 878 remittatur,
403 808 472 866 licet
482 809 571 867 etiam
579 807 721 881 judexcd
733 823 821 883 quem
835 809 975 867 hoccasu
991 808 1122 881 idipsum
1132 823 1185 881 per
1200 821 1233 866 sc
1243 811 1386 880 prestare

207 899 390 972 jurcpossit.
402 902 511 958 Verum
526 899 625 972 quoad
641 899 848 958 absolutiones
860 913 929 958 cum
945 897 1152 968 reincidentia,
1168 911 1236 970 ouae
1249 896 1385 970 pertibus

210 990 333 1047 concedi
353 989 452 1048 solent
465 1005 483 1048 a
494 989 648 1063 judicibus
674 990 711 1048 ad
736 1005 814 1063 quos
833 989 1009 1062 appellatur,
1025 989 1062 1046 ad
1078 987 1217 1056 ellectum
1231 985 1386 1056 audiendi,

211 1093 279 1136 cum
298 1079 441 1137 inoluerit
456 1093 543 1148 usus,
565 1081 671 1138 tamin
687 1079 875 1138 thibunalill.
893 1081 924 1138 C.
938 1092 1029 1152 quam
1046 1077 1147 1137 forsan
1172 1076 1261 1134 etiam
1278 1076 1308 1132 in
1324 1089 1386 1132 me-

210 1168 409 1242 tropolitanis,
424 1169 553 1242 aliisquo
575 1169 779 1228 tribunalibus
802 1169 1049 1242 appellationum,
1066 1167 1147 1241 quod
1162 1167 1387 1229 committantur

209 1259 414 1319 absolutiones
431 1260 610 1334 cuicumque
629 1261 827 1332 confessario,
845 1261 886 1319 ita
908 1265 942 1319 ut
961 1261 1014 1330 rei,
1035 1259 1150 1332 absque
1168 1257 1230 1317 ulla
1248 1272 1386 1316 reveren-

210 1349 251 1406 tia
263 1349 376 1424 proprii
391 1351 545 1422 ordinarii,
562 1367 616 1424 pro
629 1351 778 1411 absolutis
794 1368 827 1411 se
849 1352 968 1426 publice
988 1351 1129 1421 habeant,
1151 1349 1308 1408 'Sanctitas
1327 1351 1387 1407 Sua

210 1440 315 1498 statuit
332 1445 367 1498 ul
389 1440 420 1499 in
435 1442 571 1502 futurum
590 1442 764 1516 huiusmodi
786 1443 992 1502 absolutiones
1015 1455 1085 1502 cum
1109 1439 1306 1500 reincidentia
1326 1444 1386 1496 tam
1421 1457 1423 1468 ,

210 1532 239 1588 in
260 1531 404 1590 tribunali
427 1535 461 1590 Α.
485 1536 516 1592 h.
540 1547 631 1606 quam
656 1534 687 1592 in
707 1533 801 1592 curiis
818 1531 1070 1606 metropolitanis,
1099 1531 1287 1604 aliorumque
1306 1529 1386 1603 judi·
1457 1525 1461 1534 '

209 1637 276 1680 cum
288 1623 535 1696 appellationum,
544 1625 772 1683 committantur
785 1624 864 1697 ipsis
877 1623 1039 1682 ordinariis
1054 1622 1387 1682 excommunicantibus

209 1727 278 1770 cunr
292 1711 431 1770 clausula
448 1719 483 1772 ut
504 1713 584 1772 infra
602 1721 662 1774 tres
677 1715 743 1772 dies
760 1713 919 1773 absolvant
938 1715 1125 1782 censuratoS,
1138 1712 1225 1786 juxta
1247 1711 1387 1769 commis-

209 1800 336 1872 sionem,
351 1801 463 1875 quibus
478 1801 601 1875 elapsis,
615 1803 642 1860 si
656 1802 824 1876 requisitus
843 1801 1015 1860 ordinarius
1034 1800 1189 1860 absolvere
1204 1800 1390 1858 recusaverit

208 1891 255 1950 vel
275 1891 449 1966 neglexerit,
461 1892 656 1952 absolvantur
672 1909 691 1952 a
706 1891 892 1952 confessario
904 1893 992 1965 juxta
1008 1889 1234 1950 commissionis
1249 1889 1387 1958 formam,

208 1995 276 2054 quae
301 1980 332 2038 in
358 1981 499 2052 presenti
528 1989 664 2041 servatur
684 1982 716 2040 in
740 1981 830 2040 dictis
858 1979 1127 2040 commissionibus
1148 1977 1388 2038 absolutionum.

208 2067 311 2139 Quoad
332 2083 402 2128 vero
420 2077 596 2130 censuretos
619 2071 651 2130 in
666 2071 742 2130 Urbe
764 2073 999 2140 commorantes,
1022 2067 1166 2128 committi
1179 2065 1285 2126 debeat
1303 2066 1389 2124 abso

206 2159 283 2216 lulio
297 2159 442 2218 cardinali
466 2159 553 2218 Urbis
568 2159 691 2231 vicario,
707 2175 762 2218 seu
777 2159 845 2234 eius
858 2159 940 2221 vices
956 2158 1127 2234 garantiae
1142 2155 1387 2230 prefatasorvart

207 2247 296 2306 etiam
306 2244 1387 2324 mandevitinabsolutiouibus,quaeconcedunturpercongregationes
1454 2305 1459 2315 ,

209 2342 298 2410 prout
307 2338 371 2412 jam
386 2339 528 2414 religiose
543 2339 575 2398 in
590 2341 667 2414 ipsis
683 2345 834 2400 serratum
850 2339 916 2399 fuit.
930 2338 1156 2410 Declaravitquc
1169 2351 1278 2396 rursus
1297 2338 1387 2394 Sanc·

208 2426 279 2484 titas
299 2429 360 2486 Sua
387 2428 467 2502 quod
482 2429 659 2503 huiusmodi
685 2429 919 2489 commissiones
942 2428 979 2488 de
1005 2425 1189 2486 absolvendo
1211 2425 1387 2498 presentari
1419 2433 1423 2440 ·

208 2515 336 2575 debeant
353 2517 531 2578 cancellario
545 2519 777 2591 ordinariorum,
789 2535 878 2594 aqua
887 2517 1120 2593 presentatione
1130 2530 1250 2576 currere
1260 2514 1389 2574 debeant

209 2611 270 2664 tres
285 2607 362 2677 dies,
377 2611 447 2681 post
464 2624 593 2683 quorum
610 2608 741 2684 lapsum,
762 2614 791 2668 et
805 2625 866 2668 non
891 2609 961 2668 dara
979 2607 1181 2676 absolutione,
1206 2605 1328 2679 possint
1350 2604 1387 2663 ab

209 2695 277 2754 aliis
293 2695 418 2768 absolvi,
434 2703 570 2772 utsupra
579 2699 611 2758 in
626 2699 851 2760 commissione.

245 2788 347 2857 Quoad
372 2789 499 2862 iusuper
524 2793 700 2848 censuratos
724 2790 847 2850 mandat
870 2789 1018 2848 Sanctitas
1041 2791 1102 2846 Sua
1122 2787 1215 2860 quod,
1238 2789 1389 2858 reportata

209 2877 396 2938 absolutione
416 2893 435 2937 a
455 2878 593 2938 censuris
614 2894 683 2937 cum
703 2879 912 2949 reincideutia,
927 2878 1101 2948 ceduloneS,
1130 2879 1281 2950 quatenus
1304 2873 1386 2934 affixi

209 2967 330 3040 fuerint,
345 2967 477 3028 amoveri
492 2983 553 3026 non
567 2967 706 3039 debeant,
722 2967 775 3028 sed
791 2967 999 3027 tantummodo
1014 2969 1164 3042 tegantur,
1176 2965 1285 3024 ettecti
1295 2973 1388 3024 roma·

209 3063 308 3128 neant,
322 3059 449 3118 durante
459 3057 587 3116 termino
602 3057 732 3116 obtentae
745 3057 957 3118 absolutionis.

244 3151 349 3206 iillllv.
366 3147 409 3206 ab
423 3148 479 3206 hac
492 3147 623 3222 generali
637 3147 744 3222 regula
756 3148 902 3221 negandae
912 3145 1121 3220 appellationis
1132 3145 1269 3204 Pontifex
1277 3145 1387 3218 excipit

208 3239 404 3312 particulares
420 3253 522 3309 casus,
538 3238 591 3311 qui
603 3251 655 3310 per
668 3235 760 3307 frid,
775 3242 875 3296 const.
890 3241 998 3310 apost,
1018 3241 1071 3296 aut
1085 3235 1387 3295 communemdocto·

209 3343 274 3389 rum
289 3327 471 3388 sententiam
485 3327 516 3386 iu
530 3327 712 3400 suspensivo
727 3325 844 3384 admitti
859 3331 976 3400 potest;
989 3326 1069 3385 serio
1084 3329 1184 3384 tamen
1198 3326 1386 3399 expendendi

209 3422 337 3495 ajudice
352 3418 500 3494 superiori
522 3433 560 3476 an
582 3419 643 3477 sint
656 3417 692 3475 dc
707 3418 854 3491 exceptis
871 3423 900 3476 et
915 3421 988 3478 tunc
1003 3418 1089 3476 aliter
1108 3433 1168 3476 non
1184 3417 1386 3488 concedenda,

211 3511 267 3570 nisi
282 3511 398 3586 adjecta
422 3508 478 3567 hac
493 3508 652 3568 clausula:
678 3527 692 3562 c
711 3512 771 3566 llos
797 3509 889 3578 enim,
907 3508 1029 3566 attentis
1053 3507 1185 3582 iuribus,
1204 3513 1233 3567 et
1256 3509 1387 3581 supplici

210 3601 309 3660 libello
330 3599 419 3658 nobis
434 3600 632 3672 praesentatis,
652 3605 742 3674 atque
771 3599 802 3656 in
830 3599 906 3658 actis
935 3599 1090 3670 exhibitis,
1115 3601 1196 3660 sicut
1214 3601 1385 3675 praefertur,

210 3691 405 3750 inhibendum
416 3705 485 3748 csse
500 3689 623 3762 speciali
633 3687 781 3761 rescripto
792 3688 1039 3758 mandavimus»
1055 3688 1385 3762 subpcenauullitatis;

212 3781 336 3839 notariis
360 3793 431 3836 vero
456 3779 586 3837 infamiae
607 3783 637 3836 ct
652 3783 801 3851 perpetuae
817 3777 1015 3836 inhabilitatis
1029 3779 1067 3836 ad
1081 3779 1216 3837 officium
1232 3781 1340 3838 notarii
1355 3781 1386 3838 in
1408 3805 1410 3812 ·

209 3871 311 3930 causis
328 3867 544 3928 ecclesiasticis
554 3868 754 3926 exercendum
768 3867 837 3940 ipso
849 3868 928 3926 facto
940 3868 1132 3938 incurrenda,
1148 3870 1175 3928 si
1187 3885 1388 3944 praesumpse-

209 3959 270 4019 rint
282 3959 440 4018 citationes
456 3973 524 4016 cum
539 3957 718 4016 inhibitione
738 3958 879 4032 expedire
902 3957 968 4017 sine
994 3958 1045 4016 tali
1070 3959 1194 4032 speciali
1215 3959 1385 4032 rescripto:

209 4051 275 4123 ejus
290 4045 498 4122 productione,
513 4053 543 4106 et
556 4047 721 4107 insertione
736 4048 886 4120 praedictae
900 4047 1045 4107 clausula
1058 4049 1088 4106 in
1103 4049 1192 4120 actis;
1208 4055 1238 4107 et
1250 4049 1386 4124 insuper,

209 4139 307 4214 quoad
324 4137 459 4196 notarios
475 4137 574 4210 urbis,
598 4137 820 4212 quinquaginta
845 4138 1022 4196 ducatorum
1040 4137 1157 4196 auride
1173 4140 1388 4210 camera,l1uic

211 4245 263 4304 pro
276 4243 339 4287 una
350 4227 518 4299 medietate,
534 4233 564 4286 et
575 4243 630 4300 pro
642 4227 735 4286 altera
751 4227 826 4300 parti
847 4228 1023 4299 recurrenti,
1048 4227 1095 4286 sin
1121 4228 1223 4287 minus
1237 4229 1312 4290 locis
1328 4230 1387 4303 piis

210 4319 334 4378 arbitrio
348 4317 501 4377 Poutiilcis
515 4317 773 4392 applicandorum.

247 4411 365 4468 xxxiii.
376 4411 448 4468 item
459 4407 651 4482 excipiuntur
661 4407 822 4466 monitoria
830 4407 862 4468 in
874 4407 977 4468 causis
986 4406 1184 4482 privilegiatis
1195 4421 1296 4467 coram
1306 4407 1389 4466 audi-

213 4507 275 4558 tore
286 4501 415 4558 Gamerae
430 4502 540 4570 apost,
549 4498 676 4572 eiusque
684 4498 784 4557 locum
799 4497 982 4568 tenentibus,
994 4498 1082 4556 etiam
1096 4496 1233 4572 inprima
1244 4497 1390 4557 instantia

214 4587 386 4656 tractandis,
399 4587 486 4660 juxta
499 4587 708 4661 prescriptum
723 4593 820 4648 const.
832 4587 916 4648 Pauli
933 4591 957 4647 V
970 4587 1118 4659 univoci,
1132 4593 1162 4648 et
1173 4587 1280 4648 citatas
1295 4588 1389 4648 decla·

214 4679 345 4736 rationes
365 4677 474 4736 Bened.
498 4680 569 4736 lllll.
585 4681 657 4748 Quae
678 4677 704 4736 si
726 4677 923 4752 expedientur
947 4677 1025 4737 ultra
1039 4681 1169 4748 montes,
1184 4677 1284 4736 offerri
1302 4677 1389 4752 prius

214 4767 301 4827 debet
315 4768 442 4841 supplex
461 4767 581 4827 libellus
610 4767 780 4827 universam
808 4767 877 4828 facti
904 4768 1035 4844 speciem
1063 4768 1141 4827 clare
1167 4767 1336 4838 continens,
1361 4771 1390 4823 ct
