3488 5564
359 565 399 630 id
818 583 870 628 rus
891 583 1072 629 esaoatcuu.

357 703 471 768 annali
494 705 544 768 rei
567 701 752 767 immobilis
775 701 931 766 llrmetur
954 705 1073 766 oonlm
1092 697 1243 782 aliquem
1264 698 1459 764 invasorem
1474 716 1536 762 seu

357 812 624 894 perturbantem,
649 809 737 874 aetio
752 813 894 874 vocatur
915 807 1136 892 conquerens,
1159 807 1383 890 complaiate,'·
1408 807 1437 870 si
1452 825 1535 872 vero

358 921 433 1004 quis
448 922 482 985 vi
497 920 661 1005 spoliatus
676 938 713 983 re
735 938 797 984 sua
817 917 984 984 immobili
1007 923 1102 1002 petat
1121 905 1374 982 restitutionem
1391 917 1535 1000 hujusne

356 1029 416 1104 rei,
432 1029 602 1094 haeaetio
616 1028 738 1092 dieitur
750 1027 1006 1108 redintegratio,
1022 1024 1261 1111 reintdprande
1277 1026 1335 1107 (l);
1350 1023 1491 1090 tandem
1506 1025 1535 1088 si

356 1137 432 1220 quis
456 1156 493 1201 se
514 1141 664 1220 opponat
684 1141 883 1202 construere
908 1135 1031 1200 nitenti
1051 1134 1195 1199 domum
1217 1133 1274 1198 vel
1287 1133 1379 1198 aliud
1400 1150 1486 1217 opus
1500 1132 1536 1230 ip

355 1246 492 1327 proprio
506 1245 644 1330 quidem
659 1245 782 1322 tundo,
797 1245 858 1308 sed
872 1242 963 1308 unda
984 1243 1087 1308 vieini
1106 1243 1177 1325 pati
1199 1247 1352 1327 possent,
1370 1241 1458 1306 aetio
1475 1241 1537 1304 hu-

350 1354 503 1434 jusmodi
517 1354 649 1432 dieitur,
670 1355 773 1420 etiam
786 1353 920 1428 Gallice,
943 1353 1155 1418 denuntiatio
1170 1351 1252 1420 novi
1267 1350 1390 1437 operis,
1412 1350 1536 1416 denon-

353 1463 478 1527 station
501 1461 544 1528 de
561 1463 688 1528 oouuet
700 1482 824 1528 seuere.

521 1655 540 1704 1.
559 1651 609 1705 cul
623 1653 653 1706 et
665 1653 766 1706 eontra
778 1663 866 1718 quem
880 1652 1024 1716 competat
1037 1650 1223 1705 interdictum
1236 1648 1309 1704 ande
1322 1649 1369 1702 ut?

393 1790 427 1870 o)
445 1787 511 1853 Cui
530 1795 698 1874 competat
716 1788 777 1852 doc
792 1787 1035 1872 interdictum?
1048 1786 1270 1852 Interdictum
1284 1785 1375 1850 uode
1389 1787 1426 1849 vi
1445 1804 1535 1853 eom-

351 1898 437 1980 petit
460 1899 554 1962 omni
577 1903 613 1962 et
637 1899 701 1963 soli
725 1897 919 1982 possessori
934 1897 992 1982 qui
1008 1898 1042 1960 vi
1057 1897 1223 1982 spoliatus
1237 1897 1302 1962 fuit
1315 1897 1533 1980 possessione

351 2009 401 2071 rei
416 2007 600 2072 immobilis
617 2028 625 2070 :
652 2013 805 2074 attamen
827 2009 1026 2074 extenditur
1040 2009 1145 2074 etism
1159 2007 1202 2072 ed
1216 2007 1320 2090 huius
1331 2006 1486 2072 haeredes
1501 2011 1535 2071 et

350 2123 493 2183 oaeteros
509 2137 734 2184 successores.
758 2119 856 2184 Ratio
872 2123 925 2184 est
949 2119 1029 2204 quia
1041 2119 1107 2184 hoo
1120 2117 1340 2183 interdietum
1354 2136 1397 2182 ex
1411 2116 1534 2184 delicto

352 2226 538 2302 deseendit,
554 2245 622 2311 quo
637 2245 718 2292 essu
732 2228 885 2292 actiones
898 2228 1092 2294 haeredibus
1107 2245 1178 2294 non
1190 2227 1416 2308 denegantur,
1434 2225 1535 2310 siqui-

352 2335 431 2400 dem
445 2337 555 2402 haeres
571 2336 722 2401 suodedit
735 2337 771 2402 in
785 2356 887 2402 omne
898 2339 957 2422 Jus
974 2338 1134 2404 defuneti.

392 2445 468 2521 Sed,
484 2451 523 2510 ut
536 2465 617 2511 vere
627 2450 808 2530 competat,
818 2445 1013 2532 requiritur,
1037 2449 1068 2511 l·
1081 2451 1121 2511 ut
1136 2445 1301 2532 spoliatus
1313 2445 1417 2511 luerit
1430 2463 1533 2510 verus

349 2573 529 2638 possessor
542 2557 591 2620 rei
609 2555 760 2640 spoliatae
773 2561 809 2620 et
821 2575 893 2621 non
906 2557 1020 2622 nudus
1043 2557 1203 2622 detentor
1224 2557 1282 2640 qui
1296 2555 1395 2622 alteri
1415 2560 1451 2620 et
1463 2571 1533 2620 non

353 2663 417 2728 sibi
432 2663 605 2749 possidet:
630 2682 729 2729 seeus
754 2683 824 2730 non
848 2669 940 2730 esset
961 2667 1097 2750 proprie
1120 2665 1297 2750 spoliatus.
1321 2664 1389 2729 Sed
1409 2665 1442 2728 θ’
1462 2682 1532 2728 nou

352 2777 458 2840 relert
479 2794 522 2842 an
544 2775 718 2860 possideat
742 2794 818 2841 rem
844 2777 1045 2843 naturaliter
1060 2776 1116 2841 vel
1138 2765 1293 2852 civiliter,
1306 2779 1399 2859 juste
1414 2773 1532 2838 veliu-

349 2885 466 2966 juste:
489 2903 571 2949 uam
595 2885 692 2969 quies
718 2883 853 2969 publiea
875 2886 982 2968 exigit
1003 2889 1041 2949 ut
1065 2903 1170 2951 nemo
1185 2885 1386 2950 auctoritate
1400 2884 1532 2967 privata

352 2991 457 3057 alium
472 2993 513 3057 de
525 3012 587 3058 sua
598 2995 969 3079 possessionedejioiat.
980 2995 1074 3060 ltein
1087 2994 1415 3078 omnibusjusRom.
1432 2993 1531 3074 etjus

353 3099 527 3168 Gallicum.
543 3105 576 3167 3·
591 3104 788 3188 Requiritur
799 3109 838 3170 ut
852 3106 897 3170 sit
909 3123 991 3170 vere
1008 3104 1188 3188 spoliatus;
1205 3104 1296 3168 unde
1321 3103 1350 3166 si
1372 3103 1530 3168 dominus

351 3229 426 3275 rem
441 3229 538 3276 susm
547 3212 658 3278 adhue
671 3215 845 3298 possideat
854 3233 915 3299 per
926 3215 1049 3290 alium,
1064 3214 1092 3278 si
1107 3212 1273 3297 spoliatus
1286 3212 1531 3296 fueritposses·

352 3320 458 3385 sionis
472 3322 632 3406 ineapsx;
650 3323 678 3387 si
693 3325 768 3408 quis
784 3343 827 3388 ex
841 3329 936 3388 metu
950 3325 1077 3409 injuste
1092 3325 1231 3388 ineusso
1255 3341 1329 3387 rem
1351 3339 1450 3386 suam
1465 3325 1531 3386 tra-

352 3427 484 3505 diderit,
500 3431 553 3494 his
564 3433 724 3497 omnibus
736 3451 806 3498 non
821 3434 986 3518 competit
999 3434 1087 3499 aetio
1097 3433 1188 3498 uode
1202 3434 1247 3497 oi.

391 3537 499 3602 Etiam
525 3540 678 3621 praedoni
693 3542 838 3625 spoliato
851 3543 1009 3608 faeienda
1026 3547 1079 3608 est
1091 3543 1273 3618 restitutio,
1289 3547 1328 3606 ut
1343 3545 1530 3607 oonstatex

351 3661 379 3710 o.
392 3647 412 3710 a
423 3649 485 3712 eto
495 3649 597 3731 huJus
606 3650 705 3728 tituli,
716 3671 796 3717 nam
804 3653 1052 3734 juxtaell'atum
1061 3653 1169 3735 juris:
1183 3677 1198 3710 s
1211 3651 1380 3737 Spoliatus
1393 3655 1529 3716 estante

352 3755 468 3819 omnia
483 3758 727 3836 restituendus,
745 3785 760 3818 a
777 3779 820 3824 ex
831 3763 901 3843 jur.
913 3761 1011 3826 Rom.
1029 3763 1069 3843 (e.
1086 3759 1147 3824 ult.
1167 3761 1208 3825 de
1225 3760 1305 3826 Ord.
1320 3760 1456 3844 coperit.)
1475 3757 1529 3822 de
1555 3813 1557 3816 .

351 3868 520 3946 sumptus,
538 3889 553 3923 u
568 3865 685 3932 Praedo
700 3869 804 3933 etiam
818 3876 871 3934 est
885 3870 1076 3935 seeundum
1087 3869 1237 3950 rigorem
1250 3868 1337 3952 juris
1348 3868 1529 3932 restituen-

352 3970 426 4042 dus,
447 3997 463 4029 u
485 3971 533 4036 ait
560 3973 655 4038 Alex.
673 3973 727 4050 lll,
751 3977 787 4040 in
807 3995 881 4060 eap.
905 3979 926 4042 5
947 3979 982 4042 h.
1010 3983 1033 4040 t.
1057 3976 1231 4042 Praedonis
1255 3977 1351 4041 notio
1373 3976 1443 4040 ssxa
1458 3992 1528 4041 non

351 4084 405 4142 est
417 4080 452 4143 in
464 4081 543 4163 jure
556 4080 727 4158 Roman03
744 4084 803 4148 sed
818 4086 1008 4166 generatim
1031 4086 1179 4149 sumitur
1190 4103 1253 4168 pro
1265 4083 1388 4168 quovis
1400 4084 1527 4170 injusto

351 4205 560 4267 possessore,
579 4191 636 4274 qui
661 4189 787 4255 soilioet
809 4191 882 4256 sine
902 4193 972 4257 ullo
993 4193 1091 4258 titulo
1115 4192 1241 4256 retinet
1260 4191 1524 4276 possessionem.

350 4293 488 4372 Tamen,
502 4301 539 4359 ut
552 4297 704 4380 praedoni
719 4299 873 4364 laeienda
888 4301 932 4364 sit
939 4301 1120 4372 restitutio,
1140 4299 1421 4384 supponiturnon
1431 4306 1528 4365 noto-

352 4401 437 4466 riam
446 4421 521 4468 esse
529 4404 828 4488 depraedstionem.
838 4408 943 4486 Unde,
956 4409 985 4472 si
992 4409 1216 4474 incontinenti
1228 4409 1407 4492 dejiciatur
1412 4407 1526 4491 prado

352 4528 373 4573 a
388 4509 537 4587 domino,
552 4513 714 4596 nempesi
728 4515 879 4598 spolians
894 4516 1075 4582 ostendere
1089 4521 1208 4600 posset
1222 4535 1259 4582 se
1274 4515 1527 4602 possessionem

386 4705 709 4799 mmmmm
