3504 5566
409 539 467 600 itt
863 555 914 600 rus
935 553 1116 601 canonican.

448 672 477 751 d)
491 670 688 753 Reprodotio
713 671 851 734 testium
875 671 906 733 1⁰
921 687 989 734 non
1012 674 1125 752 potest
1144 668 1215 731 lieri
1242 667 1284 732 ab
1300 667 1440 732 eosdem
1454 668 1575 752 produ-

405 785 515 855 cente,
539 779 663 842 nisiex
680 795 770 844 nova
791 796 904 856 causa,
925 797 957 842 v.
980 797 1013 860 g.
1034 777 1206 844 affinitatis
1225 776 1266 842 de
1284 795 1375 842 novo
1394 782 1574 842 contracta

405 904 483 951 cum
497 887 603 952 altera
623 892 740 968 parte:
761 888 819 970 qui
841 887 1001 970 produxit
1022 891 1156 962 testem,
1180 890 1339 950 censetur
1363 884 1573 950 habilitatem

405 998 480 1078 ejus
494 995 691 1078 approbare.
720 994 784 1060 Sed
810 996 838 1059 si
862 995 1058 1060 testimonia
1080 993 1302 1058 essentiales
1322 992 1375 1058 vel
1404 993 1576 1058 contraria

405 1104 479 1178 sibi,
495 1103 667 1185 reprobari
681 1110 825 1186 possunt
839 1105 881 1170 ab
898 1123 939 1170 eo
956 1103 1012 1186 qui
1029 1109 1131 1168 testes
1142 1101 1311 1186 produxit,
1327 1102 1406 1186 quia
1419 1102 1483 1166 hoc
1493 1120 1574 1184 prae-

405 1210 519 1275 videre
535 1227 605 1274 non
618 1210 737 1293 potuit.

445 1321 476 1384 2⁰
500 1318 615 1384 Testes
632 1321 829 1406 probatorii,
858 1323 915 1406 qui
939 1323 1146 1388 inducuntur
1169 1319 1445 1404 adprobandum
1471 1337 1574 1400 nego-

406 1430 490 1493 tium
500 1430 694 1514 principale,
709 1433 881 1515 reprobari
891 1439 1035 1516 possunt
1045 1451 1105 1516 per
1115 1437 1219 1496 testes
1230 1431 1484 1514 reprobutcrr‘os,
1497 1449 1574 1494 cum

405 1538 476 1606 baec
490 1541 681 1623 reprobatio
696 1543 865 1624 pertineat
877 1543 919 1609 ad
931 1546 1060 1626 justam
1075 1542 1309 1608 defensionem
1324 1542 1362 1624 (c.
1378 1542 1418 1606 49
1432 1541 1465 1604 h.
1485 1541 1532 1622 t).

444 1651 479 1714 3⁰
488 1650 612 1716 Forma
621 1653 868 1735 reprobationis
880 1654 916 1718 in
931 1653 1063 1720 duobus
1077 1655 1294 1739 potissimum
1310 1653 1475 1729 consistit,
1490 1651 1574 1716 seili-

404 1757 501 1822 cetin
512 1757 749 1840 designatione
765 1762 903 1826 testium
914 1761 1059 1826 simulet
1070 1779 1181 1827 oausae
1195 1762 1358 1844 specificae
1374 1759 1573 1826 corumdem

403 1863 631 1940 inhabilitatis,
650 1871 684 1930 et
703 1868 738 1931 in
751 1870 947 1950 juramento
964 1869 1101 1935 melitiae
1120 1871 1212 1954 quod
1232 1869 1274 1934 ad
1297 1869 1398 1934 istam
1418 1868 1573 1952 reproba-

348 2053 350 2058 ·
404 1973 532 2038 tionem
547 1973 713 2038 malitiose
733 1993 802 2040 non
821 1977 1033 2059 procedatur,
1053 1978 1173 2043 saltem
1189 1978 1217 2042 si
1232 1979 1344 2058 agitur
1359 1977 1400 2041 de
1416 1973 1573 2058 reproba·

404 2080 495 2144 tione
504 2081 642 2144 testium
653 2083 963 2164 reprobatoriorum
974 2085 1012 2166 (o.
1024 2086 1045 2148 i
1058 2085 1090 2148 h.
1106 2085 1154 2167 t).
1167 2085 1263 2150 Ratio
1274 2087 1572 2167 curjuramentum

403 2188 594 2270 requiratur
607 2188 642 2251 in
655 2189 892 2271 reprobatione
906 2191 1053 2267 illorum,
1069 2210 1139 2256 non
1157 2197 1273 2257 autem
1295 2191 1377 2256 dum
1390 2187 1572 2273 probatorii

402 2295 636 2377 reprobantur,
665 2301 717 2362 est
740 2297 819 2380 quia
839 2297 874 2361 in
895 2297 952 2364 illa
969 2301 1207 2382 reprobatione
1226 2302 1337 2382 maj0r
1357 2297 1574 2381 presumitur

402 2401 540 2466 malitia.

443 2509 470 2590 c)
486 2509 603 2586 Quoad
617 2517 747 2594 tempas
773 2532 840 2596 quo
865 2513 1086 2580 discutiendae
1106 2519 1187 2579 sunt
1213 2514 1430 2597 exceptiones
1455 2518 1572 2579 contra

404 2620 518 2692 testes,
535 2617 607 2681 baec
622 2623 702 2682 sunt
714 2620 865 2685 notanda
884 2641 891 2683 :

443 2724 474 2786 l⁰
489 2723 565 2788 Istae
581 2725 797 2808 exceptiones
812 2727 1004 2811 rejiciendae
1027 2728 1163 2794 suntad
1177 2729 1281 2793 tinem
1296 2727 1374 2805 litis,
1396 2747 1476 2794 nam
1489 2728 1570 2793 alias

401 2829 566 2895 inutiliter
579 2833 857 2914 protraherentur
867 2835 1010 2918 judicia:
1026 2835 1208 2918 aliquando
1221 2836 1328 2919 judex
1343 2835 1571 2920 depositiones

401 2936 444 3002 ad
468 2940 672 3005 sententiam
700 2941 875 3006 ferendam
899 2943 1106 3007 sufficientes
1136 2942 1248 3019 habet,
1280 2945 1353 3008 sine
1376 2945 1571 3008 testimonio

402 3065 521 3112 eorum
533 3054 651 3113 contra
665 3068 751 3133 quos
770 3051 944 3133 excipitur.
959 3051 1116 3116 Attamen
1134 3052 1337 3135 quandoque
1349 3052 1502 3136 exceptio
1516 3053 1572 3117 ob-

398 3155 455 3236 jici
465 3159 577 3236 potest
585 3156 627 3220 ad
637 3156 890 3240 impediendam
901 3159 1131 3241 receptionem
1144 3159 1250 3234 testis,
1268 3165 1306 3223 ut
1319 3179 1352 3222 v.
1367 3177 1400 3240 g.
1418 3159 1571 3242 exceptio

401 3263 683 3327 excommunicati
698 3265 737 3345 (c.
753 3264 773 3328 2
787 3263 991 3348 chccept,
1013 3265 1048 3328 in
1072 3266 1115 3345 θ’)
1128 3265 1185 3331 vel
1207 3265 1370 3343 criminis,
1397 3271 1473 3342 etc.;
1492 3272 1570 3329 tunc

401 3369 516 3432 statim
530 3371 767 3452 cognoscenda
783 3377 844 3436 est.

439 3473 471 3536 2⁰
481 3471 703 3556 Exceptiones
713 3479 831 3538 contra
841 3491 986 3538 examen
1000 3473 1129 3539 etdicta
1142 3475 1280 3538 testium
1292 3477 1436 3558 proponi
1447 3476 1571 3540 debent

401 3585 480 3664 post
498 3579 761 3663 publicationem
779 3581 1036 3646 attestationum
1060 3601 1067 3644 :
1092 3581 1178 3647 ratio
1198 3587 1260 3657 est,
1286 3583 1364 3666 quia
1381 3582 1454 3648 istae
1471 3587 1572 3648 antea

327 3711 328 3716 ¹
402 3705 473 3752 non
485 3687 712 3763 innotescunt,
730 3694 764 3752 et
777 3687 854 3753 ideo
869 3706 939 3754 non
950 3688 1049 3752 datur
1060 3686 1154 3752 locus
1167 3689 1265 3754 aliem
1280 3690 1480 3772 exceptioni.

833 4053 1018 4130 TITULUS
1044 4055 1139 4128 XXI.

640 4227 682 4272 nu
709 4227 880 4272 resuraus
905 4227 1077 4272 coasnnrs
1102 4227 1169 4270 vna
1192 4227 1257 4272 uon
1278 4210 1331 4290 (l).

442 4519 499 4586 llic
513 4521 629 4584 titulus
640 4524 850 4606 superiorem
864 4523 1012 4605 complet
1029 4543 1035 4584 :
1054 4521 1236 4606 aliquando
1252 4521 1343 4586 enim
1358 4527 1463 4588 testes
1478 4524 1567 4600 odio,

434 4677 467 4742 (t)
486 4675 522 4725 be
533 4675 583 4725 bac
597 4671 707 4726 materia
718 4675 763 4740 J‘ua
777 4677 854 4727 civile
867 4677 923 4740 agit
936 4677 964 4728 iu
978 4675 1043 4727 locis
1057 4675 1097 4728 tit.
1112 4677 1245 4741 superiore
1260 4677 1356 4728 citatis.
