3510 5574
383 557 443 622 234
842 581 893 628 666
913 580 1092 626 canonicus.

382 697 572 778 specialem.
590 697 762 764 Generalis
779 703 920 766 vocatur
938 717 1000 782 per
1020 717 1123 783 quam
1142 717 1212 764 666
1231 702 1452 764 reservantur
1469 703 1561 764 certa

383 796 559 880 ben'eltcia,
577 797 640 872 666
660 825 722 890 pro
742 807 844 872 certis
865 809 1031 890 persenis,
1048 807 1108 872 sed
1134 807 1298 874 beneficia
1320 806 1356 870 in
1375 809 1559 898 communi,

385 911 480 976 velut
504 915 620 980 omnia
646 915 811 981 beneficia
835 936 911 1002 qua
935 921 1016 982 sunt
1039 917 1141 982 unius
1162 917 1317 990 rationis,
1336 935 1368 980 v.
1385 935 1419 996 g.
1441 935 1561 982 omues

384 1020 567 1102 dignitates
591 1027 752 1108 majores,
770 1044 890 1091 omnes
906 1027 1056 1092 66616616,
1069 1025 1291 1091 cathedrales.
1308 1023 1468 1108 Specialis
1482 1025 1564 1088 dici·
1656 1003 1661 1016 ’

383 1135 440 1196 166
459 1152 526 1216 qua
545 1140 766 1200 reservantur
782 1141 876 1201 certa
895 1136 1061 1202 beneficia
1080 1133 1135 1200 vel
1154 1135 1190 1198 in
1211 1139 1304 1198 certo
1328 1133 1418 1208 1666,
1435 1133 1491 1200 661
1510 1153 1562 1197 ra-

384 1241 477 1307 tione
497 1247 598 1308 certae
621 1245 802 1330 qualitatis,
828 1266 861 1310 v.
887 1267 920 1328 g.
945 1247 1141 1320 decanatus,
1165 1244 1222 1310 vel
1242 1245 1374 1310 ratione
1393 1261 1559 1328 persenia,

384 1350 511 1416 scilicet
531 1370 594 1436 pro
613 1353 672 1418 6611
692 1353 831 1432 clerico,
848 1355 899 1418 uti
923 1356 951 1419 si
975 1354 1065 1438 Papa
1084 1355 1205 1437 jubeat
1225 1353 1463 1418 canonicatum
1486 1349 1562 1416 talis

333 1441 337 1450 ⁴
384 1459 534 1526 ecelesia
553 1461 756 1526 cathedralis
775 1463 922 1528 conferri
943 1462 1043 1528 alicui
1058 1461 1166 1546 (Titio)
1179 1479 1258 1525 cum
1279 1459 1563 1526 vanescentem

384 1575 655 1652 temporaneam,
678 1569 761 1634 dum
785 1571 948 1635 nimirum
971 1569 1068 1634 Sum·
1081 1569 1178 1634 Pont.
1195 1569 1259 1634 sibi
1282 1571 1438 1634 reservat
1459 1567 1562 1634 eolla·

384 1676 513 1740 tionem
528 1677 684 1742 beneficii
697 1678 740 1742 ad
754 1678 1021 1762 beneplacitum
1034 1682 1068 1742 et
1074 1685 1288 1762 perpetuam,
1298 1676 1381 1740 dum
1396 1694 1437 1740 66
1454 1691 1564 1740 reser-

384 1789 443 1850 vat
457 1784 535 1850 Sedi
549 1784 762 1868 Apostolicae.
779 1785 812 1850 3ο
827 1785 865 1850 16
879 1789 987 1868 finam
1010 1804 1070 1850 seu
1086 1784 1296 1859 continuam,
1318 1783 1453 1868 quando
1475 1788 1561 1847 tem-

383 1911 466 1975 pure
480 1897 540 1958 aut
561 1893 637 1958 1666
651 1911 721 1958 666
743 1893 1013 1976 interrumpitur,
1032 1899 1071 1958 ut
1089 1897 1143 1958 est
1155 1893 1344 1976 primarum
1359 1891 1563 1974 dignitatum

384 2005 420 2063 et
436 1999 681 2066 beneficiorum
701 2019 940 2085 possessorum
960 2001 1003 2066 ab
1024 2000 1226 2067 officialibus
1247 2001 1377 2066 Sancta·
1397 1999 1511 2074 Sedis;
1531 2001 1565 2062 et

384 2107 648 2182 daeoatiaoam,
670 2127 731 2174 seu
755 2109 973 2174 eventnalem
996 2108 1053 2175 661
1075 2109 1256 2186 incertam,
1274 2107 1411 2192 quando
1434 2107 1566 2174 166666

385 2221 540 2300 tempore
555 2217 824 2300 interrumpitur,
838 2217 946 2300 qualis
957 2221 1010 2282 est
1019 2218 1206 2284 reservatio
1220 2217 1352 2288 ratione
1365 2215 1495 2280 mensis
1511 2214 1565 2278 vel

384 2325 450 2390 loci
468 2325 503 2390 in
524 2343 591 2409 quo
613 2325 781 2406 contingit
800 2326 944 2390 vacatio.
964 2325 998 2388 4⁰
1011 2324 1049 2389 ln
1064 2343 1141 2391 eam
1155 2344 1232 2410 quae
1247 2329 1301 2388 est
1313 2324 1430 2389 claresce
1443 2324 1480 2388 iu
1494 2341 1565 2389 aar·

385 2451 467 2516 pore
483 2433 571 2516 juris
585 2433 788 2508 communis,
802 2451 863 2497 seu
877 2433 913 2497 16
924 2431 1156 2498 Decretalibus
1171 2432 1397 2516 Gregorianis,
1412 2433 1448 2496 in
1460 2431 1564 2496 Sexto

386 2549 421 2604 et
434 2539 664 2616 Clementinis,
680 2559 755 2624 666
769 2540 982 2606 constituunt
995 2559 1119 2624 eorpus
1137 2540 1224 2624 juris
1246 2540 1417 2615 clausura
1434 2545 1469 2604 et
1488 2557 1565 2604 eam

388 2668 463 2734 qua
479 2653 532 2713 est
547 2653 643 2714 extra
655 2667 779 2734 corpus
791 2651 878 2733 juris
899 2651 1102 2734 communis,
1120 2669 1182 2714 seu
1201 2650 1237 2713 in
1251 2648 1561 2730 extravagantibus,

387 2757 515 2840 regulis
538 2757 751 2823 cancellaria
767 2762 802 2822 et
815 2757 890 2824 aliis
904 2731 1205 2842 constitutionibus
1219 2757 1424 2842 apostolicis,
1437 2775 1476 2822 ac
1491 2775 1565 2840 spe-

386 2865 515 2931 cialiter
530 2867 566 2965 16
580 2867 684 2932 variis
698 2867 911 2933 concordatis
926 2886 1004 2932 cum
1018 2848 1211 2952 daedaliae
1225 2866 1312 2932 Sede
1327 2866 1429 2930 initis.

546 3065 577 3115 Π.
595 3065 635 3116 be
647 3061 795 3118 6666116116
808 3047 958 3117 ieservatis
972 3065 1002 3116 iu
1017 3073 1133 3129 corpure
1144 3062 1218 3128 juris
1233 3061 1403 3116 communis.

426 3200 459 3282 a)
477 3199 555 3279 Hae
578 3199 764 3264 reservatio
786 3199 1004 3264 verisimilius
1027 3200 1128 3264 66166
1151 3205 1217 3276 666,
1241 3197 1369 3264 66111666
1392 3197 1564 3263 Ponufleis

385 3307 557 3373 abbatiani
578 3313 800 3373 reservantur
818 3311 953 3372 6666666
971 3308 1138 3374 beneficia
1156 3307 1311 3372 vacantia
1328 3305 1419 3389 apud
1441 3305 1565 3372 Sedem

385 3415 614 3500 apostolicam
623 3415 680 3480 661
691 3417 727 3480 16
737 3415 831 3480 curia
841 3415 1006 3482 Romana.
1018 3415 1084 3480 Sed
1096 3435 1141 3481 an
1154 3415 1228 3480 1666
1240 3415 1308 3480 duo
1321 3434 1328 3478 :
1340 3431 1461 3480 vacare
1474 3412 1565 3496 apud

387 3523 546 3588 Sanctam
560 3523 694 3601 Sedem,
713 3527 747 3588 66
760 3541 882 3588 666666
899 3524 934 3587 16
949 3525 1043 3588 curia
1056 3523 1220 3598 Romana,
1239 3541 1301 3607 pro
1324 3521 1447 3588 eodem
1466 3537 1566 3585 usur·-

386 3636 521 3714 pentur‚
550 3630 606 3696 vel
632 3631 806 3708 differant,
833 3632 1008 3714 disputant
1032 3633 1229 3698 canonista.
1247 3629 1457 3696 probabilius
1485 3633 1567 3694 sunt

386 3739 542 3805 formulae
557 3758 634 3824 quae
647 3739 740 3805 idem
752 3739 854 3824 plane
876 3740 1080 3822 significant.
1097 3739 1222 3806 Vacare
1246 3739 1336 3823 apud
1357 3737 1480 3803 Sedem
1503 3757 1565 3802 seu

389 3847 425 3911 16
448 3849 543 3912 66616
570 3847 629 3913 1116
657 3849 824 3914 beneficia
852 3848 1012 3914 dicuntur
1038 3865 1113 3932 quae
1137 3851 1260 3914 vacant
1281 3848 1317 3911 16
1339 3847 1415 3912 1666
1436 3847 1473 3910 16
1496 3863 1565 3930 quc

389 3973 570 4020 causarum
593 3960 695 4040 atque
710 3955 901 4022 litterarum
916 3955 1179 4040 apostolicarum
1192 3955 1366 4020 audientia
1380 3958 1415 4018 66
1429 3953 1567 4038 expedi-

390 4060 437 4124 tio
449 4061 503 4124 nt:
519 4079 551 4123 v.
568 4079 601 4140 g.
618 4059 783 4126 beneficia
797 4077 873 4144 qua
887 4060 1043 4124 obtinent
1055 4058 1160 4141 legati
1175 4063 1235 4123 aut
1250 4058 1362 4122 nuntii
1375 4056 1563 4141 apostolici,

390 4167 433 4232 ad
455 4167 585 4233 curiam
604 4167 793 4233 Romanam
813 4169 945 4233 ratione
969 4168 1187 4249 negotiorum
1207 4167 1397 4241 venientes,
1413 4164 1469 4230 vel
1487 4163 1566 4228 inde

390 4277 600 4352 recedentes,
618 4278 646 4342 si
661 4296 720 4343 eos
734 4277 781 4342 ibi
794 4277 851 4344 vel
869 4275 993 4342 161666
1007 4275 1051 4342 ad
1064 4276 1130 4340 iter
1144 4275 1291 4340 duorum
1308 4275 1441 4338 dierum
1455 4273 1567 4336 616166

390 4387 478 4451 mori
491 4386 677 4467 contingat.
691 4385 768 4450 Hac
781 4385 968 4450 reservatio
984 4385 1083 4450 durat
1098 4385 1231 4448 tantum
1245 4401 1315 4448 unu
1331 4400 1462 4458 mense,
1479 4383 1568 4446 intra

393 4511 506 4576 quem,
528 4493 557 4556 61
577 4494 670 4558 Sum.
687 4493 782 4560 Pani.
800 4513 870 4561 non
884 4493 1073 4577 prehibeat,
1089 4492 1281 4568 ordinarius
1301 4489 1443 4558 collator
1457 4489 1567 4574 provi-

394 4601 473 4666 dere
488 4601 669 4685 poteritne
686 4602 878 4666 diuturnior
889 4601 1021 4666 vacatio
1037 4599 1186 4666 eeclesiis
1202 4600 1246 4663 sit
1259 4599 1435 4664 damnosa.

435 4709 464 4792 d)
477 4708 580 4776 Multa
592 4711 757 4778 beneficia
771 4715 852 4776 sunt
866 4713 1050 4785 reservata,
1075 4709 1147 4774 sive
1160 4728 1222 4792 per
1236 4707 1504 4794 constitutiones
1512 4725 1566 4770 ea-
