3504 5572
545 595 634 643 susn
655 586 780 644 rsarrus
800 597 1023 646 nnceerruuu.
1167 603 1170 615 ·
1290 557 1293 565 ’
1314 579 1374 644 339

201 715 430 781 determinant
448 732 548 781 casus
573 717 609 782 in
632 717 754 802 quibus
774 718 898 784 solutio
925 719 1000 785 deri
1018 718 1119 784 debet
1140 718 1176 782 in
1190 715 1275 784 'loco
1297 736 1377 784 con-

200 827 346 902 tractus,
371 842 432 890 seu
454 824 570 908 potius
590 826 627 890 in
647 825 723 892 loco
743 828 802 891 ubi
819 845 876 892 res
900 832 973 893 erat
992 829 1146 912 tempore
1169 830 1374 904 contractus,

204 931 283 1015 quia
296 932 411 1016 potius
425 934 538 1016 agitur
559 935 600 1000 de
616 935 797 1001 traditione
814 937 875 1013 rei,
892 954 995 1020 quam
1014 936 1056 1001 de
1077 934 1258 1014 solutione,
1277 939 1378 1019 juxta

201 1043 264 1104 art.
296 1039 386 1104 2947.
414 1041 517 1107 Extra
539 1060 638 1108 casus
660 1043 696 1108 in
720 1043 952 1128 superioribus
973 1043 1123 1110 articulis
1145 1047 1374 1120 enumeratos,

201 1146 326 1214 solutio
343 1149 418 1213 sseri
441 1148 543 1216 debet
559 1151 595 1216 in
617 1151 787 1216 domicilio
808 1151 981 1230 debitoris,
1006 1152 1197 1236 etquidem
1219 1151 1378 1236 expensis

202 1251 375 1328 debitoris,
392 1271 436 1316 ex
449 1257 514 1318 art.
527 1253 618 1318 lats.
631 1253 719 1320 dod.
736 1254 812 1326 civ„
835 1254 976 1320 seclusis
991 1255 1151 1339 expensis
1167 1255 1375 1340 quietantiae,

203 1376 278 1444 quae
289 1359 417 1425 cadunt
432 1361 468 1424 in
481 1360 695 1428 creditorem.

242 1457 275 1552 c)¹
285 1469 357 1549 Qeco
371 1476 520 1554 tempore
535 1469 659 1537 solutio
674 1471 829 1538 facienda
842 1473 905 1538 sit?
920 1475 950 1538 1⁰
965 1473 997 1538 Si
1013 1477 1147 1540 certum
1166 1477 1301 1556 tempus
1315 1471 1380 1537 fuit

202 1577 396 1659 praeiixum,
414 1581 538 1646 solutio
555 1580 711 1648 facienda
728 1587 781 1647 est
798 1585 835 1648 in
858 1582 1004 1646 termino
1024 1585 1206 1658 convento,
1228 1580 1332 1644 etiam
1351 1580 1379 1642 si

202 1685 349 1751 creditor
361 1687 455 1753 illam
470 1707 540 1754 non
554 1695 685 1772 urgeat,
703 1691 783 1774 quia
801 1691 874 1755 dies
892 1689 965 1773 ipse
980 1688 1173 1773 interpellat
1193 1705 1256 1772 pro
1274 1685 1381 1752 credi-

205 1797 287 1858 tore.
304 1793 337 1857 l·
350 1794 383 1858 Si
398 1793 440 1860 dc
456 1798 585 1880 epocha
602 1797 781 1863 solutionis
797 1797 881 1864 nihil
901 1803 1016 1862 aclum
1031 1799 1076 1862 sit
1094 1797 1185 1862 inter
1203 1801 1334 1880 partes,
1352 1795 1380 1858 si

204 1901 365 1983 obligatio
383 1903 428 1968 sit
441 1923 537 1988 pura,
559 1905 719 1989 prasenti
739 1905 793 1969 die
812 1905 980 1982 debetnr;
1004 1905 1094 1990 quod
1114 1901 1258 1986 intelligi
1280 1899 1381 1968 debet

203 2009 395 2088 moraliter;
411 2019 618 2096 quapropter
630 2014 774 2096 sijudex
788 2019 923 2098 tempus
935 2019 1135 2097 competens
1147 2030 1217 2077 non
1232 2011 1381 2092 assigna-

204 2122 302 2198 verit,
329 2121 453 2188 solutio
472 2122 601 2188 differri
619 2129 735 2206 potest
753 2123 862 2188 donec
883 2123 1037 2188 debitum
1055 2126 1149 2206 petat
1169 2119 1332 2198 creditor;
1354 2120 1382 2184 is

205 2249 276 2294 non
293 2233 454 2296 censetur
470 2233 599 2296 invitus
614 2233 728 2317 quoad
743 2232 952 2309 dilationem,
975 2232 1003 2296 si
1019 2249 1089 2297 non
1104 2233 1217 2314 petat3
1234 2237 1334 2294 secus
1353 2231 1382 2294 si

205 2357 275 2408 non
296 2345 429 2424 peteret
447 2360 490 2406 ex
507 2342 622 2426 aliqua
640 2343 844 2424 ignorantia,
865 2343 997 2418 timore,
1015 2339 1229 2424 impatientia
1247 2337 1302 2402 vel
1317 2336 1383 2403 alia

206 2448 376 2530 ejusmodi
390 2467 511 2524 cansa;
527 2469 690 2533 quooasu
705 2450 848 2526 debitor,
865 2449 893 2514 si
911 2467 981 2514 non
995 2449 1111 2514 statim
1130 2446 1250 2522 solvat,
1268 2446 1332 2509 erit
1347 2446 1382 2510 in
1422 2449 1423 2452 ’

205 2573 303 2620 mora
317 2555 486 2644 culpabili.
503 2555 580 2632 Sed,
595 2577 638 2621 ex
653 2557 761 2623 altera
774 2562 882 2640 parte,
903 2558 932 2621 si
947 2557 1080 2622 debitor
1094 2574 1137 2621 ex
1152 2572 1267 2618 errore
1282 2551 1384 2617 solvit

206 2671 285 2749 ante
307 2672 448 2750 tempus
464 2673 685 2743 conventum,
709 2672 744 2732 et
759 2667 886 2750 probat*
895 2665 1033 2750 aliquid,
1059 2683 1102 2730 ex
1125 2665 1189 2730 hac
1203 2661 1385 2746 anticipata

207 2774 388 2850 solutione,
408 2774 495 2840 lucri
510 2779 635 2858 praeter
649 2781 777 2840 sortem
799 2777 955 2850 cessisse,
980 2772 1139 2839 creditori
1166 2775 1281 2855 potest
1300 2769 1384 2834 illud

207 2888 371 2964 repetere.

581 3053 613 3102 Π.
631 3049 681 3108 Cui
695 3039 799 3104 solutio
812 3047 874 3104 llari
889 3047 1009 3104 debeat?

249 3213 281 3292 u)
294 3207 436 3287 Quando
451 3210 571 3275 unicus
586 3215 640 3275 est
653 3211 810 3286 creditor,
833 3211 958 3276 solutio
978 3213 1131 3296 praestari
1146 3215 1259 3294 potest
1278 3213 1309 3276 1⁰
1321 3209 1384 3296 ipsi

209 3319 376 3395 creditori,
396 3318 424 3383 si
434 3335 550 3382 rerum
565 3336 704 3383 suarum
719 3319 1050 3386 administrationem
1063 3320 1205 3386 habeat:
1220 3321 1267 3384 ita
1281 3319 1385 3384 etiam

209 3425 288 3490 Cod.
313 3426 378 3490 civ.
399 3430 461 3492 art.
486 3425 580 3502 lala
605 3431 640 3491 et
659 3425 808 3492 creditor
824 3433 962 3492 tenetur
982 3433 1157 3512 acceptare
1179 3427 1385 3494 solutionem

210 3535 324 3600 debito
337 3533 453 3611 modo,
471 3539 624 3618 tempore
643 3539 677 3598 ot
691 3535 767 3600 loco
783 3537 925 3612 factam3
950 3536 1041 3600 unde
1063 3537 1092 3600 si
1113 3554 1189 3601 eam
1203 3535 1289 3599 nolit
1302 3536 1386 3600 reci-

207 3659 301 3724 pere,
326 3643 452 3726 poterit
473 3641 606 3707 debitor
627 3643 791 3725 pecunias
815 3643 987 3727 deponere
1013 3643 1104 3726 apud
1131 3643 1382 3724 magistratum,

209 3749 360 3834 periculo
383 3749 560 3816 creditoris
575 3751 648 3834 (art.
667 3753 745 3816 lesi
764 3750 844 3818 Cod.
861 3753 950 3834 cis).
963 3751 1029 3820 Sed
1047 3753 1082 3816 in
1100 3757 1219 3817 nostro
1240 3757 1318 3836 jure
1342 3755 1384 3817 ad

211 3859 313 3925 talem
338 3860 499 3926 effectum
517 3861 696 3926 solutionis
712 3860 887 3927 nonnullae
908 3863 1129 3945 requiruntur
1150 3862 1385 3927 solemnitates

211 3987 272 4034 seu
285 3971 722 4054 formalitatespraescriptae
733 3975 795 4035 art.
808 3969 888 4035 1258
899 3975 1011 4054 etseq.
1029 3969 1108 4038 God.
1124 3971 1188 4035 civ.
1207 3975 1312 4036 etart.
1328 3971 1388 4034 812

210 4077 290 4142 God.
306 4095 399 4162 proc.
420 4079 484 4144 civ.
497 4079 623 4144 Verum
638 4083 676 4142 ut
691 4077 820 4163 pupillo
835 4084 870 4142 et
883 4077 1008 4144 minori
1025 4077 1188 4156 solvatur,
1205 4079 1390 4164 requiritur

211 4186 333 4250 ‘tutoris
360 4185 416 4252 vel
442 4187 609 4252 curatoris
636 4187 819 4252 auctoritas
847 4192 881 4250 et
909 4185 1086 4250 decretum
1117 4185 1259 4268 judicis;
1288 4204 1388 4252 secus

210 4293 324 4359 minor
343 4295 400 4359 vel
419 4294 578 4378 pupillus,
595 4315 657 4380 per
680 4295 887 4361 solutionem
897 4295 1012 4371 laesns,
1030 4294 1221 4359 restituitur
1235 4295 1338 4359 etiam
1353 4295 1388 4358 iu

210 4401 395 4483 integrum.
418 4403 451 4466 i·
478 4403 580 4469 Recte
611 4403 715 4467 etiam
738 4403 882 4468 solvitur
909 4403 1121 4487 procuratori
1141 4402 1317 4468 creditoris
1338 4405 1389 4468 in-

213 4513 341 4575 structo
367 4509 519 4593 generali
542 4509 721 4588 mandato,
747 4529 809 4575 seu
830 4511 888 4594 qui
910 4511 953 4575 ab
981 4509 1095 4593 aliquo
1118 4511 1322 4593 praepositus
1346 4512 1390 4574 sit

214 4617 373 4684 omnibus
384 4619 532 4702 negotiis
548 4639 555 4681 :
572 4619 745 4684 euiflceret
759 4623 873 4684 umen
885 4615 1031 4701 speciale
1041 4617 1242 4683 mandatum
1249 4617 1292 4684 ad
1300 4618 1391 4684 soln-

213 4725 600 4810 tionemrecipiendcm;
616 4728 664 4790 sic
679 4725 805 4790 solutio
820 4725 896 4788 deri
912 4729 1029 4808 posset
1043 4725 1147 4790 etiam
1161 4726 1281 4802 servis,
1297 4725 1391 4791 tiliis-
