3498 5572
548 611 637 656 nisus
658 607 785 656 ruamus
806 609 1026 656 nnosnmuuu.
1320 593 1376 658 441
1483 665 1487 673 ¹

199 729 253 792 vir
265 745 452 794 eonversus
477 728 627 814 aliquam
645 727 747 791 aliam
767 746 811 792 ex
833 726 998 791 uxoribus
1022 726 1156 802 habitis,
1174 727 1278 792 etiam
1298 717 1381 792 oonss'
1484 717 1487 724 ’

199 855 346 912 versam,
363 837 522 912 retinere,
540 835 600 900 sed
615 839 733 920 posset
745 853 807 918 pro
822 833 920 897 libitu
935 832 1033 898 alteri
1056 834 1198 898 nubere.
1210 835 1380 900 Matrimo-
1491 893 1493 900 ,

199 945 297 1010 nium
319 945 422 1021 enim,
453 947 545 1030 quod
569 963 648 1012 oum
671 943 745 1009 sols
767 945 878 1028 prima
896 961 1004 1008 uxore
1026 942 1152 1020 existit,
1169 943 1377 1020 dissolvitur,

201 1057 235 1118 et
252 1055 301 1118 sio
315 1055 368 1120 vir
381 1073 568 1119 conversus
592 1055 679 1119 liber
693 1059 821 1119 manet.
839 1054 966 1119 Tamen
981 1070 1053 1117 non
1067 1051 1183 1116 statim
1198 1053 1272 1136 ipso
1290 1053 1379 1117 iacto

200 1163 434 1229 conversionis
458 1163 502 1228 ad
524 1163 628 1228 tidem
644 1161 842 1228 dissolvitur
868 1161 1137 1236 matrimonium,
1161 1159 1221 1224 sed
1245 1165 1380 1226 tantum

201 1273 337 1356 quando
352 1273 601 1338 contrahuntur
614 1273 688 1338 aliae
702 1274 846 1356 nuptiae3
862 1271 968 1356 igitur
981 1272 1010 1336 si
1019 1270 1253 1354 slteroonjux‚
1270 1269 1380 1334 adhue

200 1381 356 1458 infidelis,
374 1386 594 1448 eonvertatur
608 1387 795 1467 antequem
808 1399 996 1447 eonversus
1019 1399 1098 1445 oum
1110 1379 1176 1444 alia
1189 1379 1379 1454 contrahat,

200 1491 299 1556 uxori
313 1509 487 1556 conversae
505 1491 677 1556 adhaerere
695 1491 797 1556 debet
810 1492 873 1556 vir.

239 1599 272 1662 3⁰
280 1599 462 1682 Disputant
469 1600 657 1665 canonistas
667 1605 784 1664 utrum
794 1615 982 1665 conversus
997 1615 1076 1661 oum
1085 1596 1214 1663 infideli
1227 1595 1380 1660 habitare

200 1707 334 1783 debeat,
361 1726 443 1772 oasu
473 1727 541 1793 quo
565 1711 638 1774 haeo
665 1727 745 1791 pars
771 1707 919 1798 infidelis
951 1725 988 1772 so
1015 1711 1216 1771 convertere
1242 1704 1381 1788 quidem

199 1817 323 1891 renuit,
341 1817 401 1882 sed
418 1835 497 1882 oum
512 1835 680 1882 converso
702 1818 841 1900 paoifioe
857 1821 891 1881 et
905 1817 1033 1900 absque
1047 1814 1117 1879 ullo
1131 1815 1282 1898 periculo
1307 1831 1381 1897 per-

200 1925 368 1990 versionis
376 1931 437 1990 aut
448 1926 577 2009 peceati
589 1925 869 2008 habitareparato
878 1929 940 1989 est.
951 1925 1033 1988 Duae
1042 1928 1123 1988 sunt
1134 1922 1325 1995 sententiae,
1338 1920 1380 1988 de

199 2033 322 2116 quihus
336 2034 561 2116 opportunius
575 2051 719 2114 agemus
732 2033 768 2095 in
779 2031 837 2096 lib.
855 2031 906 2095 lv,

483 2220 513 2270 11.
532 2219 572 2270 De
585 2215 712 2282 prolibus
726 2227 929 2268 conversorum
944 2216 980 2269 ad
994 2216 1090 2270 fldem.

236 2357 268 2417 1⁰
279 2353 312 2417 Si
328 2373 417 2418 unus
427 2355 617 2436 conjugum
631 2356 852 2417 eonvertatur
868 2357 903 2416 et
921 2351 1012 2417 alten
1023 2353 1059 2416 in
1082 2351 1282 2417 infidelitate
1306 2370 1382 2434 per·

195 2466 345 2540 maneat,
360 2461 474 2544 proles
490 2461 695 2535 eommunis,
715 2459 827 2525 adhuc
843 2459 912 2525 doli
929 2461 1084 2544 insuper,
1110 2457 1318 2542 assignanda
1330 2465 1383 2523 est

195 2569 328 2651 parenti
342 2569 386 2634 ad
398 2569 504 2633 iidem
518 2585 688 2632 converso
699 2569 739 2650 (o.
756 2568 822 2632 iet
834 2569 893 2632 ssn.
909 2569 944 2632 h.
961 2570 1010 2646 t).
1021 2567 1118 2633 Ratio
1129 2571 1182 2631 est
1195 2569 1294 2632 favor
1307 2566 1382 2631 reli-

195 2676 308 2756 gionis
324 2681 359 2740 at
373 2676 453 2740 fidei
470 2675 675 2740 christianae.
691 2673 786 2739 Unde
808 2673 885 2740 talis
899 2675 1013 2758 proles
1026 2680 1105 2740 ante
1120 2695 1222 2740 usum
1238 2675 1380 2740 rationis

195 2787 310 2866 potest
322 2783 491 2868 baptismo
506 2781 609 2858 ablui,
624 2787 799 2848 annuente
814 2788 956 2866 parente
980 2784 1176 2862 ohristiano‚
1202 2785 1267 2849 etsi
1295 2783 1381 2849 alter

195 2893 341 2958 intldelis
355 2891 537 2958 reclamet:
554 2911 597 2956 ex
614 2911 644 2956 o.
660 2892 719 2956 fin.
737 2892 771 2955 h.
785 2896 823 2968 t.,
841 2896 877 2956 et
887 2910 962 2956 ean.
979 2893 1029 2970 10,
1045 2910 1149 2958 oausa
1162 2893 1212 2970 18,
1229 2913 1261 2976 q.
1274 2894 1303 2956 1.
1314 2893 1381 2960 Sed

234 3001 266 3064 9⁰
282 3001 316 3064 Si
329 2999 443 3085 proles
459 3005 512 3065 est
522 3000 590 3065 doli
605 3017 724 3083 capax,
741 2999 968 3083 relinquenda
982 3005 1035 3064 est
1046 2999 1196 3066 libertati
1218 3019 1301 3078 sure,
1318 3021 1382 3068 neo

193 3109 349 3190 sugenda
368 3113 407 3172 ut
433 3108 542 3173 invite
565 3107 671 3172 fldem
689 3108 911 3173 christianam
926 3109 1097 3192 suscipiat,
1122 3114 1162 3173 ut
1181 3115 1316 3175 oonstst
1338 3131 1382 3176 ex

194 3235 268 3282 oen.
287 3219 317 3292 5,
336 3217 412 3282 dist.
427 3215 512 3280 stet
524 3235 552 3282 o.
570 3217 590 3280 9
606 3217 648 3280 de
660 3215 800 3281 Iudeis.
815 3216 980 3282 Censetur
989 3216 1058 3282 doli
1067 3235 1175 3300 oapax
1185 3237 1247 3282 seu
1255 3219 1381 3302 habere

195 3326 384 3409 legitimam
399 3331 547 3402 aetatem,
562 3325 591 3389 si
605 3331 658 3390 est
669 3328 782 3410 major
795 3327 987 3409 septennio,
1003 3333 1043 3390 ut
1056 3326 1194 3392 tenetS.
1212 3327 1379 3409 congreg.

197 3435 311 3514 Gono,
326 3435 365 3498 16
377 3435 439 3518 jul.
457 3435 547 3500 1639.
565 3435 658 3517 (Vide
674 3435 772 3519 epist.
783 3435 890 3498 Probe
901 3443 933 3498 te
945 3433 1071 3500 Bened.
1085 3433 1155 3496 xlv
1171 3434 1238 3500 diei
1253 3436 1292 3498 15
1306 3435 1378 3499 deo.

199 3543 288 3619 1751,
306 3547 341 3608 et
356 3545 453 3627 epist.
471 3544 629 3627 ejusdem
652 3545 696 3610 ad
718 3545 915 3628 arehiepiso.
928 3544 1129 3608 Tarsensem
1145 3543 1211 3608 diei
1226 3544 1264 3607 17
1279 3548 1378 3608 mart.

197 3653 287 3729 1717,
296 3653 372 3716 fuse
388 3655 575 3717 traotantes
591 3652 634 3718 de
647 3653 727 3716 ffliis
741 3651 958 3734 infidelium.)

237 3759 501 3840 3⁰13uurtavor
515 3759 691 3841 religionis
704 3761 869 3844 praevalet
886 3761 956 3843 juri
977 3762 1164 3836 communi,
1185 3779 1253 3844 quo
1267 3762 1381 3846 proles

197 3868 311 3932 minor
324 3869 472 3932 triennio
486 3868 576 3952 apud
589 3873 741 3934 matrem
768 3873 803 3934 et
829 3871 941 3952 maj0r
965 3869 1112 3934 triennio
1140 3869 1230 3953 apud
1248 3875 1382 3954 patrem

200 3978 337 4044 educari
354 3979 486 4043 debent.
505 3978 718 4062 Quapropter
731 3977 850 4060 religio
867 3983 901 4041 et
912 3979 971 4060 ius
986 3977 1151 4044 damnant
1164 3978 1222 4044 illa
1235 3984 1334 4062 paota
1347 3979 1381 4043 vi

185 4105 346 4170 quorum
375 4086 488 4169 proles
516 4085 669 4151 mssoula
696 4086 795 4170 patri,
823 4089 858 4149 et
879 4083 1017 4151 femella
1037 4087 1138 4151 matri
1165 4087 1200 4151 in
1224 4105 1288 4151 sua
1312 4086 1380 4150 tide

199 4195 384 4261 eduoandae
398 4193 650 4279 relinquuntur.
667 4195 827 4280 Sequitur
842 4195 956 4270 etiam,
977 4195 1068 4278 quod
1084 4195 1118 4258 in
1134 4195 1237 4260 dubio
1252 4213 1296 4260 an
1306 4213 1381 4278 pro-

197 4305 247 4369 les
261 4303 305 4366 sit
319 4322 426 4388 ospax
440 4303 593 4380 rationis,
608 4322 670 4387 pro
684 4304 803 4368 favore
818 4301 1007 4383 religionis,
1028 4301 1086 4368 illa
1099 4303 1312 4368 restituenda
1329 4308 1382 4368 est

197 4413 331 4496 parenti
344 4431 522 4478 converso.

239 4519 280 4583 Ut
294 4539 397 4603 supra
411 4521 539 4586 dietum
554 4526 617 4598 est,
631 4521 667 4586 in
681 4522 747 4586 hoo
773 4521 870 4586 titulo
899 4521 1012 4603 agitur
1040 4521 1144 4586 etiam
1170 4520 1212 4584 de
1238 4517 1380 4602 impedi-

201 4631 318 4693 mento
349 4628 530 4692 dirimente
557 4629 715 4704 criminas,
745 4629 780 4693 in
808 4647 889 4694 oesu
915 4647 983 4713 quo
1005 4629 1059 4692 vir
1084 4627 1231 4693 infidelis
1260 4626 1382 4692 oooidit

202 4737 363 4802 maritum
390 4737 506 4803 uxoris
530 4737 651 4814 tidelis,
678 4757 719 4804 aa
743 4741 949 4820 oooperente
976 4740 1010 4801 ot
1033 4736 1068 4802 in
1093 4740 1241 4802 mortem
1269 4735 1378 4801 mariti
1404 4743 1408 4752 '
