3504 5566
808 625 860 670 lus
881 623 1059 670 canorucuil.

768 999 953 1076 TITULUS
979 999 1102 1073 XXIV.

724 1183 769 1226 na
798 1181 1072 1227 iunasuaanno
1096 1163 1148 1242 (l).

392 1492 580 1575 Aliquando
602 1493 637 1556 in
654 1493 782 1574 judicio
804 1493 971 1573 contingit
985 1497 1023 1555 ut
1036 1493 1189 1574 probatio
1202 1491 1403 1572 litigantem,
1421 1495 1523 1558 aliam

349 1603 407 1682 jus
422 1601 615 1676 habentem,
642 1601 819 1674 destituat;
845 1619 949 1684 quare
963 1601 1157 1664 institutum
1173 1606 1225 1684 est
1240 1605 1277 1662 ut
1289 1603 1523 1682 juramentum

352 1705 408 1770 vel
419 1725 440 1770 a
452 1715 547 1790 parte
561 1709 617 1772 vel
632 1728 652 1773 a
669 1709 784 1791 judice
802 1709 973 1774 deleratur
989 1707 1085 1772 alteri
1104 1707 1261 1790 litiganti,
1278 1714 1441 1792 tanquam
1454 1726 1525 1772 mc-

353 1815 447 1880 dium
461 1833 595 1880 sacrum
610 1817 787 1902 decidendi
801 1815 896 1880 litem
912 1835 986 1898 quae
1001 1815 1098 1880 aliter
1113 1816 1220 1882 decidi
1235 1817 1363 1900 nequit.

609 2039 626 2111 ἓ
644 2041 666 2096 l.
686 2039 727 2098 lle
745 2046 859 2098 natura
877 2045 907 2097 et
928 2040 1076 2098 varwlote
1089 2039 1268 2110 juramenti.

766 2203 785 2254 l.
803 2201 908 2253 Natura
920 2199 1116 2264 jurisjurandi.

392 2343 424 2418 a)
444 2339 690 2421 lusjurcndum
713 2359 733 2404 a
752 2341 832 2421 jure
855 2357 982 2405 nomen
1000 2340 1138 2422 accepit,
1168 2339 1248 2420 quia
1273 2343 1325 2402 est
1347 2339 1527 2404 affirmatio

352 2447 566 2512 observanda
576 2453 740 2532 tanquam
752 2451 820 2531 jus.
837 2447 983 2513 Vocatur
997 2447 1099 2512 etiam
1114 2455 1374 2524 sacramentum,
1392 2445 1527 2530 qnando

355 2554 536 2636 specialem
560 2557 706 2622 formam
728 2557 923 2639 religiosam
948 2558 1069 2634 induit,
1098 2557 1195 2640 quale
1217 2563 1270 2621 est
1286 2555 1527 2640 jusjurandum

355 2661 437 2728 illud
452 2665 604 2732 solemne
618 2666 709 2750 quod
723 2685 826 2750 super
836 2686 873 2730 re
888 2683 983 2732 sacra
995 2671 1184 2750 praestatur.

397 2773 514 2850 Quoad
529 2792 613 2852 rem,
630 2781 683 2838 est
694 2776 864 2840 invocatio
885 2776 985 2838 tacita
999 2774 1055 2838 vel
1074 2793 1236 2858 expressa
1255 2773 1360 2837 divini
1380 2772 1528 2836 nominis

357 2883 391 2946 in
406 2884 640 2947 testimonium
655 2883 798 2966 alicujus
816 2885 875 2949 rei.
892 2884 1011 2948 Dillerl
1030 2903 1050 2947 a
1071 2889 1169 2958 voto;
1189 2901 1269 2948 nam
1285 2882 1356 2946 voti
1379 2880 1528 2943 essentia

357 2991 391 3053 in
415 2989 487 3056 sola
511 2993 736 3074 promissione
761 2994 831 3058 lleo
849 2995 936 3058 facta
956 2994 1121 3068 consistit,
1142 2992 1327 3075 juramenli
1352 2995 1467 3054 antem
1493 2987 1528 3050 in

357 3099 570 3164 invocatione
586 3102 752 3184 ejusdem.
769 3101 930 3184 Theologi
943 3105 977 3166 at
991 3101 1176 3166 canorustae
1193 3101 1303 3165 varias
1318 3101 1530 3182 juramento-

357 3225 433 3270 rum
453 3209 605 3272 reiarunl
622 3209 798 3286 formulas,
818 3215 856 3274 ut
875 3211 1030 3274 casuistae
1045 3209 1167 3273 melius
1185 3210 1220 3272 iu
1233 3207 1328 3290 praxi
1343 3225 1425 3271 vera
1436 3209 1530 3288 jura-

358 3321 474 3380 menta
488 3315 682 3382 discernant
694 3319 737 3398 (S.
754 3319 836 3400 Lig.‚
855 3319 965 3383 Tdeol.
980 3337 1078 3394 mor,
1094 3317 1115 3379 l.
1132 3316 1186 3392 lll,
1204 3337 1237 3380 n.
1253 3315 1407 3396 134438).

398 3423 428 3502 ὸ)
440 3423 550 3506 Aliqui
565 3426 714 3490 haeretici
728 3427 911 3492 voluerunt
922 3431 1118 3508 juramenta
1132 3445 1207 3490 esse
1226 3425 1407 3488 intrinseco
1428 3421 1527 3496 mala,

359 3551 402 3596 ex
416 3531 518 3614 Epist.
529 3533 654 3612 lacohi,
670 3555 700 3608 v,
716 3537 765 3612 lu,
782 3537 839 3598 nbi
853 3536 995 3618 legitur:
1014 3563 1028 3592 «
1040 3534 1147 3600 Nolite
1160 3537 1276 3616 jurare
1292 3531 1530 3614 quodcumque

356 3642 606 3722 juramentum3
620 3667 635 3700 o
646 3643 704 3708 sed
713 3646 958 3725 juramentum,
973 3645 1002 3708 si
1012 3645 1075 3708 rite
1085 3647 1275 3726 praestetur,
1288 3644 1339 3703 cst
1347 3639 1531 3704 honestum

360 3753 394 3811 et
406 3748 584 3826 laudabile,
602 3751 682 3834 quia
695 3759 746 3816 est
760 3758 855 3818 actus
869 3753 1043 3836 religionis
1056 3772 1123 3836 quo
1139 3753 1228 3816 lleus
1240 3749 1371 3826 colitur,
1389 3748 1531 3829 ejusque

360 3856 542 3922 infallibilis
553 3860 678 3924 veritas
693 3866 727 3926 et
739 3881 872 3928 summa
885 3863 1068 3928 auotoritas
1083 3861 1288 3942 agnoscitur.

399 3969 428 4049 c)
444 3967 602 4051 Sequitur
619 3972 806 4052 juramenti
827 3991 928 4036 usum
954 3991 1040 4048 esse,
1068 3971 1189 4036 saltem
1211 3971 1362 4052 spectato
1387 3961 1531 4029 naturali

359 4076 448 4156 jure,
465 4079 623 4144 omnibus
638 4081 832 4146 hominibus
851 4101 915 4146 usu
938 4083 1079 4147 rationis
1093 4080 1242 4165 praeditis
1257 4075 1474 4161 permissum.
1492 4073 1534 4132 al

362 4187 508 4266 positivo
525 4191 603 4271 jure
617 4196 775 4254 arcentur
788 4193 983 4276 impuberes
996 4193 1081 4274 (can.
1099 4190 1148 4264 ll,
1164 4206 1266 4252 causa
1279 4187 1329 4261 iu,
1348 4205 1379 4268 q.
1398 4183 1439 4263 5),
1458 4197 1534 4263 per-

360 4294 439 4374 juri,
456 4316 499 4360 ex
510 4297 585 4362 eod.
600 4317 708 4375 cono,
726 4319 796 4364 non
807 4301 917 4384 jejuni
932 4301 1017 4382 (can.
1027 4301 1057 4374 l,
1069 4297 1208 4372 caused,
1220 4315 1251 4379 q.
1263 4296 1293 4368 3,
1307 4293 1396 4373 elci,
1410 4289 1532 4364 clerici,

362 4407 549 4484 praesorlim
564 4408 756 4474 sacerdotes
768 4411 852 4490 (can.
864 4410 893 4486 l,
908 4409 1048 4484 causal,
1064 4429 1096 4490 q.
1107 4407 1138 4488 5)
1152 4427 1159 4468 :
1175 4403 1401 4469 ralioillarum
1417 4415 1534 4479 excep

393 4599 427 4664 (l)
442 4599 478 4650 Do
493 4599 544 4651 hac
560 4601 649 4667 agitur
664 4605 691 4653 ¹⁰
707 4603 737 4655 in
751 4604 887 4669 Pandora,
903 4604 947 4654 lib.
966 4604 996 4664 ll,
1009 4603 1049 4652 tit.
1064 4613 1155 4664 11,111;
1172 4601 1200 4650 in
1214 4597 1320 4660 Codice,
1335 4595 1381 4645 lib.
1395 4594 1438 4655 lV,
1451 4593 1491 4643 lit.
1511 4605 1532 4654 ¹3

363 4681 407 4731 lib.
421 4681 452 4741 V,
466 4682 505 4731 til.
522 4695 585 4745 L1113
600 4684 665 4734 2⁰11]
679 4683 740 4748 jure
755 4684 832 4744 Gall,
847 4683 910 4733 Cod.
924 4683 985 4741 clu,
999 4685 1048 4732 art.
1067 4680 1211 4742 lior-laon
1223 4678 1366 4742 Codprcc.
1381 4674 1423 4724 civ
1436 4711 1442 4736 ‚
1455 4671 1535 4721 variis

364 4769 391 4817 in
407 4766 479 4817 locis.
