3488 5564
508 585 595 630 nrana
616 586 767 633 sacounus
787 587 1006 633 nacanruuuu.
1329 573 1346 632 7

174 701 442 768 examinandum
455 705 637 769 committit
648 705 869 782 auditoribus,
888 712 928 770 ut
940 711 1115 772 momenta
1131 723 1242 770 causae
1257 705 1348 771 colliss

171 813 267 892 gant,
293 809 486 888 discutiant,
510 815 545 876 et
562 812 722 891 rationes,
748 815 870 879 merita
894 815 1012 898 judicii
1043 815 1202 890 referant,
1232 815 1347 898 sieque

172 917 270 983 illum
284 918 328 984 ad
342 919 548 986 seutentiam
561 921 738 1014 terendam
752 923 933 988 instruant.
949 922 1036 986 Usus
1060 923 1196 988 illorum
1218 927 1271 987 est
1284 923 1349 986 uti-

170 1025 323 1092 lissimus
345 1028 381 1092 in
403 1027 635 1112 superioribus
658 1031 848 1115 pracsertim
870 1031 1107 1109 tribunalibus,
1142 1035 1180 1096 ut
1211 1030 1348 1098 brevius

172 1133 399 1222 expediantur
411 1133 498 1202 lites.

633 1297 651 1373 ἓ
669 1302 703 1359 ll.
723 1300 764 1359 lle
778 1299 890 1373 judice.

215 1475 248 1557 a)
258 1474 317 1540 llic
331 1473 374 1539 da
388 1475 491 1540 modo
510 1493 577 1559 quo
594 1475 774 1540 tribunalia
787 1475 1013 1541 ecclesiastica
1031 1481 1282 1559 componuntur
1295 1479 1351 1558 agi

173 1589 302 1667 posset,
313 1584 503 1667 praesertim
516 1602 594 1648 cum
610 1609 625 1642 «
643 1583 866 1649 officialitates
877 1610 892 1644 s
915 1585 951 1648 in
971 1583 1075 1649 Gallia
1088 1586 1175 1648 mira
1194 1603 1273 1648 cum
1295 1604 1351 1649 va-

173 1692 295 1758 rietate
309 1692 482 1758 hodiernis
492 1695 702 1778 temporibus
713 1696 905 1758 constitutae
922 1695 998 1758 sint.
1015 1693 1147 1757 Etenim
1167 1693 1201 1756 in
1217 1693 1352 1776 quibus-

174 1800 255 1865 dam
270 1799 473 1865 dioecesibus
488 1801 668 1868 tribunalia
684 1801 800 1867 multis
813 1803 983 1886 judicibus
999 1801 1167 1884 adjunctis
1181 1805 1348 1874 constant,

174 1909 233 1992 qui
247 1909 412 1991 sutfragia
423 1911 546 1986 lerunt,
559 1911 606 1975 ita
615 1915 655 1974 ut
667 1914 780 1994 major
790 1929 869 1995 pars
881 1909 1223 1994 semperpraevaleat3
1234 1909 1268 1973 in
1279 1908 1352 1974 aliis

174 2021 302 2094 autem,
319 2016 413 2082 solus
427 2017 578 2083 officialis
594 2037 655 2084 seu
676 2021 821 2084 vicarius
836 2019 1004 2101 generalis
1019 2037 1158 2083 causam
1176 2018 1353 2099 cognoscit

121 2141 123 2144 ·
178 2130 213 2190 et
226 2126 432 2190 sententiam
446 2128 521 2204 lert,
537 2125 694 2192 consulto
706 2128 880 2212 episcopm
902 2125 1043 2210 simplici
1062 2127 1125 2191 hac
1142 2126 1355 2192 animadver-

179 2233 275 2298 sione
288 2233 344 2298 hic
358 2237 537 2300 contentos
552 2253 617 2300 uos
632 2253 707 2300 esse
724 2240 867 2318 oportet.
1367 2215 1371 2222 ¹

217 2339 255 2405 ln
267 2341 656 2425 judiciisccclesiasticis‚
669 2343 777 2426 judex
785 2343 987 2418 ordinarius,
998 2342 1078 2406 dum
1088 2359 1267 2425 processus
1276 2359 1355 2405 cou-

177 2449 257 2526 sscit,
274 2447 361 2513 duos
383 2449 515 2532 judices
540 2451 720 2534 adjunctos
742 2451 867 2515 habere
884 2451 981 2525 solet,
999 2451 1064 2514 nisi
1084 2451 1155 2532 ipsc
1176 2451 1354 2532 episcopus

178 2575 241 2640 per
253 2575 289 2621 aa
304 2555 489 2640 procedat:
512 2557 548 2622 in
569 2559 634 2623 hoc
653 2577 734 2623 casu
755 2557 848 2623 solus
870 2547 943 2623 sirie
959 2557 1036 2622 ullis
1057 2558 1225 2641 adjunctis
1241 2576 1355 2640 prooe-

181 2663 377 2740 deremitat,
394 2682 473 2729 oum
485 2664 621 2730 culmen
636 2666 811 2747 dignitatis
825 2667 959 2744 habeat,
977 2685 1015 2731 ac
1030 2665 1172 2750 proinde
1189 2668 1264 2748 ejus
1279 2682 1356 2730 auc-

179 2771 298 2837 toritas
311 2771 542 2856 injudicando
558 2773 709 2836 maxima
724 2773 767 2837 sit
780 2791 896 2838 coram
910 2773 1067 2838 Ecclesia.

218 2881 249 2962 b)
263 2880 305 2945 In
319 2880 439 2964 quibus
453 2881 562 2944 causo
576 2880 799 2966 prohibeatur
815 2881 930 2962 jodici
941 2881 1124 2963 judicare?
1144 2917 1183 2927 -
1205 2881 1357 2964 Respon-

179 2987 278 3052 detur
301 3008 308 3050 :
331 2987 362 3050 l·
375 2985 511 3052 Certum
534 2993 587 3052 est
597 2989 749 3071 judicem
777 3007 847 3054 uon
861 3007 962 3073 posse
978 3007 1183 3070 cognoscere
1197 2989 1239 3054 de
1255 3007 1358 3054 causa

179 3113 255 3180 quas
271 3099 362 3160 esset
377 3094 516 3160 alterius
527 3096 592 3160 lori
607 3117 614 3159 :
632 3115 664 3159 v.
680 3116 713 3178 g.
727 3096 836 3180 judex
852 3096 1100 3162 ecclesiasticus
1116 3116 1254 3162 causam
1273 3115 1358 3180 prae-

178 3203 248 3268 cisa
261 3202 408 3280 civilem,
423 3207 457 3267 et
467 3204 575 3287 judex
590 3203 760 3270 saecularis
774 3223 914 3270 causam
939 3203 1201 3270 ecclesiasticam
1216 3223 1358 3288 cognos-

179 3328 256 3376 cere
271 3315 306 3374 et
317 3309 471 3394 judicare
487 3313 615 3396 nequit.

219 3420 252 3484 Ξ·
267 3419 408 3496 Quando
423 3419 535 3501 agitur
548 3420 589 3484 de
604 3439 707 3486 causa
721 3439 796 3505 quae
814 3425 866 3485 est
879 3421 943 3486 lori
955 3419 1044 3486 illius
1052 3421 1194 3504 judicis·
1203 3423 1239 3486 in
1252 3424 1357 3488 tribus

179 3525 370 3611 prasertim
397 3527 531 3592 casibus
554 3528 707 3610 judicare
738 3529 879 3612 nequit:
907 3530 938 3591 t⁰
959 3527 992 3592 si
1014 3547 1129 3594 coram
1151 3529 1216 3596 alio
1243 3532 1357 3614 judice

181 3635 252 3718 egit
264 3634 468 3700 advocatum
488 3635 524 3698 in
539 3635 659 3700 eadam
683 3653 802 3712 causa;
830 3653 912 3700 nam
935 3641 1018 3700 tunc
1036 3637 1158 3703 merito
1181 3645 1358 3723 suspectus

181 3750 274 3810 esset
287 3745 329 3810 de
343 3745 574 3829 improbitate;
601 3747 633 3809 2⁰
651 3745 685 3808 Si
703 3747 738 3808 in
758 3745 823 3810 alio
839 3746 968 3828 judicio
988 3746 1202 3812 consimilem
1219 3767 1357 3814 causam

180 3855 305 3919 haheat
325 3853 408 3937 ipse,
431 3857 594 3936 tanquam
612 3859 706 3920 actor
719 3854 775 3919 vel
795 3873 889 3931 reus;
907 3856 1035 3920 etenim
1052 3843 1249 3921 censeretur
1264 3857 1358 3922 incli-

181 3967 283 4028 natus
306 3963 348 4028 ad
376 3963 597 4045 judicandum
623 3967 709 4029 siout
733 3966 774 4029 ab
798 3965 872 4030 aliis
896 3965 1000 4030 vellet
1018 3967 1162 4049 judicari
1190 3967 1226 4030 in
1254 3985 1357 4034 causa

182 4071 294 4137 simili.
310 4073 344 4136 3·
356 4071 462 4138 Nemo
474 4073 582 4157 judex
599 4079 651 4138 est
664 4075 700 4138 in
713 4075 849 4158 propria
862 4093 974 4152 causa,
997 4093 1120 4159 nempe
1135 4077 1171 4140 in
1184 4077 1356 4160 propriam

182 4180 362 4246 utilitatem
388 4181 512 4246 directe
534 4183 738 4247 senteutiam
752 4183 904 4259 ferendo,
922 4202 1003 4248 nam
1018 4184 1053 4246 in
1067 4183 1132 4248 hoc
1145 4201 1225 4248 casu
1247 4184 1355 4251 multo

181 4297 294 4378 major
316 4298 407 4359 esset
435 4294 580 4378 suspicio
608 4295 797 4360 allectionis
826 4314 907 4377 erga
926 4313 1074 4360 oausam.
1105 4297 1263 4374 Attamen
1296 4299 1357 4363 du-

181 4403 259 4488 plex
275 4408 328 4469 cst
342 4404 515 4488 exceptio:
531 4405 564 4468 1ο
580 4403 766 4488 Supremus
780 4407 946 4498 princeps,
965 4411 1003 4469 ut
1013 4405 1174 4470 Summus
1188 4406 1354 4484 Pontifex,

180 4531 253 4590 rex,
277 4512 430 4596 judicare
442 4517 556 4598 potest
570 4513 605 4578 in
624 4513 759 4598 propria
778 4532 881 4580 causa
899 4517 988 4579 inter
1008 4514 1121 4598 ipsum
1136 4519 1170 4581 et
1182 4517 1356 4582 subditum

183 4625 286 4686 mota.
302 4620 441 4687 Constat
455 4641 497 4686 cx
513 4622 621 4704 capite
633 4621 672 4686 lt
683 4623 786 4706 hujus
798 4621 884 4686 tituli
896 4628 930 4688 et
940 4643 983 4689 ex
991 4627 1068 4707 jure
1081 4624 1245 4690 Romano.
1257 4625 1354 4689 Ratio

184 4734 244 4806 cst,
262 4735 335 4794 tum
352 4731 430 4814 quia
443 4731 598 4818 princeps
621 4751 690 4798 non
706 4737 842 4798 tenatur
861 4751 897 4800 se
913 4734 1112 4802 submittere
1129 4733 1255 4818 judicio
1271 4734 1354 4798 inle-
