3488 5564
382 547 422 609 86
443 553 445 558 ’
842 565 894 612 tos
916 565 1097 612 assoricus.

383 680 528 746 habetur
546 698 609 764 pro
632 682 825 748 aitlrmaute
845 681 901 748 vel
922 686 1082 766 negante,
1099 685 1202 764 prout
1220 683 1333 764 majus
1349 685 1403 748 est
1418 681 1465 746 illi
1481 699 1563 765 prae-

382 787 567 869 judicium3
583 789 616 852 5⁰
631 789 772 872 punitur
786 790 891 854 etiam
908 792 1020 872 paenis
1038 788 1234 854 arbitrariis.

424 895 453 977 d)
468 895 581 960 Poenae
596 898 718 962 actoris
731 897 942 962 contumacis
958 902 1039 962 sunt
1052 896 1143 980 quod
1156 897 1247 960 intra
1267 913 1397 960 annum
1420 897 1563 962 veniens

384 1021 455 1070 nou
474 1003 641 1081 audiatur,
659 1005 724 1069 uisi
735 1005 858 1069 refusis
871 1023 931 1069 reo
945 1006 1120 1088 expensis;
1136 1005 1259 1070 deinde
1273 1009 1392 1070 contra
1405 1005 1502 1069 illum
1515 1007 1563 1071 sic

384 1112 522 1196 procedi
542 1117 655 1196 potest
675 1133 681 1175 :
706 1115 737 1177 1ο
756 1114 848 1178 Reus
866 1113 1089 1178 absolvitura
1106 1115 1194 1179 tacta
1215 1114 1386 1190 citatione,
1406 1118 1441 1178 et
1458 1113 1563 1178 libere

385 1221 493 1288 resilit
513 1221 691 1304 ajudicio;
713 1223 783 1285 imo
802 1222 835 1284 Ψ
855 1221 1045 1286 absolvitur
1066 1237 1087 1286 a
1106 1226 1178 1286 tata
1195 1221 1368 1298 instantia,
1393 1239 1462 1305 quo
1483 1239 1564 1286 casu

388 1330 504 1394 omnia
526 1333 625 1411 gesta
646 1329 680 1392 in
716 1327 774 1392 tali
799 1328 961 1393 instantia
981 1327 1211 1394 annullantur.
1250 1327 1400 1394 Tandem
1423 1329 1456 1392 3⁰
1485 1345 1565 1394 reus

387 1437 516 1502 absolvi
539 1441 652 1520 potest
674 1437 716 1500 ab
740 1435 953 1519 impetitione
974 1438 1109 1514 actone,
1130 1436 1234 1502 mado
1257 1437 1379 1518 probet
1402 1435 1565 1518 injustam

387 1563 463 1612 esse
478 1549 553 1630 ejus
565 1545 776 1628 petitionem.
791 1544 868 1610 llaec
883 1547 999 1611 omnia
1013 1554 1057 1610 ex'
1068 1547 1146 1629 jure
1161 1545 1258 1610 Rom.
1273 1548 1345 1610 stc.
1362 1545 1426 1609 ah.
1445 1549 1469 1607 t.

514 1743 555 1794 lv.
574 1741 719 1802 Quomodo
732 1741 819 1806 judas
833 1752 864 1794 se
878 1752 976 1808 gerere
990 1739 1093 1794 debeat
1106 1740 1135 1792 in
1150 1751 1218 1794 casu
1233 1739 1438 1794 contumacia?

428 1878 459 1939 1⁰
477 1874 586 1940 ludex
603 1875 806 1958 regulariter
824 1895 893 1942 non
916 1875 1069 1960 procedit
1090 1880 1209 1940 contra
1231 1880 1480 1952 contumacem,
1502 1876 1567 1940 uisi

388 1983 431 2048 ad
446 1984 644 2048 instantiam
665 1983 823 2060 alterius;
840 2002 938 2049 secus
958 1984 985 2048 si
1001 1984 1202 2068 procederet
1220 2003 1264 2048 ex
1281 1984 1393 2048 offlcio
1413 1983 1518 2048 nobili
1535 1989 1569 2048 et

391 2092 433 2156 ad
447 2091 610 2155 mulctam
628 2092 869 2174 pecuniariam,
886 2097 1027 2177 propter
1044 2091 1295 2158 contumaciam
1313 2092 1566 2156 inobedientis:

360 2251 365 2270 ,
389 2200 437 2262 ita
448 2202 506 2281 jus
523 2198 619 2264 Rom.

429 2307 462 2369 Ψ
484 2307 611 2382 ludex,
638 2307 679 2372 de
698 2308 875 2392 aequitate,
900 2311 1014 2390 potest
1036 2308 1176 2372 citatum
1211 2325 1281 2374 uon
1315 2312 1571 2392 comparentem

391 2422 588 2500 exspectare
607 2416 644 2480 in
665 2421 868 2501 sequentem
886 2415 992 2492 diam;
1009 2416 1152 2508 aequitas
1171 2417 1273 2494 enim,
1289 2435 1364 2501 quae
1381 2421 1434 2481 eat
1452 2417 1571 2499 regula

387 2524 523 2607 judicis,
540 2524 661 2589 suadet
679 2543 723 2588 ne
745 2543 824 2607 pars
848 2525 971 2590 absens
991 2525 1107 2588 statim
1129 2504 1378 2590 condemnetur
1395 2531 1572 2592 contuma-

390 2632 460 2709 cias,
473 2649 552 2696 cum
561 2633 672 2696 subita
682 2650 866 2714 exsurgere
881 2634 1014 2715 possint
1027 2633 1282 2716 impedimenta,
1295 2652 1371 2718 quae
1380 2633 1572 2715 legitimam

391 2740 540 2805 afferunt
558 2740 825 2806 excusationem.

430 2849 463 2912 3⁰
479 2847 630 2925 siccior,
650 2851 729 2912 aute
743 2848 839 2912 litem
857 2853 1094 2926 contestatam,
1111 2851 1219 2916 tribus
1227 2850 1346 2916 edictis
1355 2849 1478 2915 citatus
1487 2868 1573 2934 quo-

393 2975 470 3021 rum
491 2955 630 3023 cuilibet
649 2957 689 3020 30
710 2955 783 3020 dies
804 2956 1033 3039 assignantur,
1058 2975 1128 3023 non
1149 2963 1355 3043 compareat,
1376 2958 1574 3023 conceditur

393 3065 435 3141 ei,
452 3064 574 3130 saltem
590 3064 721 3148 dejure
739 3065 840 3142 civili,
859 3065 970 3130 adhuc
990 3082 1080 3132 uuus
1099 3085 1221 3142 annus,
1238 3067 1328 3131 intra
1341 3085 1445 3150 quam
1459 3067 1488 3130 si
1503 3085 1573 3132 nou

392 3177 599 3257 compareat,
619 3178 711 3250 tunc,
734 3191 794 3240 reo
811 3179 980 3257 praesente
1000 3179 1034 3240 et
1052 3175 1214 3251 instante,
1235 3174 1344 3257 judex
1365 3175 1521 3258 procedit
1537 3175 1573 3238 in

393 3281 533 3362 negotio
554 3281 741 3364 principali,
758 3286 864 3346 testes
882 3282 1009 3365 recipit,
1031 3286 1066 3346 et
1083 3281 1273 3346 secuudum
1295 3283 1477 3348 veritatem
1497 3301 1574 3348 sen-

394 3389 537 3454 tentiam
555 3390 753 3472 pronuntiat
774 3389 828 3470 (ex
849 3407 877 3453 o.
901 3389 920 3452 3
938 3389 972 3452 h.
996 3393 1019 3451 t.
1037 3394 1072 3452 et
1085 3407 1113 3452 c.
1131 3390 1147 3452 l
1171 3389 1204 3452 h.
1228 3394 1251 3452 t.
1275 3390 1311 3454 iu
1332 3391 1387 3473 6⁰).
1409 3391 1475 3456 Sed
1495 3396 1574 3474 post

393 3496 489 3561 litem
507 3501 745 3573 contestatam,
767 3498 794 3561 si
816 3501 911 3562 actor
929 3497 973 3562 ad
991 3497 1115 3562 trinam
1134 3497 1331 3562 citationem
1349 3517 1421 3564 non
1438 3517 1573 3582 compe·

395 3607 478 3679 reat,
496 3603 611 3668 statim
631 3608 665 3668 et
683 3623 754 3669 uon
776 3607 970 3687 exspectato
985 3605 1087 3668 unius
1102 3605 1183 3669 anni
1198 3605 1318 3688 spatio,
1332 3605 1441 3688 judex
1457 3624 1573 3688 proce-

396 3711 475 3777 dere
490 3715 603 3794 potest
616 3711 653 3775 in
668 3712 806 3793 negotio
820 3712 994 3795 principali
1012 3731 1019 3774 :
1036 3712 1084 3775 ita
1094 3714 1152 3795 jus
1166 3712 1262 3776 Rom.
1276 3717 1312 3778 et
1325 3731 1353 3777 c.
1367 3715 1397 3776 3.
1414 3713 1448 3776 h.
1465 3718 1488 3776 t.

433 3821 466 3883 4⁰
482 3820 515 3883 Si
529 3838 610 3884 reus
625 3819 669 3882 sit
682 3825 868 3884 contumax
880 3823 959 3885 aute
973 3819 1071 3884 litem
1084 3824 1321 3897 contestatam,
1337 3839 1408 3886 non
1421 3820 1574 3904 procedi-

397 3935 451 3993 tur
466 3929 509 3994 ad
524 3929 959 4006 senteutiamdessuitivam,
973 3931 1073 4011 Juxta
1083 3928 1167 3992 titul.
1183 3927 1240 4004 Vl;
1257 3928 1319 3994 sed
1332 3933 1427 3994 actor
1437 3929 1573 3994 interim

395 4038 541 4101 mittitur
560 4037 596 4100 in
619 4037 884 4120 possessionem,
901 4035 949 4100 rei
973 4034 1150 4100 servandae
1172 4053 1276 4100 causa
1289 4036 1328 4118 (o.
1351 4038 1381 4100 9.
1401 4037 1435 4100 h.
1457 4037 1503 4118 t).
1521 4035 1574 4100 Sic

396 4145 511 4208 mitius
527 4145 598 4225 agit
609 4147 667 4227 jus
678 4149 797 4209 contra
811 4163 909 4208 reum
924 4161 1027 4226 quarn
1041 4147 1161 4207 eontra
1176 4146 1342 4219 actorem;
1359 4144 1494 4208 stratio
1509 4147 1571 4218 ast,

397 4253 477 4334 quia
489 4271 532 4316 ex
545 4271 614 4318 uua
626 4257 722 4335 parte
737 4256 856 4317 contra
876 4256 1025 4317 actorem
1044 4254 1281 4314 contumacem
1300 4255 1412 4334 major
1425 4255 1478 4316 est
1490 4267 1574 4335 prae-

396 4361 545 4442 sumptio
559 4360 745 4442 injustitia,
761 4364 796 4424 et
810 4379 854 4424 ex
869 4358 976 4423 altera
996 4362 1091 4442 parte
1106 4375 1197 4434 raus,
1214 4358 1272 4442 qui
1285 4359 1415 4422 invitus
1431 4359 1574 4423 trahitur

396 4467 627 4550 adjudicium,
644 4471 775 4551 majore
799 4467 923 4550 dignus
945 4469 997 4530 est
1013 4463 1235 4546 indulgentia.
1251 4465 1397 4548 AEquum
1413 4469 1571 4546 asterga,

399 4579 445 4651 ut,
461 4574 539 4640 licet
553 4581 671 4640 contra
685 4580 834 4640 actorem
850 4579 1098 4647 contumacem,
1113 4573 1173 4636 lite
1191 4591 1262 4636 non
1278 4577 1483 4649 contestata,
1498 4589 1573 4656 pro·

396 4682 468 4746 cedi
484 4685 600 4764 possit,
619 4688 733 4748 tamen
747 4701 817 4747 non
831 4681 1035 4766 procedatur
1048 4684 1167 4746 contra
1180 4699 1288 4748 reum.
