3504 5566
349 549 407 614 110
804 570 854 614 ros
875 567 1054 614 assoricus.

390 685 419 769 l)
435 685 549 762 Qualis
562 703 637 751 esse
652 686 774 752 debeat
786 688 859 752 haec
872 685 1064 770 possessio?
1079 685 1110 748 l·
1120 685 1312 750 Debetesse
1328 683 1442 759 civilis,
1456 682 1521 747 boo

351 795 414 874 est,
435 792 586 859 detentio
607 793 657 858 rei
675 813 754 859 cum
778 794 938 878 opinione
958 791 1100 858 dominii
1108 795 1129 866 ;''
1140 809 1220 857 nam
1242 790 1450 875 praescriptio
1469 793 1522 856 est

351 900 474 964 modus
493 901 689 984 acquirendi
708 902 908 978 dominium,
930 900 1022 986 quod
1036 919 1106 966 non
1120 899 1305 984 aoqiuritur
1318 899 1391 964 sine
1405 898 1519 964 animo

351 1012 385 1071 et
399 1008 573 1074 voluntate
588 1011 802 1094 requirentis.
819 1010 892 1074 Non
906 1013 1022 1076 tamma
1035 1025 1176 1074 necesso
1192 1011 1244 1073 est
1257 1011 1296 1070 ut
1309 1006 1392 1072 reali
1406 1025 1522 1089 appre-

350 1115 515 1180 hensione
530 1117 723 1200 acquiratur
735 1135 791 1182 res
813 1116 1077 1201 praescribenda,
1102 1114 1162 1180 sed
1184 1114 1309 1178 suflicit
1328 1119 1366 1177 ut
1385 1114 1521 1180 flatione

348 1223 435 1304 juris
450 1222 562 1308 aliquo
575 1230 662 1300 actu,
676 1227 733 1309 qui
745 1225 1007 1309 apprehensioni
1021 1222 1212 1307 aequivalet,
1228 1219 1453 1304 comparetur.

391 1329 468 1396 liaeo
481 1330 588 1396 civilis
599 1333 771 1414 possessio
782 1333 854 1397 sive
865 1331 1028 1396 naturalis
1040 1331 1173 1407 suisscit,
1188 1330 1390 1394 etvioissim.
1404 1329 1437 1393 Si
1449 1330 1523 1414 quis

352 1439 465 1504 alieno
484 1440 623 1504 nomine
637 1440 798 1523 possidet,
815 1458 885 1506 non
906 1439 980 1515 sibi,
999 1439 1058 1504 sed
1073 1437 1248 1522 principali
1267 1456 1340 1514 suo,
1357 1437 1521 1521 usucapit,

353 1551 392 1610 ut
413 1545 566 1612 colonus.

393 1655 425 1718 9⁰
447 1655 554 1720 Debet
577 1672 652 1720 esse
675 1656 836 1720 continua
855 1660 889 1720 et
909 1674 977 1719 aaa
1000 1657 1200 1740 intemplo,
1225 1655 1304 1738 quia
1324 1654 1525 1736 interruptio

354 1763 523 1830 contrane
537 1767 589 1827 est
602 1764 864 1846 praescriptioni:
878 1765 937 1829 sed
951 1764 1120 1828 sufficitut
1130 1763 1302 1847 possessio
1311 1763 1529 1828 continuetur

356 1872 427 1936 sive
443 1872 484 1936 ab
499 1889 579 1947 uno,
599 1873 670 1935 sive
686 1873 877 1938 successive
892 1891 912 1938 a
930 1872 1083 1956 pluribus
1104 1871 1379 1955 possessoribus:
1396 1873 1529 1936 constat

356 1985 556 2063 exutroque
570 1982 659 2063 jure.
773 1979 777 1992 '

599 2165 628 2215 11.
646 2165 685 2216 ite
697 2163 825 2228 tempora
840 2163 974 2228 requisito
990 2163 1024 2216 ad
1040 2162 1288 2228 praecinendum.

399 2309 430 2388 a)
448 2305 571 2386 Quoad
582 2323 633 2370 res
647 2304 843 2388 corporales.
855 2305 886 2366 1⁰
895 2303 1045 2382 Mobiles,
1057 2304 1160 2370 etiem
1175 2303 1340 2386 praetiosae
1354 2304 1410 2368 vel
1421 2304 1530 2370 Eccle-

360 2415 418 2478 siae
432 2415 605 2488 Romanor,
615 2431 695 2478 eum
708 2411 806 2477 titulo
818 2411 1084 2495 praescribuntur
1096 2410 1254 2488 triennio,
1271 2411 1403 2476 sublata
1417 2412 1529 2478 annali
1595 2467 1596 2472 ,

360 2522 622 2606 praescriptione.
653 2521 691 2584 Et
724 2523 796 2586 baec
823 2520 998 2603 dispositio
1026 2538 1096 2584 non
1135 2525 1188 2584 est
1212 2525 1363 2586 correcta
1389 2540 1450 2605 per
1473 2523 1530 2603 Jus

359 2631 570 2696 canonicum.
586 2629 712 2694 Tamen
726 2629 830 2712 aliqui
842 2629 1031 2693 attribuunt
1047 2631 1150 2693 rebus
1165 2628 1346 2696 mobilibus
1361 2629 1451 2694 idem
1467 2629 1532 2712 pri-

361 2739 523 2821 vilegium
552 2739 644 2822 quod
662 2737 893 2802 immobilibus
913 2737 1154 2802 ecclesiarum:
1173 2738 1264 2821 quod
1287 2742 1377 2803 recte
1392 2737 1530 2802 concedi

361 2848 496 2912 videtur
512 2847 614 2912 rebus
633 2847 731 2912 valde
749 2847 917 2931 pretiosis,
935 2865 1010 2930 quae
1023 2847 1275 2930 aequiparantur
1290 2845 1528 2911 immobilibus.

401 2959 433 3020 2⁰
448 2957 514 3020 Res
539 2956 722 3020 immobiles
737 2957 948 3038 privatorum
970 2955 1236 3037 praescribuntur
1257 2955 1422 3022 decennio
1445 2955 1532 3019 inter

362 3071 559 3148 praesentes,
579 3069 614 3128 et
627 3065 784 3130 vicennio
798 3066 887 3128 inter
905 3065 1075 3138 absentes,
1089 3081 1167 3126 cum
1183 3062 1280 3126 titulo
1296 3067 1330 3127 et
1343 3063 1434 3128 boica
1449 3061 1530 3135 ilde:

363 3174 436 3238 sine
450 3172 547 3237 titulo
563 3177 690 3248 autem,
707 3172 815 3256 spatio
827 3171 866 3235 30
880 3189 1059 3236 annorum.
1076 3171 1126 3236 lta
1137 3174 1194 3254 jus
1208 3170 1410 3236 Romanum.

401 3283 433 3345 3⁰
448 3281 513 3346 Res
534 3280 726 3364 corporales
736 3281 963 3365 privileplate
977 3281 1168 3361 generatim
1182 3298 1252 3345 non
1270 3281 1535 3362 praescribuntur

362 3392 427 3456 nisi
440 3390 639 3472 longissimo
654 3389 709 3453 vel
722 3388 826 3470 longo
839 3395 1003 3472 tempore.
1023 3388 1213 3454 Cenonistae
1228 3387 1344 3464 multa,
1362 3393 1438 3471 post
1454 3388 1535 3452 civi-

362 3500 468 3574 listas,
480 3499 596 3563 dicunt
606 3498 648 3562 de
657 3497 911 3580 praescriptione
922 3497 1056 3561 illarum
1068 3517 1199 3574 rerum;
1211 3497 1271 3562 sed
1283 3515 1361 3562 cum
1372 3497 1534 3582 pleraque

364 3612 526 3672 eruantur
540 3626 583 3672 ex
602 3607 675 3672 solo
687 3609 765 3689 jure
780 3607 944 3682 Romano,
961 3606 1038 3671 ideo
1054 3607 1203 3671 breviter
1222 3625 1296 3690 quae
1311 3611 1465 3689 spectant
1479 3627 1535 3672 res

364 3715 593 3790 ecclesiarum,
618 3715 882 3780 recensebimus.
904 3713 1020 3798 ltaque
1041 3716 1073 3778 l⁰
1093 3733 1148 3779 res
1166 3713 1358 3780 immobiles
1382 3713 1537 3780 Ecclesiae

365 3825 526 3891 Romanae
540 3841 611 3888 nou
623 3825 888 3906 praescribuntur
898 3823 962 3887 nisi
975 3823 1084 3907 spatio
1097 3829 1235 3888 centum
1247 3842 1416 3888 annorum
1431 3824 1469 3905 (e.
1485 3825 1533 3900 13,

367 3935 414 4008 tt,
429 3935 465 3996 17
481 3935 513 3996 b.
529 3938 563 4009 t.;
577 3952 606 3997 c.
618 3934 675 3996 1111.
691 3933 765 3998 eod.
781 3933 870 4008 ind,
888 3933 980 4016 etc.);
997 3937 1032 3997 et
1045 3933 1135 3996 idem
1147 3932 1328 3998 (licendum
1341 3932 1444 3996 estde
1455 3933 1536 4014 Juri-

366 4043 429 4107 bus
444 4042 701 4126 particularibus
721 4042 882 4126 quesistis
898 4044 1000 4108 rebus
1014 4043 1194 4108 cohaerent.
1210 4042 1242 4104 11
1259 4041 1324 4105 Res
1345 4039 1536 4106 immobiles

366 4151 508 4216 aliarum
523 4151 723 4216 inferiorum
738 4151 956 4217 ecclesiarum
972 4151 1237 4236 praescribuntur
1250 4150 1358 4234 spatio
1373 4148 1413 4214 ld
1429 4169 1535 4214 auno-

365 4278 443 4322 rum
455 4260 494 4340 (c.
510 4259 540 4334 l,
557 4261 623 4322 tih.
640 4260 694 4341 t.);
714 4265 748 4324 et
771 4261 843 4325 haec
869 4260 1138 4344 quadragenaria
1156 4258 1363 4342 praescriptio
1377 4257 1538 4340 competit

366 4368 524 4432 omnibus
538 4371 754 4434 monasteriis
769 4375 803 4434 et
816 4371 899 4434 locis
913 4369 1090 4452 religiosis.
1361 4357 1362 4360 '

408 4474 437 4554 l)
452 4476 568 4552 Quoad
591 4496 643 4540 res
667 4478 898 4562 incorporales.
923 4479 954 4540 1⁰
984 4477 1101 4541 Omnis
1126 4478 1286 4554 servitus,
1313 4479 1536 4552 ususfructus,

367 4584 540 4662 habitatio,
555 4591 617 4651 etc.
631 4586 831 4668 regulariter
844 4587 1105 4674 acquirebantur
1116 4587 1157 4652 de
1168 4589 1245 4670 jure
1257 4585 1353 4652 Rom.
1366 4584 1539 4670 praesorip-

371 4691 460 4756 tione
471 4693 641 4760 ordinaria
653 4696 754 4760 lovel
765 4697 804 4761 eo
816 4715 984 4764 annorum
996 4715 1074 4763 cum
1087 4695 1184 4762 titulo
1195 4716 1201 4772 ;
1213 4693 1537 4778 imo,Joxtaplures,
