3498 5572
357 557 419 624 lae
820 578 871 651 rus
891 577 1071 626 canonican.
1178 613 1181 620 .

358 695 503 780 publicae
525 695 749 770 necessitatis,
766 695 936 780 siquidem
951 699 1010 779 jus
1032 697 1192 780 exigendi
1211 697 1489 768 uniceiundatur
1501 693 1541 766 in'

359 791 619 871 necessitatibus
630 803 753 867 boniet
763 802 1035 898 ordinispubliai.¹
1047 805 1311 890 Olimprincipes
1320 807 1538 892 imponentes

352 914 434 978 sine
449 931 552 976 causa
566 929 674 976 novas
690 913 895 990 exactiones,
912 914 987 996 ipso
1001 915 1090 978 lacto
1108 915 1327 980 incurrebant
1342 935 1539 982 excommu-

359 1021 566 1088 nicationem
591 1023 802 1085 reservatam
824 1020 860 1084 in
883 1019 976 1086 bulla
995 1019 1119 1086 Coeaee.
1143 1021 1316 1087 Generalis
1332 1028 1385 1088 est
1404 1023 1536 1104 regida,

360 1129 452 1214 quod
464 1148 505 1194 ea
518 1148 594 1213 quae
609 1133 691 1192 snut
703 1129 899 1196 immediate
915 1129 971 1194 vel
984 1130 1132 1196 mediate
1153 1132 1347 1196 necessaria
1369 1131 1412 1196 ad
1431 1134 1538 1196 linem

357 1237 531 1304 societatis
552 1237 652 1322 plene
679 1237 971 1321 consequendum,
987 1243 1141 1320 potestas
1154 1241 1233 1322 jure
1248 1241 1384 1322 exigere
1404 1243 1535 1324 potest;

360 1351 444 1412 tunc
466 1345 602 1423 subditi,
625 1347 702 1411 ideo
724 1347 804 1430 quia
834 1352 915 1410 sunt
935 1349 1091 1412 membra
1115 1349 1296 1425 societatis,
1314 1353 1476 1414 tenentur
1497 1367 1539 1414 ea

358 1459 537 1538 prestera
561 1473 663 1536 porro
679 1455 791 1520 olilcio
807 1453 1022 1520 subditorum
1034 1457 1279 1540 correspondet
1292 1459 1350 1536 jus
1363 1457 1535 1540 principis.

399 1561 465 1626 Sed
481 1580 556 1646 quae
578 1561 756 1627 evidenter
770 1581 840 1629 non
854 1567 935 1627 aunt
948 1565 1143 1630 necessaria
1165 1563 1208 1628 ad
1227 1565 1333 1628 finem
1354 1565 1536 1641 societatis,

358 1689 422 1736 nec
435 1669 562 1735 subditi
579 1673 741 1733 tenentur
764 1688 805 1734 ea
823 1675 997 1754 praestare,
1019 1689 1083 1734 nec
1096 1671 1239 1755 proinde
1253 1673 1412 1756 princeps
1425 1677 1540 1756 potest

358 1797 400 1844 ea
410 1777 561 1860 exigere,
585 1795 664 1842 cum
676 1779 734 1859 jus
746 1778 925 1860 potestatis
935 1778 1099 1843 fundetur
1111 1781 1147 1842 in
1161 1781 1354 1846 necessario
1367 1799 1459 1845 nexu
1470 1797 1540 1844 me-

356 1887 492 1974 diorum
512 1904 591 1950 cum
605 1886 674 1950 llne
694 1885 884 1962 societatis;
908 1887 1045 1970 qnando
1059 1887 1245 1952 necessitas
1268 1889 1462 1952 mediorum
1477 1907 1539 1952 seu

357 1994 533 2079 speciatim
557 1993 777 2058 exactionum
794 1999 848 2058 est
869 1993 981 2072 dubia,
1003 1998 1061 2077 jus
1083 1996 1174 2060 inest
1192 2013 1361 2079 supremas
1377 1997 1537 2079 potestati

351 2105 529 2190 jndicandi
544 2105 586 2169 de
611 2103 804 2170 mediorum
818 2106 1033 2172 necessitate.
1060 2106 1230 2190 Sequitur,
1249 2107 1342 2192 quod
1355 2105 1479 2172 modus
1503 2113 1537 2172 et

355 2214 468 2279 forma
480 2211 650 2276 servanda
669 2217 723 2276 est
736 2213 772 2276 in
785 2213 986 2296 hujusmodi
998 2215 1250 2290 exactionibus3
1273 2213 1440 2298 imprimis
1460 2217 1537 2282 snb-

357 2321 419 2386 diti
432 2320 523 2385 ultra
535 2319 626 2384 vires
641 2337 713 2386 non
734 2319 860 2384 debent
872 2321 1023 2401 gravari,
1047 2321 1170 2386 deinde
1186 2338 1326 2387 necesse
1348 2327 1402 2386 est
1415 2327 1454 2386 ut
1467 2341 1537 2386 ser-

357 2433 457 2494 vetur
472 2426 648 2512 aequalitas
660 2428 888 2511 proportionis
902 2428 1116 2508 geometricae
1129 2429 1219 2492 inter
1230 2447 1406 2512 personae,
1423 2429 1538 2494 habita

354 2537 488 2602 ratione
513 2535 725 2601 facultatum.
751 2535 857 2600 Hodie
877 2537 1110 2600 mconomistae
1137 2536 1312 2620 disputant
1331 2537 1373 2601 de
1385 2540 1480 2620 justa
1502 2541 1538 2602 et

356 2648 450 2710 recta
467 2645 579 2709 forma
596 2644 812 2720 tributorum,
835 2662 880 2708 an
893 2643 1015 2708 debeat
1034 2663 1110 2708 esse
1132 2645 1361 2727 progressiva,
1378 2650 1417 2708 nt
1428 2645 1536 2722 aiunt,

356 2753 413 2817 vel
426 2751 707 2836 proportionalia
724 2770 769 2816 an
786 2750 967 2834 multiplex
978 2751 1034 2816 vel
1054 2753 1153 2816 unica
1166 2753 1203 2815 in
1215 2751 1404 2817 redditibus
1418 2753 1534 2834 singu-

355 2859 468 2925 lorum
491 2860 618 2924 civium
632 2859 784 2936 lundata,
804 2863 867 2924 etc.
881 2859 972 2942 ised
985 2860 1156 2942 ejusmodi
1170 2859 1417 2943 disputationes
1431 2862 1535 2945 respi-

355 2969 451 3034 ciunt
464 2967 621 3034 ordinem
637 2967 896 3047 contingentem
915 2984 977 3030 seu
1000 2966 1244 3031 accidentalem
1265 2969 1478 3044 societatum,
1497 2987 1537 3034 ac

355 3075 499 3160 proinde
513 3093 584 3140 non
606 3075 779 3160 pertinent
800 3074 844 3140 ad
860 3075 949 3157 juris
969 3073 1094 3157 publici
1116 3075 1273 3141 absoluta
1292 3082 1326 3140 et
1339 3077 1537 3142 communia

355 3184 529 3268 principia.

396 3293 429 3356 l·
445 3291 542 3357 iusta
561 3293 779 3358 exactionum
800 3292 1147 3358 extraordinariarum
1166 3311 1270 3358 causa
1290 3294 1327 3358 in
1347 3294 1458 3377 specie
1483 3299 1537 3358 est

354 3401 500 3466 munitio
515 3401 662 3476 urbium,
675 3404 859 3484 apparatus
872 3399 1013 3466 bellicus
1024 3404 1059 3464 et
1071 3400 1243 3484 stipendia
1255 3399 1420 3479 militum;
1436 3419 1535 3485 repa-

286 3497 291 3506 *
354 3509 440 3574 ratio
455 3508 589 3574 viarum
607 3527 647 3573 ao
665 3509 839 3592 pontium,
856 3525 960 3592 opera
979 3507 1194 3589 religionem,
1214 3509 1389 3591 pietatem,
1407 3512 1534 3593 juven-

354 3618 435 3682 tutis
455 3618 707 3683 institutionem
730 3623 766 3682 et
793 3617 1033 3684 educationem
1060 3619 1264 3702 spectantia3
1288 3635 1478 3700 egenorum
1499 3623 1535 3682 et

351 3729 558 3796 miserorum
580 3730 782 3808 sublevati0,
817 3737 853 3796 et
883 3731 1075 3813 generatim
1108 3732 1294 3795 necessitas
1321 3736 1382 3794 aut
1406 3730 1534 3796 utilitas

352 3837 510 3920 ejusdem
532 3836 744 3922 reipubliaae,
767 3857 837 3903 non
854 3856 934 3904 vero
951 3856 1108 3922 personae
1130 3838 1270 3920 privatae
1286 3838 1395 3922 ipsius
1412 3839 1536 3922 prinoi-

353 3943 407 4028 pis
420 3945 639 4028 imponentis.

392 4053 428 4116 2⁰
447 4052 498 4116 Ad
509 4053 570 4118 bas
586 4055 781 4119 exactiones
796 4053 1050 4118 deveniendum
1066 4071 1137 4118 non
1153 4059 1214 4129 est,
1233 4055 1299 4117 nisi
1313 4054 1427 4119 media
1442 4053 1533 4118 ordi-

352 4159 449 4226 naria
458 4178 529 4225 non
538 4161 718 4238 sufficiant,
735 4167 770 4226 et
783 4161 944 4227 aerarium
957 4160 1131 4246 publicum
1143 4179 1205 4244 par
1217 4179 1288 4226 non
1299 4161 1344 4226 sit
1355 4161 1534 4243 obligatio-

352 4267 454 4331 nibus
467 4267 725 4334 satisfaciendis.

392 4375 425 4439 3⁰
439 4373 516 4440 lstae
531 4378 728 4442 exactiones
747 4396 817 4444 non
841 4378 969 4444 debent
987 4395 1063 4442 esse
1080 4379 1229 4459 majores
1248 4379 1409 4461 quemad
1428 4379 1534 4443 ssnem

353 4483 579 4550 obtinendum
596 4485 827 4551 necessarium
843 4487 1000 4552 videatur
1016 4505 1023 4548 :
1039 4489 1174 4550 constat
1185 4503 1229 4550 ex
1242 4503 1315 4570 cap.
1332 4486 1352 4550 8
1367 4487 1408 4552 de
1420 4487 1534 4566 Omni,

354 4593 478 4675 praeter
491 4592 711 4658 intrinsecam
726 4594 898 4658 rationem
911 4613 956 4658 ex
965 4596 1044 4676 jure
1059 4591 1259 4674 imponendi
1273 4596 1427 4676 petitam.

357 4747 359 4752 -
395 4699 429 4768 40
441 4698 517 4766 1stae
531 4702 726 4768 exactiones
740 4719 874 4770 cessare
886 4701 1021 4778 debent,
1037 4703 1193 4766 cessante
1206 4717 1319 4780 causa,
1336 4709 1369 4768 et
1381 4705 1417 4770 in
1430 4703 1536 4770 alium
