3498 5572
577 589 667 638 arasa
688 593 813 640 raurrus
834 593 1060 641 haeseramus.
1350 571 1411 650 ,487

198 743 200 748 ·
232 712 266 776 et
284 711 419 794 publica
442 729 546 778 causa
567 712 779 796 imperantur
805 714 877 778 sive
902 711 1093 798 aprinoipe
1119 729 1181 776 seu
1208 711 1412 793 magistratu

229 817 330 894 civili,
348 821 420 884 sive
434 819 614 902 apraelatis
628 820 876 886 ecclesiasticis.

269 927 302 990 2⁰
315 927 516 993 Exactiones
532 935 612 991 sunt
624 927 851 992 ecclesiastica
866 927 921 992 vel
930 927 1113 1010 profanam
1127 932 1282 1011 utraeque
1298 925 1411 990 subdi-

228 1035 395 1099 viduntur
408 1035 443 1098 in
458 1035 649 1100 ordinarios
663 1041 698 1100 et
712 1036 1013 1111 entraordinarios,
1030 1040 1133 1118 prout
1152 1033 1296 1116 singulis
1311 1035 1411 1100 annis

228 1143 427 1225 penduntur
439 1143 494 1206 vel
509 1161 552 1206 ex
564 1161 667 1207 causa
678 1143 892 1208 necessitatis
907 1143 1103 1224 exiguntur.

268 1249 396 1315 Harum
407 1250 511 1314 varia
524 1250 628 1314 etiam
641 1255 723 1314 sunt
737 1250 868 1334 species
884 1271 892 1314 :
906 1249 1042 1334 quando
1055 1253 1263 1333 praestantur
1281 1269 1325 1314 ex
1334 1251 1412 1314 iun-

230 1357 281 1420 dis
307 1375 495 1440 eorumque
517 1357 694 1433 fructibus,
722 1357 881 1422 dicuntur
909 1357 1037 1420 tributo
1061 1375 1122 1420 seu
1149 1374 1285 1434 censum
1312 1358 1341 1420 si
1367 1375 1411 1421 ex

228 1465 445 1530 facultatibus
459 1467 656 1549 patrimonii
676 1459 893 1549 praestantur,
914 1467 1059 1531 collectae
1083 1483 1146 1530 seu
1164 1466 1270 1530 talliae
1284 1483 1410 1531 vocan-

228 1579 303 1650 tur;
331 1575 504 1657 capitolio,
532 1593 608 1658 qua
631 1575 787 1657 personis
811 1593 872 1638 seu
896 1574 1063 1657 capitibus
1089 1574 1162 1637 sine
1188 1578 1345 1658 respectu
1366 1574 1410 1640 ad

228 1699 349 1746 eorum
372 1681 463 1746 bona
484 1682 718 1766 imponuntur.
741 1682 911 1747 Hactenus
935 1682 1105 1746 recensita
1126 1683 1220 1747 varie
1242 1681 1409 1766 applicata

228 1789 319 1871 apud
339 1808 403 1854 nos
425 1789 583 1854 dicuntur
603 1790 731 1854 tribum
758 1791 897 1854 directo.
926 1789 1055 1854 Cratera
1080 1790 1220 1854 nomine
1245 1790 1407 1870 generice

228 1883 430 1960 tributorum
441 1898 921 1979 indirectoromdesignantnr,
937 1895 1263 1980 etsunlvectipolio,
1278 1913 1355 1979 quaa
1365 1915 1408 1961 ex

226 2008 329 2072 rebus
346 2011 381 2070 et
391 2007 563 2070 mercibus
578 2006 722 2071 invectis
737 2005 938 2083 solvuntur;
953 2005 1095 2090 petrella
1115 2023 1176 2069 seu
1192 2007 1319 2085 accisae,
1331 2024 1408 2090 quse

225 2133 268 2178 ex
286 2115 379 2192 vino,
406 2113 475 2178 sale
494 2113 638 2198 aliisque
660 2113 840 2178 venalibus
863 2114 966 2178 rebus
993 2114 1137 2190 dantur;
1163 2111 1329 2196 poidopr'o
1344 2131 1406 2178 seu

101 2216 107 2227 '
217 2225 383 2306 pedopio,
399 2241 475 2306 qua
489 2241 552 2306 pro
566 2241 686 2287 securo
702 2224 847 2288 transitu
858 2225 1093 2306 imponuntur.

265 2333 295 2414 b)
312 2331 405 2412 Quid
425 2333 597 2417 episcopus
612 2335 722 2417 possit
742 2335 875 2418 ccipere
897 2333 940 2397 ob
961 2333 1132 2398 ecclesiis?
1153 2335 1185 2397 1·
1199 2333 1315 2398 Potest
1333 2333 1405 2397 exi-

224 2459 357 2520 gerasa
373 2441 490 2505 onmia
505 2461 580 2525 quae
595 2443 626 2506 ei
642 2441 811 2506 debentur
823 2443 954 2524 exlege
966 2443 1170 2518 hoeoesana,
1186 2447 1268 2526 puta
1285 2445 1407 2526 quarta

224 2547 435 2613 decimarum
449 2553 485 2613 et
497 2549 775 2624 mortuariorum,
792 2549 1060 2614 cathedraticum
1081 2568 1143 2616 seu
1166 2547 1405 2633 synodaticum

224 2660 259 2719 et
279 2655 470 2720 subsidium
483 2657 733 2722 charitativum.
755 2659 803 2722 lle
817 2657 884 2721 illis
899 2657 1048 2722 diximus
1061 2657 1098 2720 in
1112 2658 1163 2720 tit.
1183 2675 1260 2720 xxxi
1281 2655 1359 2720 libri
1377 2655 1403 2732 l,

223 2767 303 2826 sect.
319 2768 391 2843 rv,§
410 2764 440 2841 b,
458 2783 492 2826 n.
510 2765 539 2828 l.
561 2763 620 2829 liic
636 2763 872 2829 adnotandum
894 2769 1030 2829 tantum
1052 2764 1144 2848 quod
1164 2764 1231 2828 hoc
1243 2763 1405 2828 ultimum

221 2888 292 2934 non
314 2871 458 2936 debetur
477 2873 644 2956 episcopis
656 2873 804 2956 pingues
823 2871 977 2938 redditus
991 2872 1208 2949 habentibus,
1230 2875 1270 2935 ut
1290 2869 1403 2936 decla-

221 2979 310 3041 ravit
331 2977 363 3042 S.
384 2977 550 3062 Gongrcg.
566 2980 666 3045 Gono.
685 2982 720 3045 ia
734 2981 942 3059 Gerundea„
957 2981 994 3042 il
1009 2981 1094 3044 iebr.
1116 2980 1206 3043 1663.
1223 2979 1271 3044 De
1288 2979 1403 3046 cathe-
1445 3073 1450 3080 1
1544 3057 1548 3066 Ι

223 3083 351 3150 dratico
365 3086 441 3150 iuss
455 3087 526 3168 agit
540 3087 666 3152 Bened.
680 3087 762 3164 XIV,
778 3087 815 3150 in
829 3087 916 3170 Spa.
933 3087 1029 3151 dicer.
1046 3087 1068 3150 l.
1083 3087 1121 3163 V,
1137 3105 1166 3151 c.
1182 3085 1203 3150 6
1217 3091 1252 3151 et
1270 3089 1300 3148 7.

259 3193 291 3254 ⁰2⁰
309 3195 365 3259 An
389 3194 457 3258 ille
479 3196 670 3260 exactiones
695 3195 936 3258 consuetudine
958 3193 1016 3258 vel
1033 3195 1404 3280 etiampraescriptioae

219 3301 296 3364 tolli
305 3303 466 3386 possint?
489 3303 603 3368 Prima
626 3305 798 3368 sententia
821 3304 980 3380 affirmat,
1004 3304 1086 3386 quia
1105 3304 1232 3368 auferri
1256 3307 1403 3386 possunt

219 3406 285 3474 alia
295 3415 375 3494 jura
387 3411 603 3494 episcopaha.
621 3411 778 3476 Secunda
797 3418 912 3493 negat,
931 3411 1011 3494 quia
1024 3412 1151 3476 tributa
1160 3411 1218 3476 illa
1231 3411 1402 3477 debentur

218 3523 255 3583 in
282 3520 420 3601 signum
444 3520 677 3602 subjectionis,
700 3537 740 3584 ao
756 3518 899 3602 proinde
919 3519 992 3584 tolli
1020 3524 1209 3604 nequeunt,
1236 3523 1399 3586 manente

219 3626 441 3708 subjectione.
469 3627 620 3691 Tandem
650 3627 752 3691 tertia
782 3625 962 3707 distinguit
987 3627 1079 3690 inter
1104 3626 1401 3710 prescriptionem

219 3733 437 3810 ordinariam,
455 3753 531 3817 quae
553 3735 590 3797 in
607 3735 672 3798 hoc
684 3751 766 3798 casu
789 3752 860 3798 uon
873 3737 991 3816 posset
1010 3733 1205 3816 praevalere,
1228 3738 1263 3799 et
1285 3738 1398 3798 extra-

217 3839 425 3906 ordinariam
449 3859 511 3905 seu
526 3840 824 3918 immemorialem,
847 3859 923 3925 quae
937 3841 1087 3925 aliquam
1102 3841 1281 3907 ecclesiam
1295 3841 1399 3924 parti·

218 3945 369 4012 oularem
395 3948 556 4014 liberaret
576 3969 597 4014 a
614 3949 833 4032 praestatione
858 3967 978 4014 earum
999 3950 1228 4015 exactionum.
1254 3949 1331 4024 Sed,
1360 3955 1399 4013 ut

217 4056 416 4120 monuimus
437 4057 473 4121 in
496 4056 595 4122 titulo
609 4055 721 4133 lllllll,
742 4055 1010 4122 cathedraticum
1028 4059 1276 4123 consuetudine
1293 4058 1398 4124 etiam

217 4161 456 4229 immemoriali
476 4183 546 4230 non
560 4165 800 4248 praescribitur,
822 4170 861 4228 ut
882 4165 1067 4230 declaravit
1087 4167 1120 4230 S.
1136 4163 1258 4248 Gongr.
1280 4163 1394 4242 (lonc,

216 4267 296 4334 licet
309 4273 420 4354 possit
432 4274 613 4339 moderari.

257 4381 284 4461 c)
315 4379 435 4444 Utmm
459 4383 614 4467 prmceps
631 4383 738 4466 possit
760 4390 793 4446 et
816 4383 855 4446 ob
875 4401 961 4467 patos
982 4401 1103 4448 censos
1124 4401 1274 4448 rurenses
1299 4399 1396 4446 novas

216 4491 424 4552 EXAGTIONES?
443 4491 475 4552 1ο
490 4488 683 4554 Generatim
698 4489 824 4554 subditi
839 4490 1029 4556 secundum
1047 4492 1305 4574 proportionem
1318 4505 1397 4554 suad

215 4612 294 4658 rum
307 4595 508 4661 facultatum
520 4597 715 4680 obligantur
733 4598 777 4662 ad
795 4599 1063 4663 succurrendum
1083 4599 1229 4682 publicis
1246 4597 1395 4662 necessi-

216 4702 359 4780 tatibus;
384 4703 445 4768 sed
463 4705 619 4793 princeps
645 4705 729 4768 nihil
751 4709 866 4794 potest
887 4705 1064 4796 imponere
1093 4707 1181 4772 ultra
1203 4704 1395 4790 exigentiae
1419 4800 1422 4806 ι
1544 4784 1546 4791 ,
