3510 5574
555 611 640 666 traua
663 611 787 666 rsarrus
808 612 1030 668 oecrarauou.
1320 593 1378 667 dii

205 734 298 803 ribus
319 737 355 802 in
372 738 455 803 loeis
471 737 513 802 de
532 739 626 820 sacto
641 739 789 803 siluerit
808 740 1022 820 derogatum.
1050 737 1291 804 Verumtamen
1312 739 1379 820 legi

205 863 390 910 concursus
408 845 462 908 his
480 844 517 908 in
535 845 733 927 regionibus
754 865 825 910 oon
845 865 923 911 raro
944 847 1200 929 obtemperatur
1219 865 1282 930 per
1301 863 1381 910 oon-

205 971 325 1018 cursus
339 952 528 1034 generales,
550 957 734 1018 semestres
753 959 788 1018 et
804 953 979 1029 annuales,
1001 955 1037 1016 in
1056 954 1180 1036 quibus
1194 954 1308 1018 idonei
1330 974 1381 1019 so-

205 1065 405 1136 cemuntur;
427 1063 461 1124 et
483 1059 611 1124 clariss.
630 1061 677 1123 lte
698 1060 836 1142 angelis
847 1065 945 1144 putat
962 1062 1052 1124 bunc
1066 1061 1208 1126 modum
1220 1080 1290 1126 non
1305 1079 1380 1125 esse

205 1167 421 1249 illegitimum
435 1167 510 1250 (loc.
525 1168 610 1250 cit.);
627 1167 696 1232 imo
713 1175 766 1233 est
779 1169 861 1234 satis
876 1170 1047 1252 antiquus.

244 1277 277 1340 3⁰
286 1276 467 1360 speciatim
476 1277 512 1341 in
526 1275 640 1354 Gallia,
652 1275 779 1358 Belgio,
792 1283 856 1344 etc.
866 1277 1093 1359 vigetmodus
1105 1277 1260 1342 diversus
1270 1278 1382 1361 quoad

204 1386 380 1468 parochias
393 1389 543 1470 majores
557 1405 619 1450 seu
632 1387 840 1461 cantonales,
858 1391 893 1450 et
906 1388 1057 1454 minores
1073 1409 1080 1450 :
1100 1388 1212 1471 quoad
1232 1386 1379 1458 ultimas,

206 1493 384 1578 episcopus
402 1513 460 1559 eas
480 1496 613 1560 coniert
633 1491 869 1560 revocabiliter
882 1513 943 1559 seu
958 1497 1002 1560 ad
1022 1501 1161 1571 nutum;
1184 1501 1218 1559 et
1240 1495 1294 1558 hic
1309 1509 1380 1557 mo-

206 1601 270 1664 dus
284 1603 348 1666 fuit
358 1601 522 1667 toleratus
534 1603 892 1685 aSadellpostolicain
901 1604 1124 1688 responsione
1133 1603 1175 1669 ad
1185 1605 1287 1688 episc.
1302 1604 1383 1666 Leo-

206 1708 374 1786 diensem3
386 1711 499 1794 quoad
506 1711 672 1794 parochos
683 1711 1383 1786 inamovibiles,'nonoonstituunturetiam

206 1835 267 1899 per
284 1817 431 1882 somnam
450 1835 653 1894 concursusr
676 1823 711 1882 et
731 1819 888 1902 quamvis
910 1818 1005 1882 nulla
1024 1819 1067 1882 sit
1087 1818 1268 1884 declaratio
1287 1817 1384 1882 Sedis

206 1923 406 2006 Apostolicae
426 1926 515 1990 eiroa
530 1925 741 1990 validitatem
766 1925 901 1990 illarum
925 1927 1172 2008 provisionum,
1196 1927 1385 1991 tenendum

207 2032 310 2095 etiam
333 2031 408 2096 illas
429 2051 505 2097 esse
526 2033 667 2108 validas,
686 2031 820 2098 sublata
839 2031 1015 2098 sanctione
1039 2033 1086 2096 Pii
1104 2035 1141 2110 ll;
1166 2051 1246 2099 nam
1262 2034 1385 2098 Sancta

208 2138 312 2204 Sedes
332 2159 402 2206 non
422 2141 558 2222 ignorat
578 2140 711 2224 praxim
731 2141 767 2204 in
791 2139 897 2204 Gallia
917 2146 1101 2222 receptam,
1122 2147 1157 2205 et
1176 2142 1385 2205 immensum

207 2253 300 2310 esset
318 2249 573 2325 detrimentum,
596 2249 624 2312 si
643 2249 857 2331 provisiones
882 2249 1091 2332 subreptitiae
1116 2255 1233 2313 essent
1255 2251 1313 2331 (ita
1338 2249 1385 2312 lle

208 2356 358 2437 Angelis,
368 2357 402 2420 h.
418 2363 440 2420 t.
456 2376 490 2420 n.
506 2357 568 2438 22).
585 2356 828 2422 Verumtamen
842 2357 1032 2421 consultius
1045 2363 1137 2422 esset
1152 2363 1190 2420 ut
1203 2359 1276 2422 istae
1290 2376 1386 2441 paro·
1407 2419 1409 2426 ,

206 2466 289 2529 obire
309 2467 564 2549 provideantur,
582 2472 718 2534 servata
730 2468 808 2550 lege
823 2487 1020 2534 concursus.

484 2705 488 2722 ,
616 2661 658 2712 tv.
676 2659 798 2713 Effectus
812 2659 979 2714 collationis.

248 2793 394 2864 mactus
415 2793 605 2860 cubationis
632 2795 824 2875 generatim
839 2795 871 2856 1⁰
886 2799 939 2858 est
963 2795 1110 2858 tribuere
1131 2797 1189 2878 jus
1210 2795 1245 2860 in
1260 2813 1307 2873 re,
1325 2815 1384 2860 seu

208 2901 511 2986 quasi-dominium
536 2901 702 2966 beneficii.
729 2899 868 2966 Collatia
896 2901 989 2964 enim
1015 2903 1245 2985 aequiparatur
1266 2903 1386 2968 contir-

208 3009 349 3074 mationi
365 3015 399 3072 et
414 3008 630 3085 institutioni,
648 3013 750 3091 atque
767 3009 837 3072 vim
858 3008 962 3074 habet
982 3009 1173 3074 traditionis
1196 3011 1293 3084 licta,
1311 3029 1386 3094 quae

207 3116 250 3179 ad
266 3116 504 3184 transferenda
512 3119 591 3200 jura
605 3115 793 3198 spiritualia
808 3116 941 3180 sufficit.

248 3224 280 3286 d·
293 3221 432 3289 Collatio
448 3223 602 3290 nondum
623 3227 796 3306 acceptata
814 3223 931 3288 tribuit
942 3227 1000 3306 jus
1015 3225 1118 3301 reale,
1135 3243 1205 3290 non
1220 3225 1385 3298 absolute,

210 3333 270 3397 sed
285 3331 526 3407 conditionate,
541 3349 665 3416 nempe
680 3331 708 3394 si
722 3330 917 3398 collatarius
931 3323 1154 3406 consenserit,
1171 3331 1218 3399 ita
1232 3339 1270 3396 ut
1288 3333 1388 3398 oolla-

210 3445 264 3505 tor
275 3445 424 3525 nequeat
438 3439 521 3504 illud
534 3439 631 3504 altari
645 3441 800 3508 conterre
816 3441 855 3522 (c.
874 3442 912 3503 17
927 3461 978 3524 pr.
996 3441 1045 3504 tit.
1062 3442 1097 3504 in
1111 3442 1166 3523 6⁰).
1181 3441 1278 3506 Ratio
1292 3462 1299 3504 ε
1314 3441 1388 3506 talis

209 3545 344 3614 collatio
359 3565 403 3612 ex
421 3553 517 3631 parte
531 3546 702 3612 collatoris
717 3552 770 3613 est
783 3548 943 3630 perlecta,
960 3548 1020 3612 sed
1036 3547 1147 3614 solum
1169 3547 1389 3631 suspenditur

212 3675 255 3722 ex
272 3657 408 3722 deiectu
423 3673 612 3722 consensus
627 3656 662 3718 in
675 3654 860 3722 collatario.
877 3655 1051 3739 Ejusmodi
1068 3663 1184 3720 autem
1198 3675 1388 3721 consensus

210 3768 303 3829 certo
318 3783 389 3830 uon
404 3763 521 3828 tribuit
531 3766 592 3847 jus,
604 3763 705 3838 reale,
723 3763 783 3828 sed
798 3762 882 3830 illud
896 3764 1057 3846 supponit
1070 3782 1091 3828 a
1104 3763 1265 3828 collatore
1285 3764 1388 3826 tribu·

212 3878 297 3946 tum.
318 3873 435 3938 Plures
458 3878 583 3948 tamen,
603 3873 692 3939 inter
709 3890 795 3956 quos
814 3872 1124 3954 Sobmalzgrueber,
1151 3873 1275 3938 docent
1289 3871 1390 3936 oolla-

214 3980 342 4046 tionem
363 3999 435 4046 non
454 3985 664 4065 acceptatam
688 3983 842 4046 conterre
864 3985 999 4046 tantum
1012 3983 1070 4063 jus
1089 3981 1132 4045 ad
1155 3999 1239 4045 rem.
1265 3979 1390 4042 Verum

212 4088 355 4156 collator
370 4091 556 4158 terminum
571 4091 747 4174 praeltgcre
761 4097 885 4174 potest,
906 4109 974 4174 quo
994 4091 1119 4174 elapso,
1139 4090 1244 4154 libere
1266 4089 1392 4174 poterit

212 4198 296 4264 illud
310 4200 513 4266 beneficium
529 4200 625 4266 alteri
642 4201 807 4265 conterre.
