3440 5568
408 529 467 595 650
866 547 917 596 rus
937 546 1117 596 ernonrcun.

403 667 440 724 ad
454 667 639 740 superiorem
655 671 736 727 recta
746 668 854 728 deferri
869 674 1015 742 oporteat,
1027 669 1080 744 qui
1095 681 1132 726 ex
1145 682 1182 724 eo
1196 667 1326 740 primum
1339 671 1497 726 succurrat
1510 667 1566 741 ejus

404 759 576 816 necessitati
596 760 685 832 cujns
707 759 817 818 intuitu
841 759 915 818 illud
938 757 1102 827 obuenerit,
1127 757 1154 816 si
1174 755 1317 830 peculiari
1332 755 1437 831 aliqua
1452 760 1569 816 necessi·

294 917 297 934 ι
405 853 462 905 tate
478 848 555 906 ultra
577 863 767 906 communem
783 855 945 921 prematur,
970 848 1119 922 reliquum
1135 846 1295 906 conventui
1315 845 1529 918 incorporetur,
1542 853 1569 904 ut

405 937 434 996 in
446 951 636 996 communem
651 937 737 996 cedat
750 937 919 996 utilitatem.

439 1027 481 1086 Ad
496 1029 524 1084 i.
542 1031 607 1086 Non
622 1042 724 1100 posse.

439 1117 471 1172 ln
492 1116 634 1176 omnibus
661 1115 824 1176 novitiatus
852 1117 993 1176 domibus
1016 1117 1077 1176 rita
1101 1117 1231 1190 perlecta
1254 1117 1427 1176 communis
1445 1115 1569 1174 introdu-

403 1209 506 1277 catur;
522 1211 552 1264 et
570 1221 769 1280 quaecumque
792 1207 910 1266 indulta
923 1207 1092 1281 privilegia,
1116 1206 1334 1278 exemptiones,
1357 1205 1479 1264 familiae
1498 1204 1570 1263 illius

402 1291 566 1354 individuis
580 1301 669 1354 antea
683 1311 838 1366 concessa,
854 1297 997 1369 derogata
1011 1301 1202 1354 censeantur.

439 1383 470 1439 ln
489 1383 630 1442 domibus
655 1386 840 1458 professorii,
862 1385 1050 1444 educationis
1067 1389 1096 1444 et
1117 1383 1221 1454 studii,
1242 1386 1373 1458 perlecta
1394 1383 1573 1443 constitutio

403 1487 477 1530 num
489 1471 689 1546 observantia,
704 1475 897 1548 potissimum
912 1475 949 1532 de
964 1479 1148 1548 paupertate,
1165 1479 1332 1533 revocetur.

439 1565 470 1620 ln
486 1563 620 1636 qualibet
639 1565 728 1624 domo
750 1571 899 1624 statuatur
913 1563 1051 1624 aerarium
1067 1579 1121 1623 scu
1137 1579 1229 1636 capsa
1244 1565 1417 1624 communis
1428 1579 1498 1622 cnm
1511 1561 1574 1622 soli-

402 1652 442 1711 tis
457 1655 593 1724 cautelis,
617 1655 648 1712 in
663 1671 724 1728 qua
743 1655 894 1730 religiosis
918 1653 1072 1724 omnibus,
1094 1667 1155 1712 non
1177 1651 1316 1712 obstante
1335 1653 1472 1726 quolibet
1494 1651 1575 1725 priri-

403 1743 494 1818 legio,
515 1743 693 1817 deponenda
713 1745 771 1803 erit
792 1744 940 1818 pecunia;
957 1757 1027 1802 cum
1051 1743 1093 1800 nil
1108 1744 1153 1801 eis
1167 1757 1261 1818 penes
1277 1757 1309 1802 se
1327 1741 1456 1800 rotinere
1471 1742 1574 1800 licitum

404 1833 454 1902 sit,
472 1839 669 1906 preterquam
684 1835 765 1907 quod
788 1832 1021 1892 constitutiones
1045 1832 1210 1906 respective
1227 1832 1402 1905 permittant
1416 1831 1458 1905 (S.
1471 1831 1571 1902 Gongr.

403 1922 501 1994 Episc.
518 1923 628 1996 etlleg.
645 1927 680 1980 22
694 1923 781 1996 april.
797 1922 890 1995 tuat).

439 2008 1574 2086 Religiosusproiessuserellgioneexienspersaecularisationisindnltun,

403 2101 503 2170 potest
517 2097 628 2156 desuis
638 2097 727 2157 bonis
739 2099 910 2172 disponere,
924 2106 953 2158 et
963 2101 1127 2174 generatim
1142 2113 1230 2160 suam
1240 2099 1403 2173 juridicam
1418 2096 1576 2174 personali·

403 2189 493 2244 tatem
508 2191 664 2260 recuperat
681 2186 721 2260 (S.
737 2187 885 2262 congreg.
901 2188 1000 2261 Episc.
1020 2195 1050 2246 et
1066 2192 1150 2264 neg,
1166 2191 1272 2262 esopi.
1291 2188 1383 2263 l870).

440 2275 469 2330 S.
486 2273 605 2344 Ponit,
632 2277 664 2330 18
686 2275 772 2346 april.
804 2277 882 2346 teca,
908 2276 1081 2335 facultatem
1103 2277 1241 2336 concedit
1263 2277 1399 2337 locorum
1424 2275 1578 2335 ordinariis

404 2363 502 2436 quoad
525 2363 671 2422 moniales
695 2369 725 2421 et
746 2364 955 2437 superioribus
981 2365 1174 2440 generalibus
1194 2367 1293 2440 quoad
1314 2367 1397 2425 viros
1419 2365 1577 2440 regulares,

403 2453 580 2527 indulgendi
590 2453 715 2526 siveper
726 2468 769 2524 se,
780 2455 844 2516 sive
858 2470 911 2526 per
922 2455 1046 2514 idoneas
1061 2469 1207 2528 personas
1222 2455 1259 2514 ab
1275 2457 1320 2514 eis
1339 2455 1577 2531 subdelegandas

406 2543 582 2615 respectiris
606 2543 737 2602 subditis
752 2543 784 2600 in
804 2545 888 2602 ltalia
901 2545 1088 2617 suppressis,
1111 2549 1156 2616 ut,
1175 2545 1298 2604 attentis
1313 2545 1519 2619 peculiaribus
1530 2544 1580 2602 cir·

405 2633 597 2692 cumstantiis
621 2633 719 2706 iisque
743 2633 988 2706 perdurantibus,
1005 2649 1067 2692 non
1088 2635 1227 2694 obstante
1248 2635 1375 2695 solemni
1399 2635 1579 2708 paupertatis
1665 2643 1666 2668 ¹

404 2731 485 2793 voto,
499 2723 579 2782 bona
598 2723 656 2782 sibi
679 2723 814 2798 legitimo
831 2723 899 2797 jnre
922 2725 1097 2796 spectantia,
1122 2741 1156 2784 ac
1180 2726 1271 2784 etiam
1291 2726 1490 2796 hereditatis
1506 2725 1581 2784 salvo

405 2821 502 2873 tamen
516 2815 584 2887 jnre
598 2815 675 2872 tertii
688 2815 825 2886 quaesito,
841 2814 983 2886 recipere,
1010 2815 1093 2872 adire
1108 2829 1143 2873 ac
1157 2815 1296 2884 retinere,
1312 2815 1409 2890 deque
1422 2815 1463 2874 iis
1479 2815 1581 2874 nedum

405 2909 577 2964 contractus
591 2905 679 2972 inire,
694 2905 746 2963 sed
762 2905 851 2962 ctiam
866 2905 898 2962 in
920 2905 988 2976 pios
1002 2905 1208 2978 honestosque
1222 2921 1311 2975 usus,
1325 2921 1360 2963 ac
1374 2905 1541 2978 praesertim
1554 2905 1582 2959 in

405 2993 535 3052 levorem
549 2993 598 3051 sui
608 2991 784 3052 ordinisaut
800 2994 941 3058 instituti,
955 3010 1073 3054 necnon
1084 2995 1115 3052 in
1131 2995 1208 3068 grati
1218 2995 1583 3069 animisignilicatlonem,

406 3086 557 3156 peractus
581 3081 645 3138 sive
668 3081 845 3141 interrivos
860 3083 924 3142 sive
945 3099 1039 3142 causa
1052 3085 1169 3154 mortis,
1185 3084 1344 3157 disponere
1358 3085 1492 3155 valeant,
1507 3097 1583 3144 aece-
1664 3135 1665 3158 ,

405 3174 493 3232 dente
508 3173 605 3246 ipsius
620 3166 768 3232 ordinarii
778 3179 831 3232 aut
844 3173 1010 3246 superioris
1024 3173 1071 3234 vel
1087 3173 1212 3233 alterius
1225 3189 1278 3248 per
1292 3189 1361 3234 eum
1373 3175 1523 3248 deputati,
1539 3177 1585 3231 ant
1664 3165 1665 3228 l

407 3262 522 3332 saltem,
539 3263 570 3320 in
586 3277 659 3320 casu
675 3263 874 3333 necessitatis,
892 3263 1069 3322 confessarii
1093 3263 1223 3324 consilio
1246 3269 1275 3322 et
1295 3263 1529 3337 approbatione;
1549 3263 1585 3318 ita
1664 3229 1665 3311 l

407 3357 505 3411 tamen
517 3357 550 3410 ut
564 3365 664 3410 rerum
675 3366 799 3410 suarum
809 3351 1097 3410 administrationem
1108 3368 1143 3410 ac
1156 3353 1303 3423 redditus,
1315 3353 1452 3426 quandiu
1463 3350 1585 3411 viverint

406 3439 1584 3515 incommunitatequaetemporaliabonapossiderepossit,eidemcommuni-

407 3531 459 3588 tati
476 3531 602 3600 tradere,
613 3535 642 3588 et
653 3529 800 3604 quidquid
815 3547 851 3588 ex
866 3529 954 3588 bonis
966 3531 1094 3604 propriae
1107 3531 1264 3608 religionis
1277 3533 1392 3592 eisdem
1406 3531 1584 3606 provenerit,

407 3619 464 3692 ipsi
482 3619 632 3694 religioni,
645 3619 788 3678 adhibitis
799 3619 936 3690 cautelis,
949 3619 1118 3693 relinquere
1133 3627 1300 3680 teneantur.
1312 3621 1397 3691 Quod
1412 3622 1439 3679 si
1453 3635 1585 3680 commn-

408 3709 487 3766 nitas
503 3709 544 3766 sit
557 3724 594 3767 ex
608 3709 647 3767 iis
661 3709 774 3782 quibus
790 3709 945 3782 possessio
967 3709 1173 3782 temporalium
1193 3709 1342 3769 bonorum
1357 3712 1515 3783 permissa
1532 3722 1585 3766 non
1663 3695 1664 3766 l

408 3801 458 3868 sit,
470 3801 760 3860 administrationem
776 3801 875 3859 hocin
890 3816 963 3860 casu
975 3801 1261 3860 committantalicui
1274 3801 1368 3860 tertie
1383 3816 1537 3874 personae,
1551 3801 1587 3856 ita

408 3895 443 3947 ut
456 3889 570 3962 absque
585 3891 707 3949 licentia
721 3888 864 3948 ordinarii
885 3895 937 3948 aut
954 3890 1143 3963 superiorum
1159 3890 1344 3966 regularium
1363 3889 1441 3948 nihil
1457 3891 1497 3948 de
1512 3890 1587 3948 irue-

409 3978 490 4036 tibus
504 3978 561 4038 sibi
576 3979 726 4052 applicare
741 3984 793 4038 aut
805 3993 997 4052 quocumque
1011 3979 1100 4038 modo
1114 3979 1274 4054 disponere
1288 3979 1435 4052 possint.-

639 4189 670 4240 V.
689 4185 736 4238 De
752 4185 887 4250 turibus
902 4188 1122 4252 estpotestate
1137 4185 1357 4252 remmam.

445 4339 609 4414 Regulares
623 4353 777 4398 assumere
792 4345 947 4412 nequeunt
963 4345 1107 4413 perpetua
1123 4339 1284 4400 missarum
1303 4355 1395 4399 onera
1409 4341 1483 4398 sine
1505 4355 1589 4414 gone·

409 4429 481 4488 ralis
497 4429 542 4487 vel
560 4429 753 4502 provincialis
767 4443 920 4487 consensu
939 4435 969 4486 et
988 4427 1122 4500 licentia,
1138 4430 1241 4505 vigore
1260 4431 1453 4489 decretorum
1468 4443 1588 4504 genera·

410 4519 484 4576 lium
498 4521 528 4576 S.
545 4521 576 4577 C,
593 4518 717 4576 concilii
732 4517 836 4592 (licem,
853 4521 886 4574 lli
900 4517 970 4575 maii
984 4519 1091 4589 litim
1105 4519 1142 4592 t).

445 4612 486 4666 lia
497 4609 590 4682 igitur
604 4607 782 4666 econtrario
798 4621 891 4666 sensu
906 4607 1040 4679 accipere
1060 4607 1161 4667 valent
1175 4623 1245 4666 cum
1257 4609 1377 4667 lieentia
1390 4615 1422 4666 et
1437 4622 1588 4668 consensu

412 4697 519 4771 (litat
