3488 5564
336 525 375 592 88
532 607 537 618 ·
794 547 847 594 sus
868 545 1049 594 onnomcuu.

334 664 582 730 acontumscia
602 669 724 740 cesset,
744 668 778 728 et
798 663 898 731 taedio
919 663 993 728 talis
1010 663 1182 729 missionis
1203 665 1358 744 affectus,
1377 685 1498 752 compe

335 777 408 836 reat
421 771 652 854 adjudicium,
670 773 713 836 ob
733 772 824 855 quod
844 772 948 836 etiam
970 772 1088 836 missio
1109 773 1175 836 iste
1190 777 1332 838 vocatur
1350 775 1509 853 taedialim

335 879 419 943 nihil
433 881 526 944 enirn
540 883 640 963 pejus
654 879 847 964 reipublicae
865 881 1003 946 evenire
1022 885 1135 964 potest
1152 899 1255 966 quam
1272 881 1350 946 lites
1371 881 1509 948 differri.

374 988 519 1054 Vocatur
531 989 680 1073 primum
695 988 879 1064 decretum,
895 990 975 1074 quia
987 993 1040 1052 est
1052 989 1162 1073 prima
1171 989 1281 1071 jussio
1291 989 1426 1072 judicis,
1443 1009 1510 1074 quo

335 1103 428 1163 sotor
446 1097 593 1160 mittitur
609 1097 645 1160 in
665 1098 764 1172 bona,
780 1096 943 1162 custodite
962 1115 1079 1172 oausa;
1096 1098 1278 1180 opponitur
1296 1099 1440 1162 secundo
1455 1099 1511 1162 de-

334 1215 432 1282 creto,
451 1223 518 1290 quo
533 1210 636 1282 actor,
660 1207 703 1270 ob
724 1210 1002 1288 perseverantem
1021 1206 1070 1268 rei
1083 1207 1343 1282 contumaciam,
1367 1207 1512 1272 eflicitur

334 1332 436 1378 verus
458 1315 627 1378 bonorum
648 1331 836 1396 possessor,
854 1312 926 1378 sola
944 1314 1142 1397 questione.
1154 1314 1369 1397 proprietatis
1388 1333 1447 1380 reo
1462 1334 1511 1380 re-

333 1421 413 1486 licta
427 1423 466 1504 (o.
483 1423 499 1485 l
516 1423 549 1486 h.
566 1421 615 1503 t).

272 1565 278 1572 ·
375 1529 405 1609 d)
419 1529 496 1594 liceo
510 1529 628 1594 missio
643 1530 679 1594 in
694 1531 784 1594 bona
799 1531 849 1594 rei
862 1531 902 1594 ut
915 1548 935 1594 a
946 1529 1060 1614 judice
1079 1549 1141 1614 per
1157 1531 1362 1596 sententiam
1375 1529 1512 1594 interlo-

286 1679 293 1694 ·
334 1637 511 1710 cutoriam,
533 1655 614 1702 nem
627 1639 759 1722 privata
772 1638 971 1703 auctoritate
986 1656 1055 1702 non
1070 1637 1150 1703 licet
1166 1639 1257 1703 bona
1271 1639 1420 1703 absentis
1435 1657 1513 1722 pos-

274 1769 279 1774 ·
334 1746 463 1820 sidere;
479 1763 543 1810 nec
558 1745 699 1829 quilibet
710 1745 817 1828 judex
831 1750 944 1829 potest
960 1747 1096 1810 mittere
1113 1746 1149 1810 in
1169 1746 1434 1829 possessionem,
1452 1746 1512 1810 sed

333 1853 426 1918 solus
441 1853 496 1917 ille
513 1855 571 1938 qui
589 1853 692 1918 babet
710 1853 891 1936 imperium
906 1853 1063 1929 mixtum,
1080 1853 1234 1938 adeoque
1253 1872 1323 1919 non
1334 1854 1442 1937 juder
1456 1853 1511 1918 ille

334 1963 391 2046 qui
408 1963 733 2046 deturpationem
748 1961 796 2026 ita
806 1963 864 2044 jus
877 1960 987 2038 Rom,
1005 1960 1097 2046 quod
1117 1960 1265 2026 declarat
1280 1961 1367 2028 benc
1381 1963 1511 2028 missio·

333 2089 415 2136 nem
430 2095 445 2128 a
462 2071 595 2153 imperii
609 2069 720 2151 magis
735 2089 812 2134 esse
826 2087 929 2154 quam
940 2049 1186 2152 jurisdictionis
1202 2095 1229 2132 s.

374 2178 416 2242 Ut
428 2179 500 2252 bsec
514 2179 632 2242 missio
651 2179 715 2242 rite
734 2180 803 2255 ilat,
821 2183 967 2262 quatuor
980 2177 1200 2260 requiruntur
1216 2199 1222 2240 :
1240 2179 1271 2240 1ο
1287 2179 1374 2246 trina
1386 2179 1513 2262 praevia

334 2286 460 2362 citatio,
476 2286 531 2351 vel
552 2305 622 2352 una
640 2287 878 2370 peremptoria,
896 2307 957 2352 seu
980 2292 1115 2351 atreus
1133 2287 1177 2350 sit
1197 2287 1321 2352 absens
1337 2305 1380 2350 ex
1393 2291 1512 2352 contu·

334 2396 610 2470 macia32⁴²causa
619 2413 701 2460 vera
711 2417 718 2472 ;
729 2397 761 2460 3⁰
770 2396 931 2478 cognitio,
944 2395 1064 2462 saltem
1077 2395 1274 2473 summaria,
1288 2413 1399 2460 eausae
1411 2415 1418 2472 ;
1431 2395 1464 2459 4⁰
1474 2400 1512 2459 ut

335 2503 452 2567 missio
467 2503 527 2568 flet
540 2505 583 2568 ad
597 2505 795 2570 instantiam
810 2505 943 2582 sotoris,
959 2505 1091 2588 prolata
1109 2504 1256 2589 desuper
1274 2504 1444 2570 sententia
1462 2505 1513 2570 in·

335 2611 562 2676 terlocutoria.

729 2785 760 2835 11.
778 2784 924 2845 Quomodo
938 2783 987 2837 flat
998 2784 1115 2838 misrior

374 2941 409 3025 a)
423 2941 460 3006 ln
476 2941 664 3008 actionibus
676 2941 824 3006 realibus
838 2943 885 3006 sio
900 2943 1036 3026 procedi
1050 2942 1152 3008 debet
1164 2942 1277 3026 quoad
1289 2943 1509 3008 missionem:

335 3053 366 3116 l·
380 3052 451 3114 bite
467 3069 537 3115 non
550 3055 749 3144 contestata,
767 3069 837 3115 non
852 3051 1046 3134 proceditur
1061 3051 1103 3115 ad
1122 3051 1262 3114 testium
1281 3053 1511 3134 receptionem

335 3165 395 3224 aut
409 3159 625 3236 sententiam,
641 3159 702 3223 sed
716 3159 853 3222 interim
867 3163 960 3223 actor
975 3159 1141 3242 exprimo
1158 3159 1295 3224 decreto
1310 3159 1457 3223 mittitur
1477 3161 1512 3224 in

334 3268 588 3350 possessionem
602 3267 772 3331 bonorum
785 3267 851 3343 rsi;
865 3267 899 3330 vi
913 3268 1012 3349 cujus
1028 3265 1155 3330 decreti
1168 3285 1239 3332 non
1253 3267 1398 3332 eflicitur
1409 3285 1511 3332 verus

334 3393 523 3459 possessor,
538 3374 598 3438 sed
609 3378 742 3438 tantum
755 3379 871 3439 custos
883 3379 917 3438 et
927 3375 1085 3439 detentor
1093 3375 1263 3440 bonorum
1273 3375 1489 3440 etiruotuum
1502 3397 1509 3438 ε

334 3485 382 3548 ita
400 3487 457 3567 jus
478 3483 574 3548 Rom.
596 3483 676 3547 Jura
691 3483 787 3547 missi
809 3501 879 3548 non
899 3484 1088 3546 attribuunt
1108 3501 1225 3547 veram
1243 3485 1509 3565 possessionem,

336 3591 519 3674 nequidem
533 3589 770 3666 revocabilem,
789 3595 827 3655 ut
842 3591 965 3655 docent
979 3591 1207 3654 communiter
1228 3589 1299 3668 GC,
1315 3591 1510 3656 sednudem

333 3698 524 3762 custodiam
538 3715 664 3762 rerum.
680 3735 719 3744 —
733 3699 765 3761 ‘l‘
780 3697 815 3761 Si
829 3715 908 3762 reus
923 3699 1012 3762 intra
1034 3715 1164 3762 annum
1182 3697 1310 3774 redeat,
1327 3700 1432 3763 actori
1454 3718 1512 3762 ex-

333 3823 457 3890 pensas
481 3805 592 3870 solvat
613 3811 648 3869 et
675 3805 930 3870 satisdationem
952 3805 1112 3870 idoneam
1141 3805 1182 3870 de
1200 3805 1328 3888 judicio
1359 3811 1508 3889 praestet,

334 3919 513 3997 recuperat
528 3912 644 3977 omnia
657 3913 747 3977 bone
760 3931 839 3976 cum
852 3913 1028 3989 fructibus.

373 4023 416 4085 m
431 4021 459 4085 si
473 4021 561 4084 intra
578 4038 707 4085 annum
726 4039 797 4085 non
813 4026 1018 4104 compareat,
1036 4037 1078 4085 eo
1098 4019 1205 4104 lapso,
1221 4021 1347 4086 missus
1367 4022 1512 4086 eflicitur

334 4147 436 4194 verus
450 4145 630 4212 possessor
643 4129 770 4211 absque
785 4129 986 4193 necessitate
1000 4128 1079 4194 novi
1092 4128 1218 4192 decreti
1232 4128 1388 4194 secundi:
1400 4131 1447 4194 ite
1453 4133 1511 4213 jus

333 4237 430 4300 Rom.
447 4235 644 4301 Contumaoi
664 4237 795 4300 absenti
817 4237 911 4302 salva
931 4241 984 4302 est
998 4237 1142 4321 quaestio
1154 4237 1370 4320 proprietatis
1384 4239 1425 4319 (o.
1444 4241 1459 4302 l
1477 4243 1512 4302 et

333 4345 392 4408 tin.
407 4343 441 4408 l1.
455 4345 503 4426 t.);
518 4343 641 4408 etideo
654 4348 747 4409 sotor
760 4362 830 4409 non
842 4345 987 4409 efficitur
998 4362 1100 4408 verus
1115 4343 1286 4420 dominus,
1303 4347 1364 4410 sed
1377 4351 1510 4411 tantum

334 4451 430 4534 qusai
445 4450 614 4516 dominus.
624 4451 704 4516 -30
714 4451 747 4515 si
757 4450 799 4516 lis
811 4445 1072 4526 estconte'stata,
1085 4469 1155 4516 non
1165 4453 1205 4515 fit
1217 4453 1334 4520 missio
1347 4453 1509 4537 exprimo

332 4556 468 4624 decreto
483 4557 519 4621 in
533 4558 666 4622 eodone
679 4557 781 4635 reali;
798 4559 859 4624 aed
874 4559 903 4623 si
917 4575 1020 4624 causa
1032 4557 1162 4642 liquida
1175 4563 1237 4634 est,
1254 4560 1362 4624 fertur
1376 4565 1510 4626 senten-

333 4665 380 4729 tia
394 4663 578 4740 definitivo,
588 4681 650 4748 pro
660 4669 774 4732 actore
788 4667 844 4732 vel
854 4683 915 4732 reo
929 4666 1081 4740 absente,
1096 4667 1195 4748 cuius
1209 4666 1363 4732 absentia
1377 4666 1509 4752 supple
