3504 5568
565 631 652 678 arsen
672 634 797 680 rrnrrus
817 631 1036 678 nscnsramuu.
1325 613 1385 678 499

214 745 400 812 concedere
414 747 611 831 hujusmodi
623 749 786 827 licentias,
798 769 841 814 ne
850 767 911 832 pro
925 753 1002 813 actu
1018 747 1154 831 quidem
1169 765 1263 812 mere
1278 752 1386 812 bans-
1476 832 1478 838 Ι

216 859 336 928 eunte;
360 856 448 920 hanc
467 856 663 922 facultatem
689 837 898 922 reservatam
924 873 999 920 esse
1019 853 1081 920 soli
1098 854 1251 920 Romano
1274 855 1385 920 Ponti-

215 959 280 1024 ssei.
295 987 310 1018 s
321 961 458 1039 Tamen,
472 989 487 1021 α
502 965 531 1027 si
543 983 677 1046 magnae
693 969 727 1028 et
741 968 903 1045 urgentes
917 962 1030 1028 adsint
1043 979 1154 1026 causae
1166 986 1193 1037 »,
1208 962 1385 1044 episcopus

214 1075 331 1151 posset
347 1095 362 1129 «
378 1089 440 1154 per
458 1071 600 1136 modum
620 1077 715 1137 actus
736 1075 869 1136 tantum
892 1095 908 1128 »
929 1067 1125 1144 concedere,
1147 1074 1185 1132 ut
1204 1069 1387 1134 declaravit

192 1231 194 1239 ,
216 1177 336 1242 eadem
352 1177 384 1242 S.
401 1178 534 1260 Congr,
551 1179 590 1243 10
605 1183 690 1263 sept.
710 1177 798 1242 1856.

257 1284 408 1350 Oratoria
425 1285 583 1350 dicuntur
590 1287 742 1370 privata,
758 1303 834 1370 quae
847 1303 917 1350 non
936 1285 1064 1350 habent
1082 1283 1212 1350 aditum
1233 1283 1275 1348 ad
1294 1283 1386 1350 mam

216 1391 396 1474 publicam,
414 1413 475 1460 seu
489 1393 532 1458 ad
545 1411 621 1478 quar
636 1411 706 1459 non
720 1398 814 1477 patet
828 1393 940 1458 aditus
953 1391 1020 1456 nisi
1040 1409 1100 1475 per
1119 1391 1259 1458 domum
1276 1392 1387 1474 priva·

217 1504 302 1575 tem3
314 1501 452 1584 publico
466 1507 546 1566 sunt
560 1501 675 1566 omnia
689 1501 837 1566 oratoria
850 1499 1038 1576 benedicta,
1050 1500 1077 1562 si
1090 1500 1387 1581 habeantjanuam

218 1607 253 1670 in
267 1607 324 1672 via
335 1607 480 1690 publica.
496 1607 623 1673 'lamen
642 1608 789 1673 oratoria
806 1607 988 1672 domorum
1009 1605 1228 1688 regularium,
1243 1605 1387 1670 semina-

216 1714 356 1791 riorum,
368 1714 950 1806 hospitalium,conservatoriorum,
967 1713 1385 1795 seugeneratimeommu·

216 1822 373 1900 nitatum,
391 1841 461 1888 non
475 1829 660 1888 censentur
674 1823 821 1888 oratoria
832 1823 974 1906 privata,
992 1822 1052 1886 sed
1064 1821 1207 1904 publica,
1220 1820 1299 1886 licet
1317 1837 1387 1884 non

215 1930 364 1994 habeant
375 1933 519 2014 januam
532 1931 566 1995 in
577 1931 633 1996 via
646 1929 780 2014 publica
793 1909 838 2012 (S.
853 1929 974 2011 Gongr.
992 1929 1090 1995 Gonc.
1107 1929 1146 1992 ii
1161 1932 1259 1994 mart.
1274 1927 1381 2008 1841);

216 2041 251 2100 et
268 2037 345 2102 ideo
360 2039 559 2103 auctoritate
574 2038 721 2122 episcopi
734 2037 818 2118 erigi
831 2042 985 2120 possunt,
1001 2037 1072 2101 imo
1087 2041 1121 2101 et
1135 2035 1336 2102 consecrari.

256 2145 321 2210 Sed
336 2150 375 2210 ut
388 2147 451 2210 rite
465 2147 639 2228 erigantur
649 2146 797 2210 oratoria
808 2147 879 2208 sive
891 2145 1024 2228 publica
1037 2145 1109 2210 sive
1121 2145 1262 2228 privata,
1274 2143 1383 2227 requi·

215 2253 301 2317 ritur
311 2258 350 2318 ut
360 2272 462 2337 supra
476 2254 623 2319 oratoria
637 2269 698 2318 seu
712 2252 858 2336 capellas
867 2271 938 2316 non
953 2255 1020 2316 sint
1034 2251 1217 2328 conclavia,
1234 2269 1294 2316 seu
1311 2251 1387 2316 loca

217 2361 259 2425 ad
282 2361 515 2437 habitandum,
541 2360 793 2438 dormiendum,
817 2359 1106 2426 deambulandum
1131 2363 1190 2424 aut
1216 2359 1259 2424 ad
1282 2358 1387 2422 alium

217 2489 318 2533 usum
327 2471 520 2552 profanum,
528 2467 698 2552 utpluries
708 2467 929 2532 declaravitS.
938 2467 1058 2549 Gongr.
1071 2466 1286 2551 Episc.,6jul.
1296 2465 1385 2542 1716,

218 2581 253 2641 et
265 2576 297 2639 S.
311 2576 432 2658 Congr.
446 2577 557 2652 Cone,
572 2575 625 2640 die
639 2576 679 2639 13
693 2576 777 2640 febr.
794 2576 883 2640 1810.
900 2574 965 2640 Sed
981 2577 1101 2640 subtus
1114 2575 1387 2658 adessepossunt

216 2687 349 2760 horrea,
373 2683 465 2749 cellae
480 2684 628 2759 vinariae,
646 2687 722 2758 etc,
738 2687 777 2746 ut
790 2683 1040 2766 responderunt
1054 2683 1185 2747 eaedem
1197 2682 1390 2764 congrega·

218 2793 340 2857 tiones.
355 2791 421 2856 Sed
434 2792 555 2856 Sancta
568 2791 672 2856 Sedes
688 2790 775 2856 solet
787 2790 973 2856 concedere
983 2789 1258 2873 dispensationes
1273 2787 1387 2871 quoad

218 2898 294 2964 illas
308 2900 520 2966 conditones
533 2899 598 2964 loci
610 2899 713 2965 erecti
726 2899 762 2962 in
776 2899 973 2964 oratorium.

284 3112 287 3119 ·
314 3096 344 3147 li.
362 3096 401 3146 be
415 3092 625 3148 conditionibus
639 3092 782 3159 requisitis
796 3105 828 3146 ex
841 3093 920 3158 parte
935 3089 1060 3146 ecclesie
1075 3091 1282 3146 consecrandae.

259 3235 291 3297 1ο
305 3233 499 3318 Requiritur
508 3225 568 3298 dos
576 3233 748 3314 sufficiens
754 3250 816 3315 pro
827 3231 978 3296 ecelesiae
988 3231 1161 3308 ministris,
1178 3233 1387 3315 paramentis

215 3345 253 3411 et
266 3341 340 3406 aliis
354 3340 566 3416 necessariis,
574 3343 613 3406 ut
626 3344 760 3405 constat
773 3357 816 3404 ex
825 3357 899 3422 cap.
910 3339 970 3402 8h.
981 3338 1031 3402 tit.
1042 3337 1388 3423 Tamenexcipiuntur

219 3449 367 3514 ecclesiae
387 3449 595 3532 regularium
614 3467 690 3531 quae
713 3465 756 3512 ex
775 3465 895 3512 eorum
917 3445 1104 3510 redditibus
1133 3451 1387 3522 sustententur3

217 3555 308 3622 idem
322 3557 503 3622 dicendum
515 3561 576 3632 est,
594 3555 715 3620 saltem
730 3573 773 3618 ex
783 3556 860 3636 jure
885 3553 1193 3629 consuetudinario,
1216 3553 1257 3617 de
1283 3552 1388 3619 eccle-

218 3664 276 3728 siis
301 3665 572 3740 seminariorum,
596 3661 815 3746 hospitalium
841 3666 875 3725 et
909 3660 1071 3724 similium
1103 3660 1388 3727 communitatum

217 3772 464 3838 consecrandis.

258 3879 453 3945 consecrari
468 3877 593 3943 debent
605 3876 755 3942 ecclesiae
767 3873 977 3940 cathedrales
993 3879 1027 3939 et
1040 3875 1248 3958 parochiales
1260 3877 1296 3943 in
1308 3876 1386 3943 civi-

219 3989 344 4054 tatibus
358 3989 447 4052 intra
461 4005 602 4064 annum,
618 3985 825 4070 parochiales
839 3985 874 4048 in
893 3985 1029 4049 dioecesi
1044 4003 1104 4048 seu
1125 3991 1220 4050 extra
1233 3985 1387 4051 civitates

218 4097 307 4160 intra
324 4095 511 4172 biennium,
528 4099 606 4178 post
620 4111 738 4159 earum
752 4093 1010 4158 aedisscationem
1022 4091 1077 4156 vel
1091 4095 1386 4172 restaurationem,

219 4209 257 4268 ut
271 4204 420 4270 decrevit
433 4201 558 4268 Bened.
573 4201 644 4266 lllll
657 4221 665 4278 ;
679 4201 756 4266 ideo
771 4219 911 4266 necesse
926 4205 979 4266 est
997 4205 1036 4264 ut
1048 4200 1291 4283 provideantur
1309 4202 1388 4269 dote

219 4312 418 4388 sullicienti;
443 4309 555 4395 quoad
578 4310 660 4376 alias
679 4308 848 4386 ecelesias,
872 4326 943 4374 non
971 4322 1110 4374 necesse
1135 4313 1188 4374 est
1214 4315 1252 4374 ut
1272 4328 1390 4375 conse·
1463 4313 1466 4320 ’

218 4426 374 4497 creatum
398 4421 524 4485 suflicit
538 4417 682 4503 simplex
696 4417 896 4493 benedictio,
914 4435 981 4501 qua
995 4417 1098 4482 etiam
1119 4417 1269 4484 ecclesiae
1291 4437 1389 4502 paro·
1416 4443 1420 4452 ·

217 4528 343 4596 chiales
364 4529 570 4612 deputantur
596 4525 640 4592 ad
666 4525 796 4591 cultum
820 4525 1005 4608 pubbcum,
1035 4524 1171 4608 quando
1198 4528 1388 4596 consecrari

219 4641 406 4722 nequeunt.

258 4747 291 4809 2⁰
304 4745 499 4829 Requiritur
512 4761 615 4811 roton
629 4741 813 4812 devotionis
838 4759 899 4809 sau
917 4741 1028 4810 cultus
1041 4742 1176 4831 publici,
1193 4763 1262 4813 non
1279 4763 1388 4829 quaes-
