<?xml version="1.0" encoding="UTF-8"?>
<!DOCTYPE html PUBLIC "-//W3C//DTD XHTML 1.0 Transitional//EN"
    "http://www.w3.org/TR/xhtml1/DTD/xhtml1-transitional.dtd">
<html xmlns="http://www.w3.org/1999/xhtml" xml:lang="en" lang="en">
 <head>
  <title>
</title>
<meta http-equiv="Content-Type" content="text/html;charset=utf-8" />
  <meta name='ocr-system' content='tesseract 3.04.00' />
  <meta name='ocr-capabilities' content='ocr_page ocr_carea ocr_par ocr_line ocrx_word'/>
</head>
<body>
  <div class='ocr_page' id='page_1' title='image "./juscanonicumjux00grangoog_0306.png"; bbox 0 0 3510 5574; ppageno 0'>
   <div class='ocr_carea' id='block_1_1' title="bbox 356 563 1067 632">
    <p class='ocr_par' dir='ltr' id='par_1_1' title="bbox 356 563 1067 632">
     <span class='ocr_line' id='line_1_1' title="bbox 356 563 1067 632; baseline -0.001 -4"><span class='ocrx_word' id='word_1_1' title='bbox 356 563 417 629; x_wconf 77' lang='lat' dir='ltr'><strong>aet</strong></span> <span class='ocrx_word' id='word_1_2' title='bbox 815 583 866 630; x_wconf 77' lang='lat' dir='ltr'><strong>sus</strong></span> <span class='ocrx_word' id='word_1_3' title='bbox 886 583 1067 632; x_wconf 76' lang='lat' dir='ltr'><strong>canomcurr.</strong></span> 
     </span>
    </p>
   </div>
   <div class='ocr_carea' id='block_1_2' title="bbox 301 699 1547 4783">
    <p class='ocr_par' dir='ltr' id='par_1_2' title="bbox 356 699 1539 1541">
     <span class='ocr_line' id='line_1_2' title="bbox 356 699 1534 785; baseline 0.003 -22"><span class='ocrx_word' id='word_1_4' title='bbox 356 699 580 776; x_wconf 82' lang='lat' dir='ltr'><strong>venditionis3</strong></span> <span class='ocrx_word' id='word_1_5' title='bbox 595 717 694 764; x_wconf 83' lang='lat' dir='ltr'><strong>merx</strong></span> <span class='ocrx_word' id='word_1_6' title='bbox 707 719 767 765; x_wconf 91' lang='lat' dir='ltr'><strong>seu</strong></span> <span class='ocrx_word' id='word_1_7' title='bbox 780 719 836 765; x_wconf 88' lang='lat' dir='ltr'><strong>res</strong></span> <span class='ocrx_word' id='word_1_8' title='bbox 846 719 908 785; x_wconf 92' lang='lat' dir='ltr'><strong>pro</strong></span> <span class='ocrx_word' id='word_1_9' title='bbox 919 701 1029 783; x_wconf 88' lang='lat' dir='ltr'><strong>pretio</strong></span> <span class='ocrx_word' id='word_1_10' title='bbox 1042 700 1189 764; x_wconf 89' lang='lat' dir='ltr'><strong>emenda</strong></span> <span class='ocrx_word' id='word_1_11' title='bbox 1200 705 1363 784; x_wconf 86' lang='lat' dir='ltr'><strong>tanquam</strong></span> <span class='ocrx_word' id='word_1_12' title='bbox 1380 702 1534 780; x_wconf 87' lang='lat' dir='ltr'><strong>materia,</strong></span> 
     </span>
     <span class='ocr_line' id='line_1_3' title="bbox 358 807 1537 893; baseline 0.003 -23"><span class='ocrx_word' id='word_1_13' title='bbox 358 825 418 871; x_wconf 89' lang='lat' dir='ltr'><strong>seu</strong></span> <span class='ocrx_word' id='word_1_14' title='bbox 446 812 499 871; x_wconf 88' lang='lat' dir='ltr'><strong>est</strong></span> <span class='ocrx_word' id='word_1_15' title='bbox 518 809 692 890; x_wconf 81' lang='lat' dir='ltr'><strong>objectum</strong></span> <span class='ocrx_word' id='word_1_16' title='bbox 718 808 894 874; x_wconf 88' lang='lat' dir='ltr'><strong>materiale</strong></span> <span class='ocrx_word' id='word_1_17' title='bbox 917 807 1075 893; x_wconf 87' lang='lat' dir='ltr'><strong>partiale;</strong></span> <span class='ocrx_word' id='word_1_18' title='bbox 1101 807 1248 873; x_wconf 84' lang='lat' dir='ltr'><strong>alterum</strong></span> <span class='ocrx_word' id='word_1_19' title='bbox 1269 810 1442 892; x_wconf 90' lang='lat' dir='ltr'><strong>objectum</strong></span> <span class='ocrx_word' id='word_1_20' title='bbox 1463 827 1537 892; x_wconf 86' lang='lat' dir='ltr'><strong>par·</strong></span> 
     </span>
     <span class='ocr_line' id='line_1_4' title="bbox 358 915 1537 1002; baseline 0.005 -25"><span class='ocrx_word' id='word_1_21' title='bbox 358 915 435 980; x_wconf 90' lang='lat' dir='ltr'><strong>tiale</strong></span> <span class='ocrx_word' id='word_1_22' title='bbox 451 920 503 979; x_wconf 90' lang='lat' dir='ltr'><strong>est</strong></span> <span class='ocrx_word' id='word_1_23' title='bbox 516 917 674 998; x_wconf 91' lang='lat' dir='ltr'><strong>pretium.</strong></span> <span class='ocrx_word' id='word_1_24' title='bbox 690 916 821 998; x_wconf 80' lang='lat' dir='ltr'><strong>Regula</strong></span> <span class='ocrx_word' id='word_1_25' title='bbox 834 916 1037 981; x_wconf 86' lang='lat' dir='ltr'><strong>universalis</strong></span> <span class='ocrx_word' id='word_1_26' title='bbox 1053 920 1106 981; x_wconf 89' lang='lat' dir='ltr'><strong>cst</strong></span> <span class='ocrx_word' id='word_1_27' title='bbox 1122 936 1129 978; x_wconf 93' lang='lat'>:</span> <span class='ocrx_word' id='word_1_28' title='bbox 1144 915 1308 980; x_wconf 82' lang='lat' dir='ltr'><strong>Omnium</strong></span> <span class='ocrx_word' id='word_1_29' title='bbox 1321 935 1438 982; x_wconf 89' lang='lat' dir='ltr'><strong>rerum</strong></span> <span class='ocrx_word' id='word_1_30' title='bbox 1453 937 1537 1002; x_wconf 88' lang='lat' dir='ltr'><strong>quas</strong></span> 
     </span>
     <span class='ocr_line' id='line_1_5' title="bbox 357 1022 1536 1108; baseline 0.003 -22"><span class='ocrx_word' id='word_1_31' title='bbox 357 1023 433 1105; x_wconf 86' lang='lat' dir='ltr'><strong>quis</strong></span> <span class='ocrx_word' id='word_1_32' title='bbox 446 1023 584 1098; x_wconf 91' lang='lat' dir='ltr'><strong>habere,</strong></span> <span class='ocrx_word' id='word_1_33' title='bbox 601 1022 656 1088; x_wconf 90' lang='lat' dir='ltr'><strong>vel</strong></span> <span class='ocrx_word' id='word_1_34' title='bbox 672 1023 857 1106; x_wconf 88' lang='lat' dir='ltr'><strong>possidere,</strong></span> <span class='ocrx_word' id='word_1_35' title='bbox 875 1023 930 1088; x_wconf 91' lang='lat' dir='ltr'><strong>vel</strong></span> <span class='ocrx_word' id='word_1_36' title='bbox 953 1023 1114 1108; x_wconf 84' lang='lat' dir='ltr'>prosequi</span> <span class='ocrx_word' id='word_1_37' title='bbox 1135 1028 1259 1106; x_wconf 85' lang='lat' dir='ltr'><strong>potest,</strong></span> <span class='ocrx_word' id='word_1_38' title='bbox 1277 1024 1429 1090; x_wconf 81' lang='lat' dir='ltr'><strong>venditio</strong></span> <span class='ocrx_word' id='word_1_39' title='bbox 1445 1031 1536 1090; x_wconf 90' lang='lat' dir='ltr'><strong>recte</strong></span> 
     </span>
     <span class='ocr_line' id='line_1_6' title="bbox 357 1129 1538 1216; baseline 0.004 -23"><span class='ocrx_word' id='word_1_40' title='bbox 357 1132 405 1194; x_wconf 88' lang='lat' dir='ltr'><strong>lit.</strong></span> <span class='ocrx_word' id='word_1_41' title='bbox 423 1129 518 1194; x_wconf 83' lang='lat' dir='ltr'><strong>Unde</strong></span> <span class='ocrx_word' id='word_1_42' title='bbox 541 1131 609 1194; x_wconf 90' lang='lat' dir='ltr'><strong>cmi</strong></span> <span class='ocrx_word' id='word_1_43' title='bbox 631 1130 803 1216; x_wconf 85' lang='lat' dir='ltr'><strong>vendique</strong></span> <span class='ocrx_word' id='word_1_44' title='bbox 817 1136 964 1215; x_wconf 82' lang='lat' dir='ltr'>possunt</span> <span class='ocrx_word' id='word_1_45' title='bbox 985 1150 1040 1196; x_wconf 90' lang='lat' dir='ltr'><strong>res</strong></span> <span class='ocrx_word' id='word_1_46' title='bbox 1062 1131 1135 1196; x_wconf 88' lang='lat' dir='ltr'><strong>sive</strong></span> <span class='ocrx_word' id='word_1_47' title='bbox 1156 1131 1301 1197; x_wconf 81' lang='lat' dir='ltr'><strong>mobiles</strong></span> <span class='ocrx_word' id='word_1_48' title='bbox 1321 1133 1394 1197; x_wconf 91' lang='lat' dir='ltr'><strong>sive</strong></span> <span class='ocrx_word' id='word_1_49' title='bbox 1417 1133 1538 1198; x_wconf 91' lang='lat' dir='ltr'><strong>immo-</strong></span> 
     </span>
     <span class='ocr_line' id='line_1_7' title="bbox 357 1235 1538 1324; baseline 0.003 -21"><span class='ocrx_word' id='word_1_50' title='bbox 357 1238 452 1313; x_wconf 81' lang='lat' dir='ltr'><strong>biles,</strong></span> <span class='ocrx_word' id='word_1_51' title='bbox 470 1237 543 1304; x_wconf 89' lang='lat' dir='ltr'><strong>sive</strong></span> <span class='ocrx_word' id='word_1_52' title='bbox 555 1237 750 1324; x_wconf 78' lang='lat' dir='ltr'><strong>corporales</strong></span> <span class='ocrx_word' id='word_1_53' title='bbox 765 1239 838 1303; x_wconf 89' lang='lat' dir='ltr'><strong>sive</strong></span> <span class='ocrx_word' id='word_1_54' title='bbox 852 1237 1095 1322; x_wconf 81' lang='lat' dir='ltr'><strong>incorporales,</strong></span> <span class='ocrx_word' id='word_1_55' title='bbox 1120 1235 1170 1303; x_wconf 91' lang='lat' dir='ltr'><strong>uti</strong></span> <span class='ocrx_word' id='word_1_56' title='bbox 1186 1243 1267 1303; x_wconf 91' lang='lat' dir='ltr'><strong>suut</strong></span> <span class='ocrx_word' id='word_1_57' title='bbox 1284 1240 1436 1316; x_wconf 90' lang='lat' dir='ltr'><strong>nomine,</strong></span> <span class='ocrx_word' id='word_1_58' title='bbox 1459 1242 1538 1322; x_wconf 86' lang='lat' dir='ltr'><strong>jura</strong></span> 
     </span>
     <span class='ocr_line' id='line_1_8' title="bbox 358 1345 1539 1431; baseline 0.003 -23"><span class='ocrx_word' id='word_1_59' title='bbox 358 1349 393 1408; x_wconf 90' lang='lat' dir='ltr'><strong>et</strong></span> <span class='ocrx_word' id='word_1_60' title='bbox 414 1346 578 1422; x_wconf 88' lang='lat' dir='ltr'><strong>actiones,</strong></span> <span class='ocrx_word' id='word_1_61' title='bbox 596 1345 720 1422; x_wconf 91' lang='lat' dir='ltr'><strong>debita,</strong></span> <span class='ocrx_word' id='word_1_62' title='bbox 741 1351 804 1411; x_wconf 86' lang='lat' dir='ltr'><strong>etc.</strong></span> <span class='ocrx_word' id='word_1_63' title='bbox 832 1347 959 1412; x_wconf 85' lang='lat' dir='ltr'><strong>Tamen</strong></span> <span class='ocrx_word' id='word_1_64' title='bbox 979 1350 1037 1431; x_wconf 89' lang='lat' dir='ltr'><strong>jus</strong></span> <span class='ocrx_word' id='word_1_65' title='bbox 1063 1347 1229 1424; x_wconf 90' lang='lat' dir='ltr'><strong>divinum,</strong></span> <span class='ocrx_word' id='word_1_66' title='bbox 1252 1348 1456 1414; x_wconf 86' lang='lat' dir='ltr'><strong>canonicum</strong></span> <span class='ocrx_word' id='word_1_67' title='bbox 1479 1352 1539 1413; x_wconf 90' lang='lat' dir='ltr'><strong>aut</strong></span> 
     </span>
     <span class='ocr_line' id='line_1_9' title="bbox 357 1454 1430 1541; baseline 0.001 -23"><span class='ocrx_word' id='word_1_68' title='bbox 357 1454 454 1518; x_wconf 91' lang='lat' dir='ltr'><strong>civile</strong></span> <span class='ocrx_word' id='word_1_69' title='bbox 470 1454 601 1540; x_wconf 87' lang='lat' dir='ltr'><strong>aliquas</strong></span> <span class='ocrx_word' id='word_1_70' title='bbox 616 1473 672 1520; x_wconf 87' lang='lat' dir='ltr'><strong>res</strong></span> <span class='ocrx_word' id='word_1_71' title='bbox 682 1456 887 1520; x_wconf 88' lang='lat' dir='ltr'><strong>commercio</strong></span> <span class='ocrx_word' id='word_1_72' title='bbox 903 1459 1087 1532; x_wconf 88' lang='lat' dir='ltr'><strong>eruerunt;</strong></span> <span class='ocrx_word' id='word_1_73' title='bbox 1105 1461 1139 1520; x_wconf 89' lang='lat' dir='ltr'><strong>et</strong></span> <span class='ocrx_word' id='word_1_74' title='bbox 1151 1455 1230 1522; x_wconf 91' lang='lat' dir='ltr'><strong>ideo</strong></span> <span class='ocrx_word' id='word_1_75' title='bbox 1244 1457 1407 1541; x_wconf 77' lang='lat' dir='ltr'><strong>quaritur</strong></span> <span class='ocrx_word' id='word_1_76' title='bbox 1423 1476 1430 1519; x_wconf 77' lang='grc' dir='ltr'><strong>ε</strong></span> 
     </span>
    </p>

    <p class='ocr_par' dir='ltr' id='par_1_3' title="bbox 357 1563 1541 2728">
     <span class='ocr_line' id='line_1_10' title="bbox 399 1563 1537 1646; baseline 0.001 -19"><span class='ocrx_word' id='word_1_77' title='bbox 399 1564 431 1645; x_wconf 86' lang='lat' dir='ltr'><strong>a)</strong></span> <span class='ocrx_word' id='word_1_78' title='bbox 447 1563 530 1644; x_wconf 76' lang='lat' dir='ltr'><strong>Quae</strong></span> <span class='ocrx_word' id='word_1_79' title='bbox 545 1579 598 1626; x_wconf 81' lang='lat' dir='ltr'><strong>res</strong></span> <span class='ocrx_word' id='word_1_80' title='bbox 611 1563 715 1628; x_wconf 81' lang='lat' dir='ltr'><strong>cendi</strong></span> <span class='ocrx_word' id='word_1_81' title='bbox 726 1563 920 1646; x_wconf 77' lang='lat' dir='ltr'><strong>nequeant?</strong></span> <span class='ocrx_word' id='word_1_82' title='bbox 934 1565 966 1626; x_wconf 86' lang='lat' dir='ltr'><strong>l⁰</strong></span> <span class='ocrx_word' id='word_1_83' title='bbox 977 1564 1103 1628; x_wconf 86' lang='lat' dir='ltr'><strong>Omnes</strong></span> <span class='ocrx_word' id='word_1_84' title='bbox 1114 1582 1170 1628; x_wconf 88' lang='lat' dir='ltr'><strong>res</strong></span> <span class='ocrx_word' id='word_1_85' title='bbox 1182 1569 1280 1629; x_wconf 85' lang='lat' dir='ltr'><strong>extra</strong></span> <span class='ocrx_word' id='word_1_86' title='bbox 1293 1564 1537 1630; x_wconf 90' lang='lat' dir='ltr'><strong>commercium</strong></span> 
     </span>
     <span class='ocr_line' id='line_1_11' title="bbox 357 1671 1537 1757; baseline 0.003 -22"><span class='ocrx_word' id='word_1_87' title='bbox 357 1673 548 1737; x_wconf 89' lang='lat' dir='ltr'><strong>humanum</strong></span> <span class='ocrx_word' id='word_1_88' title='bbox 571 1672 769 1749; x_wconf 76' lang='lat' dir='ltr'><strong>existentes,</strong></span> <span class='ocrx_word' id='word_1_89' title='bbox 793 1677 832 1736; x_wconf 93' lang='lat' dir='ltr'><strong>ut</strong></span> <span class='ocrx_word' id='word_1_90' title='bbox 851 1691 904 1736; x_wconf 84' lang='lat' dir='ltr'><strong>res</strong></span> <span class='ocrx_word' id='word_1_91' title='bbox 918 1671 1121 1757; x_wconf 68' lang='lat' dir='ltr'><strong>sprituales,</strong></span> <span class='ocrx_word' id='word_1_92' title='bbox 1145 1692 1178 1736; x_wconf 90' lang='lat' dir='ltr'><strong>v.</strong></span> <span class='ocrx_word' id='word_1_93' title='bbox 1194 1691 1228 1754; x_wconf 81' lang='lat' dir='ltr'><strong>g.</strong></span> <span class='ocrx_word' id='word_1_94' title='bbox 1246 1673 1415 1738; x_wconf 89' lang='lat' dir='ltr'><strong>ordinatio</strong></span> <span class='ocrx_word' id='word_1_95' title='bbox 1431 1691 1537 1750; x_wconf 88' lang='lat' dir='ltr'><strong>sacra,</strong></span> 
     </span>
     <span class='ocr_line' id='line_1_12' title="bbox 358 1780 1540 1865; baseline 0.001 -20"><span class='ocrx_word' id='word_1_96' title='bbox 358 1781 548 1856; x_wconf 80' lang='lat' dir='ltr'><strong>absoluti03</strong></span> <span class='ocrx_word' id='word_1_97' title='bbox 565 1797 620 1844; x_wconf 87' lang='lat' dir='ltr'><strong>res</strong></span> <span class='ocrx_word' id='word_1_98' title='bbox 632 1780 864 1865; x_wconf 57' lang='lat' dir='ltr'><strong>spritualibus</strong></span> <span class='ocrx_word' id='word_1_99' title='bbox 876 1799 1020 1846; x_wconf 72' lang='lat' dir='ltr'><strong>canera</strong></span> <span class='ocrx_word' id='word_1_100' title='bbox 1032 1781 1105 1846; x_wconf 92' lang='lat' dir='ltr'><strong>sive</strong></span> <span class='ocrx_word' id='word_1_101' title='bbox 1119 1786 1381 1865; x_wconf 79' lang='lat' dir='ltr'><strong>consequenter,</strong></span> <span class='ocrx_word' id='word_1_102' title='bbox 1391 1786 1430 1846; x_wconf 87' lang='lat' dir='ltr'><strong>ut</strong></span> <span class='ocrx_word' id='word_1_103' title='bbox 1438 1781 1540 1847; x_wconf 91' lang='lat' dir='ltr'><strong>bene·</strong></span> 
     </span>
     <span class='ocr_line' id='line_1_13' title="bbox 358 1888 1537 1973; baseline 0.002 -21"><span class='ocrx_word' id='word_1_104' title='bbox 358 1889 444 1964; x_wconf 82' lang='lat' dir='ltr'><strong>licia,</strong></span> <span class='ocrx_word' id='word_1_105' title='bbox 458 1892 516 1972; x_wconf 89' lang='lat' dir='ltr'><strong>jus</strong></span> <span class='ocrx_word' id='word_1_106' title='bbox 531 1888 734 1964; x_wconf 73' lang='lat' dir='ltr'><strong>desinendi,</strong></span> <span class='ocrx_word' id='word_1_107' title='bbox 753 1894 829 1965; x_wconf 79' lang='lat' dir='ltr'><strong>eta,</strong></span> <span class='ocrx_word' id='word_1_108' title='bbox 848 1891 920 1954; x_wconf 91' lang='lat' dir='ltr'><strong>sive</strong></span> <span class='ocrx_word' id='word_1_109' title='bbox 935 1889 1188 1966; x_wconf 73' lang='lat' dir='ltr'><strong>antecedenter,</strong></span> <span class='ocrx_word' id='word_1_110' title='bbox 1203 1895 1243 1954; x_wconf 91' lang='lat' dir='ltr'><strong>ut</strong></span> <span class='ocrx_word' id='word_1_111' title='bbox 1257 1890 1394 1973; x_wconf 89' lang='lat' dir='ltr'><strong>templa,</strong></span> <span class='ocrx_word' id='word_1_112' title='bbox 1409 1891 1537 1966; x_wconf 83' lang='lat' dir='ltr'><strong>altaria,</strong></span> 
     </span>
     <span class='ocr_line' id='line_1_14' title="bbox 358 1995 1539 2082; baseline 0.001 -22"><span class='ocrx_word' id='word_1_113' title='bbox 358 1997 490 2072; x_wconf 87' lang='lat' dir='ltr'><strong>calices,</strong></span> <span class='ocrx_word' id='word_1_114' title='bbox 509 2001 571 2060; x_wconf 90' lang='lat' dir='ltr'><strong>etc.</strong></span> <span class='ocrx_word' id='word_1_115' title='bbox 587 1995 684 2060; x_wconf 93' lang='lat' dir='ltr'><strong>Ratio</strong></span> <span class='ocrx_word' id='word_1_116' title='bbox 697 1997 822 2062; x_wconf 89' lang='lat' dir='ltr'><strong>horum</strong></span> <span class='ocrx_word' id='word_1_117' title='bbox 839 1997 995 2062; x_wconf 88' lang='lat' dir='ltr'><strong>omnium</strong></span> <span class='ocrx_word' id='word_1_118' title='bbox 1009 2002 1072 2072; x_wconf 88' lang='lat' dir='ltr'><strong>est,</strong></span> <span class='ocrx_word' id='word_1_119' title='bbox 1089 1999 1169 2082; x_wconf 91' lang='lat' dir='ltr'><strong>quia</strong></span> <span class='ocrx_word' id='word_1_120' title='bbox 1194 1997 1395 2082; x_wconf 86' lang='lat' dir='ltr'><strong>hujusmodi</strong></span> <span class='ocrx_word' id='word_1_121' title='bbox 1422 2016 1539 2062; x_wconf 88' lang='lat' dir='ltr'><strong>rerum</strong></span> 
     </span>
     <span class='ocr_line' id='line_1_15' title="bbox 358 2103 1537 2187; baseline 0 -19"><span class='ocrx_word' id='word_1_122' title='bbox 358 2103 511 2169; x_wconf 84' lang='lat' dir='ltr'><strong>venditio</strong></span> <span class='ocrx_word' id='word_1_123' title='bbox 526 2103 640 2168; x_wconf 90' lang='lat' dir='ltr'><strong>labem</strong></span> <span class='ocrx_word' id='word_1_124' title='bbox 653 2104 808 2169; x_wconf 71' lang='lat' dir='ltr'><strong>simoniae</strong></span> <span class='ocrx_word' id='word_1_125' title='bbox 822 2106 985 2182; x_wconf 88' lang='lat' dir='ltr'><strong>continet,</strong></span> <span class='ocrx_word' id='word_1_126' title='bbox 1003 2109 1038 2170; x_wconf 90' lang='lat' dir='ltr'><strong>ct</strong></span> <span class='ocrx_word' id='word_1_127' title='bbox 1062 2105 1214 2187; x_wconf 82' lang='lat' dir='ltr'><strong>graviter</strong></span> <span class='ocrx_word' id='word_1_128' title='bbox 1236 2106 1438 2171; x_wconf 88' lang='lat' dir='ltr'><strong>adversatur</strong></span> <span class='ocrx_word' id='word_1_129' title='bbox 1463 2105 1537 2169; x_wconf 90' lang='lat' dir='ltr'><strong>reli-</strong></span> 
     </span>
     <span class='ocr_line' id='line_1_16' title="bbox 358 2211 1540 2294; baseline 0 -18"><span class='ocrx_word' id='word_1_130' title='bbox 358 2212 463 2294; x_wconf 84' lang='lat' dir='ltr'><strong>gioni.</strong></span> <span class='ocrx_word' id='word_1_131' title='bbox 485 2211 611 2276; x_wconf 86' lang='lat' dir='ltr'><strong>Tamen</strong></span> <span class='ocrx_word' id='word_1_132' title='bbox 633 2230 688 2276; x_wconf 88' lang='lat' dir='ltr'><strong>res</strong></span> <span class='ocrx_word' id='word_1_133' title='bbox 710 2231 814 2278; x_wconf 83' lang='lat' dir='ltr'><strong>sacrae</strong></span> <span class='ocrx_word' id='word_1_134' title='bbox 838 2214 1028 2278; x_wconf 89' lang='lat' dir='ltr'><strong>secundum</strong></span> <span class='ocrx_word' id='word_1_135' title='bbox 1048 2215 1229 2278; x_wconf 88' lang='lat' dir='ltr'><strong>materiam</strong></span> <span class='ocrx_word' id='word_1_136' title='bbox 1248 2213 1478 2289; x_wconf 80' lang='lat' dir='ltr'><strong>aestimabiles,</strong></span> <span class='ocrx_word' id='word_1_137' title='bbox 1503 2217 1540 2277; x_wconf 87' lang='lat' dir='ltr'><strong>ut</strong></span> 
     </span>
     <span class='ocr_line' id='line_1_17' title="bbox 359 2320 1540 2406; baseline 0 -21"><span class='ocrx_word' id='word_1_138' title='bbox 359 2321 491 2397; x_wconf 87' lang='lat' dir='ltr'><strong>calices,</strong></span> <span class='ocrx_word' id='word_1_139' title='bbox 503 2320 715 2398; x_wconf 88' lang='lat' dir='ltr'><strong>indumenta,</strong></span> <span class='ocrx_word' id='word_1_140' title='bbox 727 2321 762 2385; x_wconf 91' lang='lat' dir='ltr'><strong>in</strong></span> <span class='ocrx_word' id='word_1_141' title='bbox 775 2340 856 2386; x_wconf 86' lang='lat' dir='ltr'><strong>casu</strong></span> <span class='ocrx_word' id='word_1_142' title='bbox 872 2321 1089 2387; x_wconf 88' lang='lat' dir='ltr'><strong>necessitatis·</strong></span> <span class='ocrx_word' id='word_1_143' title='bbox 1097 2321 1201 2386; x_wconf 92' lang='lat' dir='ltr'><strong>vendi</strong></span> <span class='ocrx_word' id='word_1_144' title='bbox 1213 2325 1369 2406; x_wconf 89' lang='lat' dir='ltr'><strong>possunt,</strong></span> <span class='ocrx_word' id='word_1_145' title='bbox 1387 2321 1448 2386; x_wconf 91' lang='lat' dir='ltr'><strong>sed</strong></span> <span class='ocrx_word' id='word_1_146' title='bbox 1462 2339 1540 2386; x_wconf 90' lang='lat' dir='ltr'><strong>curn</strong></span> 
     </span>
     <span class='ocr_line' id='line_1_18' title="bbox 359 2428 1541 2514; baseline 0 -22"><span class='ocrx_word' id='word_1_147' title='bbox 359 2430 425 2494; x_wconf 92' lang='lat' dir='ltr'><strong>hoc</strong></span> <span class='ocrx_word' id='word_1_148' title='bbox 441 2428 635 2493; x_wconf 85' lang='lat' dir='ltr'><strong>discrimine</strong></span> <span class='ocrx_word' id='word_1_149' title='bbox 660 2449 667 2491; x_wconf 90' lang='lat'>:</span> <span class='ocrx_word' id='word_1_150' title='bbox 688 2429 716 2492; x_wconf 89' lang='lat' dir='ltr'><strong>si</strong></span> <span class='ocrx_word' id='word_1_151' title='bbox 731 2429 926 2494; x_wconf 86' lang='lat' dir='ltr'><strong>vendantur</strong></span> <span class='ocrx_word' id='word_1_152' title='bbox 946 2431 989 2495; x_wconf 92' lang='lat' dir='ltr'><strong>ad</strong></span> <span class='ocrx_word' id='word_1_153' title='bbox 1010 2448 1112 2494; x_wconf 89' lang='lat' dir='ltr'><strong>usum</strong></span> <span class='ocrx_word' id='word_1_154' title='bbox 1131 2431 1326 2514; x_wconf 78' lang='lat' dir='ltr'><strong>profanum,</strong></span> <span class='ocrx_word' id='word_1_155' title='bbox 1348 2431 1443 2514; x_wconf 88' lang='lat' dir='ltr'><strong>prius</strong></span> <span class='ocrx_word' id='word_1_156' title='bbox 1462 2447 1541 2496; x_wconf 93' lang='lat' dir='ltr'><strong>con·</strong></span> 
     </span>
     <span class='ocr_line' id='line_1_19' title="bbox 360 2536 1541 2620; baseline -0.002 -20"><span class='ocrx_word' id='word_1_157' title='bbox 360 2537 462 2618; x_wconf 78' lang='lat' dir='ltr'><strong>iringi</strong></span> <span class='ocrx_word' id='word_1_158' title='bbox 486 2540 521 2600; x_wconf 90' lang='lat' dir='ltr'><strong>et</strong></span> <span class='ocrx_word' id='word_1_159' title='bbox 542 2537 693 2602; x_wconf 83' lang='lat' dir='ltr'><strong>execrari</strong></span> <span class='ocrx_word' id='word_1_160' title='bbox 715 2536 863 2612; x_wconf 90' lang='lat' dir='ltr'><strong>debent;</strong></span> <span class='ocrx_word' id='word_1_161' title='bbox 890 2538 918 2600; x_wconf 90' lang='lat' dir='ltr'><strong>si</strong></span> <span class='ocrx_word' id='word_1_162' title='bbox 939 2537 982 2602; x_wconf 87' lang='lat' dir='ltr'><strong>ad</strong></span> <span class='ocrx_word' id='word_1_163' title='bbox 1005 2557 1107 2602; x_wconf 87' lang='lat' dir='ltr'><strong>usum</strong></span> <span class='ocrx_word' id='word_1_164' title='bbox 1122 2543 1268 2612; x_wconf 89' lang='lat' dir='ltr'><strong>sacrum,</strong></span> <span class='ocrx_word' id='word_1_165' title='bbox 1283 2538 1418 2620; x_wconf 82' lang='lat' dir='ltr'><strong>integra</strong></span> <span class='ocrx_word' id='word_1_166' title='bbox 1438 2536 1541 2602; x_wconf 89' lang='lat' dir='ltr'><strong>vendi</strong></span> 
     </span>
     <span class='ocr_line' id='line_1_20' title="bbox 361 2643 1539 2728; baseline 0 -20"><span class='ocrx_word' id='word_1_167' title='bbox 361 2647 533 2727; x_wconf 88' lang='lat' dir='ltr'><strong>poterunt,</strong></span> <span class='ocrx_word' id='word_1_168' title='bbox 549 2643 652 2708; x_wconf 90' lang='lat' dir='ltr'><strong>modo</strong></span> <span class='ocrx_word' id='word_1_169' title='bbox 667 2662 736 2708; x_wconf 91' lang='lat' dir='ltr'><strong>non</strong></span> <span class='ocrx_word' id='word_1_170' title='bbox 761 2648 930 2726; x_wconf 78' lang='lat' dir='ltr'><strong>augeatur</strong></span> <span class='ocrx_word' id='word_1_171' title='bbox 941 2647 1091 2728; x_wconf 89' lang='lat' dir='ltr'><strong>pretium</strong></span> <span class='ocrx_word' id='word_1_172' title='bbox 1116 2645 1248 2710; x_wconf 87' lang='lat' dir='ltr'><strong>ratione</strong></span> <span class='ocrx_word' id='word_1_173' title='bbox 1262 2645 1539 2711; x_wconf 88' lang='lat' dir='ltr'><strong>consecrationis.</strong></span> 
     </span>
    </p>

    <p class='ocr_par' dir='ltr' id='par_1_4' title="bbox 361 2750 1543 3160">
     <span class='ocr_line' id='line_1_21' title="bbox 400 2750 1538 2836; baseline 0.002 -22"><span class='ocrx_word' id='word_1_174' title='bbox 400 2750 666 2836; x_wconf 49' lang='lat' dir='ltr'><strong>&amp;Respublica</strong></span> <span class='ocrx_word' id='word_1_175' title='bbox 686 2771 748 2816; x_wconf 90' lang='lat' dir='ltr'><strong>sau</strong></span> <span class='ocrx_word' id='word_1_176' title='bbox 767 2752 910 2836; x_wconf 92' lang='lat' dir='ltr'><strong>publicis</strong></span> <span class='ocrx_word' id='word_1_177' title='bbox 929 2753 1048 2818; x_wconf 89' lang='lat' dir='ltr'><strong>usibus</strong></span> <span class='ocrx_word' id='word_1_178' title='bbox 1064 2752 1252 2828; x_wconf 70' lang='lat' dir='ltr'><strong>destinatae,</strong></span> <span class='ocrx_word' id='word_1_179' title='bbox 1274 2753 1324 2816; x_wconf 90' lang='lat' dir='ltr'><strong>uti</strong></span> <span class='ocrx_word' id='word_1_180' title='bbox 1345 2757 1426 2816; x_wconf 91' lang='lat' dir='ltr'><strong>sunt</strong></span> <span class='ocrx_word' id='word_1_181' title='bbox 1454 2754 1538 2826; x_wconf 85' lang='lat' dir='ltr'><strong>fora,</strong></span> 
     </span>
     <span class='ocr_line' id='line_1_22' title="bbox 362 2858 1543 2944; baseline -0.004 -18"><span class='ocrx_word' id='word_1_182' title='bbox 362 2858 518 2934; x_wconf 83' lang='lat' dir='ltr'><strong>basilicae,</strong></span> <span class='ocrx_word' id='word_1_183' title='bbox 535 2859 599 2923; x_wconf 78' lang='lat' dir='ltr'><strong>viae</strong></span> <span class='ocrx_word' id='word_1_184' title='bbox 622 2863 657 2924; x_wconf 88' lang='lat' dir='ltr'><strong>et</strong></span> <span class='ocrx_word' id='word_1_185' title='bbox 669 2859 811 2924; x_wconf 76' lang='lat' dir='ltr'><strong>thermae</strong></span> <span class='ocrx_word' id='word_1_186' title='bbox 826 2860 987 2944; x_wconf 80' lang='lat' dir='ltr'><strong>publicae;</strong></span> <span class='ocrx_word' id='word_1_187' title='bbox 1003 2879 1085 2926; x_wconf 89' lang='lat' dir='ltr'><strong>nam</strong></span> <span class='ocrx_word' id='word_1_188' title='bbox 1099 2862 1186 2926; x_wconf 89' lang='lat' dir='ltr'><strong>ratio</strong></span> <span class='ocrx_word' id='word_1_189' title='bbox 1200 2861 1294 2926; x_wconf 92' lang='lat' dir='ltr'><strong>nulla</strong></span> <span class='ocrx_word' id='word_1_190' title='bbox 1308 2859 1485 2944; x_wconf 87' lang='lat' dir='ltr'><strong>permittit,</strong></span> <span class='ocrx_word' id='word_1_191' title='bbox 1504 2862 1543 2922; x_wconf 92' lang='lat' dir='ltr'><strong>ut</strong></span> 
     </span>
     <span class='ocr_line' id='line_1_23' title="bbox 362 2967 1541 3052; baseline -0.002 -20"><span class='ocrx_word' id='word_1_192' title='bbox 362 2967 528 3052; x_wconf 87' lang='lat' dir='ltr'><strong>quodpro</strong></span> <span class='ocrx_word' id='word_1_193' title='bbox 544 2969 719 3032; x_wconf 87' lang='lat' dir='ltr'><strong>communi</strong></span> <span class='ocrx_word' id='word_1_194' title='bbox 743 2969 886 3034; x_wconf 85' lang='lat' dir='ltr'><strong>utilitate</strong></span> <span class='ocrx_word' id='word_1_195' title='bbox 909 2969 1028 3035; x_wconf 89' lang='lat' dir='ltr'><strong>datum</strong></span> <span class='ocrx_word' id='word_1_196' title='bbox 1051 2987 1128 3034; x_wconf 89' lang='lat' dir='ltr'><strong>esse</strong></span> <span class='ocrx_word' id='word_1_197' title='bbox 1152 2969 1373 3051; x_wconf 87' lang='lat' dir='ltr'><strong>dignoscitur,</strong></span> <span class='ocrx_word' id='word_1_198' title='bbox 1397 2967 1541 3052; x_wconf 86' lang='lat' dir='ltr'><strong>propriis</strong></span> 
     </span>
     <span class='ocr_line' id='line_1_24' title="bbox 361 3077 886 3160; baseline 0 -20"><span class='ocrx_word' id='word_1_199' title='bbox 361 3077 542 3160; x_wconf 88' lang='lat' dir='ltr'><strong>cujusdam</strong></span> <span class='ocrx_word' id='word_1_200' title='bbox 557 3077 674 3140; x_wconf 92' lang='lat' dir='ltr'><strong>usibus</strong></span> <span class='ocrx_word' id='word_1_201' title='bbox 687 3077 886 3160; x_wconf 85' lang='lat' dir='ltr'><strong>applicetur.</strong></span> 
     </span>
    </p>

    <p class='ocr_par' dir='ltr' id='par_1_5' title="bbox 365 3184 1543 3369">
     <span class='ocr_line' id='line_1_25' title="bbox 400 3184 1543 3270; baseline 0.001 -21"><span class='ocrx_word' id='word_1_202' title='bbox 400 3186 433 3249; x_wconf 78' lang='lat'><strong>3⁰</strong></span> <span class='ocrx_word' id='word_1_203' title='bbox 448 3185 511 3250; x_wconf 81' lang='lat' dir='ltr'><strong>lies</strong></span> <span class='ocrx_word' id='word_1_204' title='bbox 523 3186 565 3250; x_wconf 85' lang='lat' dir='ltr'><strong>de</strong></span> <span class='ocrx_word' id='word_1_205' title='bbox 579 3203 613 3248; x_wconf 84' lang='lat' dir='ltr'><strong>se</strong></span> <span class='ocrx_word' id='word_1_206' title='bbox 622 3185 734 3262; x_wconf 75' lang='lat' dir='ltr'><strong>mala,</strong></span> <span class='ocrx_word' id='word_1_207' title='bbox 750 3188 789 3250; x_wconf 91' lang='lat' dir='ltr'><strong>ut</strong></span> <span class='ocrx_word' id='word_1_208' title='bbox 805 3185 1002 3270; x_wconf 83' lang='lat' dir='ltr'><strong>prostitutio</strong></span> <span class='ocrx_word' id='word_1_209' title='bbox 1015 3185 1179 3270; x_wconf 88' lang='lat' dir='ltr'><strong>corporis,</strong></span> <span class='ocrx_word' id='word_1_210' title='bbox 1193 3184 1270 3249; x_wconf 86' lang='lat' dir='ltr'><strong>libri</strong></span> <span class='ocrx_word' id='word_1_211' title='bbox 1283 3184 1420 3269; x_wconf 86' lang='lat' dir='ltr'><strong>impuri,</strong></span> <span class='ocrx_word' id='word_1_212' title='bbox 1435 3185 1543 3250; x_wconf 71' lang='lat' dir='ltr'><strong>butre-</strong></span> 
     </span>
     <span class='ocr_line' id='line_1_26' title="bbox 365 3291 582 3369; baseline -0.005 -13"><span class='ocrx_word' id='word_1_213' title='bbox 365 3293 431 3369; x_wconf 89' lang='lat' dir='ltr'><strong>tioi,</strong></span> <span class='ocrx_word' id='word_1_214' title='bbox 447 3291 582 3360; x_wconf 82' lang='lat' dir='ltr'><strong>famosi.</strong></span> 
     </span>
    </p>

    <p class='ocr_par' dir='ltr' id='par_1_6' title="bbox 301 3399 1544 3810">
     <span class='ocr_line' id='line_1_27' title="bbox 401 3399 1544 3485; baseline 0 -21"><span class='ocrx_word' id='word_1_215' title='bbox 401 3401 433 3464; x_wconf 76' lang='lat'><strong>4⁰</strong></span> <span class='ocrx_word' id='word_1_216' title='bbox 448 3401 511 3466; x_wconf 84' lang='lat' dir='ltr'><strong>Res</strong></span> <span class='ocrx_word' id='word_1_217' title='bbox 521 3401 664 3485; x_wconf 82' lang='lat' dir='ltr'><strong>propria</strong></span> <span class='ocrx_word' id='word_1_218' title='bbox 678 3401 786 3483; x_wconf 89' lang='lat' dir='ltr'><strong>ipsius</strong></span> <span class='ocrx_word' id='word_1_219' title='bbox 797 3401 972 3484; x_wconf 90' lang='lat' dir='ltr'><strong>emptoris,</strong></span> <span class='ocrx_word' id='word_1_220' title='bbox 989 3419 1071 3466; x_wconf 91' lang='lat' dir='ltr'><strong>nam</strong></span> <span class='ocrx_word' id='word_1_221' title='bbox 1087 3400 1178 3484; x_wconf 88' lang='lat' dir='ltr'><strong>quod</strong></span> <span class='ocrx_word' id='word_1_222' title='bbox 1192 3418 1310 3465; x_wconf 91' lang='lat' dir='ltr'><strong>meum</strong></span> <span class='ocrx_word' id='word_1_223' title='bbox 1330 3405 1392 3478; x_wconf 89' lang='lat' dir='ltr'><strong>ast,</strong></span> <span class='ocrx_word' id='word_1_224' title='bbox 1411 3419 1454 3465; x_wconf 81' lang='lat' dir='ltr'><strong>ex</strong></span> <span class='ocrx_word' id='word_1_225' title='bbox 1477 3399 1544 3466; x_wconf 86' lang='lat' dir='ltr'><strong>alia</strong></span> 
     </span>
     <span class='ocr_line' id='line_1_28' title="bbox 363 3511 1543 3596; baseline -0.002 -20"><span class='ocrx_word' id='word_1_226' title='bbox 363 3529 466 3578; x_wconf 86' lang='lat' dir='ltr'><strong>causa</strong></span> <span class='ocrx_word' id='word_1_227' title='bbox 488 3529 607 3576; x_wconf 92' lang='lat' dir='ltr'><strong>meum</strong></span> <span class='ocrx_word' id='word_1_228' title='bbox 628 3511 703 3575; x_wconf 88' lang='lat' dir='ltr'><strong>lleri</strong></span> <span class='ocrx_word' id='word_1_229' title='bbox 723 3529 793 3576; x_wconf 92' lang='lat' dir='ltr'><strong>non</strong></span> <span class='ocrx_word' id='word_1_230' title='bbox 809 3516 932 3596; x_wconf 88' lang='lat' dir='ltr'><strong>potest.</strong></span> <span class='ocrx_word' id='word_1_231' title='bbox 947 3511 1074 3578; x_wconf 85' lang='lat' dir='ltr'><strong>Tamen</strong></span> <span class='ocrx_word' id='word_1_232' title='bbox 1090 3513 1119 3576; x_wconf 87' lang='lat' dir='ltr'><strong>si</strong></span> <span class='ocrx_word' id='word_1_233' title='bbox 1133 3511 1220 3576; x_wconf 88' lang='lat' dir='ltr'><strong>alius</strong></span> <span class='ocrx_word' id='word_1_234' title='bbox 1232 3513 1290 3594; x_wconf 87' lang='lat' dir='ltr'><strong>jus</strong></span> <span class='ocrx_word' id='word_1_235' title='bbox 1304 3511 1443 3596; x_wconf 84' lang='lat' dir='ltr'><strong>aliquod</strong></span> <span class='ocrx_word' id='word_1_236' title='bbox 1457 3511 1491 3574; x_wconf 89' lang='lat' dir='ltr'><strong>in</strong></span> <span class='ocrx_word' id='word_1_237' title='bbox 1505 3528 1543 3574; x_wconf 90' lang='lat' dir='ltr'><strong>re</strong></span> 
     </span>
     <span class='ocr_line' id='line_1_29' title="bbox 363 3617 1541 3704; baseline -0.001 -22"><span class='ocrx_word' id='word_1_238' title='bbox 363 3618 561 3704; x_wconf 88' lang='lat' dir='ltr'><strong>hujusmodi</strong></span> <span class='ocrx_word' id='word_1_239' title='bbox 573 3619 688 3697; x_wconf 88' lang='lat' dir='ltr'><strong>habet,</strong></span> <span class='ocrx_word' id='word_1_240' title='bbox 705 3617 823 3684; x_wconf 86' lang='lat' dir='ltr'><strong>illude</strong></span> <span class='ocrx_word' id='word_1_241' title='bbox 842 3619 981 3686; x_wconf 89' lang='lat' dir='ltr'><strong>domino</strong></span> <span class='ocrx_word' id='word_1_242' title='bbox 996 3619 1046 3684; x_wconf 90' lang='lat' dir='ltr'><strong>rei</strong></span> <span class='ocrx_word' id='word_1_243' title='bbox 1061 3620 1128 3684; x_wconf 93' lang='lat' dir='ltr'><strong>emi</strong></span> <span class='ocrx_word' id='word_1_244' title='bbox 1141 3623 1273 3704; x_wconf 79' lang='lat' dir='ltr'><strong>potest3</strong></span> <span class='ocrx_word' id='word_1_245' title='bbox 1292 3637 1374 3684; x_wconf 87' lang='lat' dir='ltr'><strong>nam</strong></span> <span class='ocrx_word' id='word_1_246' title='bbox 1392 3622 1473 3682; x_wconf 88' lang='lat' dir='ltr'><strong>tunc</strong></span> <span class='ocrx_word' id='word_1_247' title='bbox 1488 3636 1541 3682; x_wconf 91' lang='lat' dir='ltr'><strong>ac-</strong></span> 
     </span>
     <span class='ocr_line' id='line_1_30' title="bbox 301 3725 1540 3810; baseline -0.003 -20"><span class='ocrx_word' id='word_1_248' title='bbox 301 3769 305 3778; x_wconf 82' lang='lat'>·</span> <span class='ocrx_word' id='word_1_249' title='bbox 364 3727 537 3810; x_wconf 87' lang='lat' dir='ltr'><strong>quiritant</strong></span> <span class='ocrx_word' id='word_1_250' title='bbox 550 3725 601 3790; x_wconf 87' lang='lat' dir='ltr'><strong>rei</strong></span> <span class='ocrx_word' id='word_1_251' title='bbox 616 3743 687 3790; x_wconf 73' lang='lat' dir='ltr'><strong>suaa</strong></span> <span class='ocrx_word' id='word_1_252' title='bbox 702 3725 850 3792; x_wconf 90' lang='lat' dir='ltr'><strong>alienam</strong></span> <span class='ocrx_word' id='word_1_253' title='bbox 865 3727 1121 3810; x_wconf 88' lang='lat' dir='ltr'><strong>possessionem</strong></span> <span class='ocrx_word' id='word_1_254' title='bbox 1132 3731 1192 3792; x_wconf 84' lang='lat' dir='ltr'><strong>aut</strong></span> <span class='ocrx_word' id='word_1_255' title='bbox 1204 3726 1355 3792; x_wconf 89' lang='lat' dir='ltr'><strong>alienum</strong></span> <span class='ocrx_word' id='word_1_256' title='bbox 1369 3727 1404 3789; x_wconf 94' lang='lat' dir='ltr'><strong>in</strong></span> <span class='ocrx_word' id='word_1_257' title='bbox 1420 3745 1461 3790; x_wconf 87' lang='lat' dir='ltr'><strong>ea</strong></span> <span class='ocrx_word' id='word_1_258' title='bbox 1472 3728 1540 3808; x_wconf 85' lang='lat' dir='ltr'><strong>jus.</strong></span> 
     </span>
    </p>

    <p class='ocr_par' dir='ltr' id='par_1_7' title="bbox 366 3833 1544 4243">
     <span class='ocr_line' id='line_1_31' title="bbox 403 3833 1544 3918; baseline 0 -20"><span class='ocrx_word' id='word_1_259' title='bbox 403 3835 435 3898; x_wconf 78' lang='lat'><strong>5⁰</strong></span> <span class='ocrx_word' id='word_1_260' title='bbox 449 3833 546 3898; x_wconf 82' lang='lat' dir='ltr'><strong>Bona</strong></span> <span class='ocrx_word' id='word_1_261' title='bbox 561 3833 747 3898; x_wconf 81' lang='lat' dir='ltr'><strong>immobilia</strong></span> <span class='ocrx_word' id='word_1_262' title='bbox 762 3835 797 3897; x_wconf 81' lang='lat' dir='ltr'><strong>in</strong></span> <span class='ocrx_word' id='word_1_263' title='bbox 812 3834 925 3918; x_wconf 77' lang='lat' dir='ltr'><strong>dotem</strong></span> <span class='ocrx_word' id='word_1_264' title='bbox 945 3837 1129 3900; x_wconf 80' lang='lat' dir='ltr'><strong>constituta</strong></span> <span class='ocrx_word' id='word_1_265' title='bbox 1144 3853 1215 3902; x_wconf 88' lang='lat' dir='ltr'><strong>non</strong></span> <span class='ocrx_word' id='word_1_266' title='bbox 1233 3840 1381 3918; x_wconf 89' lang='lat' dir='ltr'><strong>possunt</strong></span> <span class='ocrx_word' id='word_1_267' title='bbox 1403 3833 1544 3900; x_wconf 88' lang='lat' dir='ltr'><strong>alienari</strong></span> 
     </span>
     <span class='ocr_line' id='line_1_32' title="bbox 366 3942 1543 4026; baseline -0.001 -20"><span class='ocrx_word' id='word_1_268' title='bbox 366 3943 509 4008; x_wconf 88' lang='lat' dir='ltr'><strong>durante</strong></span> <span class='ocrx_word' id='word_1_269' title='bbox 524 3942 754 4018; x_wconf 88' lang='lat' dir='ltr'><strong>matrimonio,</strong></span> <span class='ocrx_word' id='word_1_270' title='bbox 769 3961 833 4006; x_wconf 91' lang='lat' dir='ltr'><strong>nec</strong></span> <span class='ocrx_word' id='word_1_271' title='bbox 847 3942 999 4008; x_wconf 85' lang='lat' dir='ltr'><strong>emerito</strong></span> <span class='ocrx_word' id='word_1_272' title='bbox 1011 3962 1076 4008; x_wconf 90' lang='lat' dir='ltr'><strong>nec</strong></span> <span class='ocrx_word' id='word_1_273' title='bbox 1087 3943 1129 4007; x_wconf 89' lang='lat' dir='ltr'><strong>ab</strong></span> <span class='ocrx_word' id='word_1_274' title='bbox 1141 3961 1336 4019; x_wconf 70' lang='lat' dir='ltr'><strong>uxore-nec</strong></span> <span class='ocrx_word' id='word_1_275' title='bbox 1348 3944 1389 4008; x_wconf 90' lang='lat' dir='ltr'><strong>ab</strong></span> <span class='ocrx_word' id='word_1_276' title='bbox 1399 3947 1543 4026; x_wconf 90' lang='lat' dir='ltr'><strong>utroque</strong></span> 
     </span>
     <span class='ocr_line' id='line_1_33' title="bbox 366 4049 1544 4117; baseline -0.001 -2"><span class='ocrx_word' id='word_1_277' title='bbox 366 4050 478 4116; x_wconf 89' lang='lat' dir='ltr'><strong>simul.</strong></span> <span class='ocrx_word' id='word_1_278' title='bbox 502 4050 552 4117; x_wconf 87' lang='lat' dir='ltr'><strong>lta</strong></span> <span class='ocrx_word' id='word_1_279' title='bbox 579 4055 642 4116; x_wconf 91' lang='lat' dir='ltr'><strong>art.</strong></span> <span class='ocrx_word' id='word_1_280' title='bbox 672 4051 752 4115; x_wconf 74' lang='lat' dir='ltr'><strong>last</strong></span> <span class='ocrx_word' id='word_1_281' title='bbox 777 4050 856 4116; x_wconf 87' lang='lat' dir='ltr'><strong>God.</strong></span> <span class='ocrx_word' id='word_1_282' title='bbox 884 4052 949 4116; x_wconf 87' lang='lat' dir='ltr'><strong>civ.</strong></span> <span class='ocrx_word' id='word_1_283' title='bbox 966 4049 1202 4116; x_wconf 80' lang='lat' dir='ltr'><strong>Admittuntur</strong></span> <span class='ocrx_word' id='word_1_284' title='bbox 1229 4055 1345 4116; x_wconf 90' lang='lat' dir='ltr'><strong>tamen</strong></span> <span class='ocrx_word' id='word_1_285' title='bbox 1371 4049 1544 4116; x_wconf 77' lang='lat' dir='ltr'><strong>nonnulla</strong></span> 
     </span>
     <span class='ocr_line' id='line_1_34' title="bbox 367 4159 889 4243; baseline 0 -21"><span class='ocrx_word' id='word_1_286' title='bbox 367 4160 588 4243; x_wconf 88' lang='lat' dir='ltr'><strong>exceptiones</strong></span> <span class='ocrx_word' id='word_1_287' title='bbox 603 4160 676 4242; x_wconf 89' lang='lat' dir='ltr'><strong>(art.</strong></span> <span class='ocrx_word' id='word_1_288' title='bbox 693 4159 889 4241; x_wconf 72' lang='lat' dir='ltr'><strong>laesisse).</strong></span> 
     </span>
    </p>

    <p class='ocr_par' dir='ltr' id='par_1_8' title="bbox 362 4265 1547 4783">
     <span class='ocr_line' id='line_1_35' title="bbox 404 4265 1545 4352; baseline -0.002 -22"><span class='ocrx_word' id='word_1_289' title='bbox 404 4267 436 4330; x_wconf 86' lang='lat'><strong>6⁰</strong></span> <span class='ocrx_word' id='word_1_290' title='bbox 451 4267 604 4352; x_wconf 84' lang='lat' dir='ltr'><strong>Denique</strong></span> <span class='ocrx_word' id='word_1_291' title='bbox 628 4285 683 4332; x_wconf 90' lang='lat' dir='ltr'><strong>res</strong></span> <span class='ocrx_word' id='word_1_292' title='bbox 707 4267 781 4332; x_wconf 82' lang='lat' dir='ltr'><strong>aliae</strong></span> <span class='ocrx_word' id='word_1_293' title='bbox 803 4267 843 4332; x_wconf 90' lang='lat' dir='ltr'><strong>de</strong></span> <span class='ocrx_word' id='word_1_294' title='bbox 864 4267 987 4352; x_wconf 89' lang='lat' dir='ltr'><strong>quibus</strong></span> <span class='ocrx_word' id='word_1_295' title='bbox 1005 4266 1160 4352; x_wconf 87' lang='lat' dir='ltr'><strong>specialis</strong></span> <span class='ocrx_word' id='word_1_296' title='bbox 1175 4271 1228 4331; x_wconf 88' lang='lat' dir='ltr'><strong>est</strong></span> <span class='ocrx_word' id='word_1_297' title='bbox 1250 4265 1445 4350; x_wconf 91' lang='lat' dir='ltr'><strong>prohibitio,</strong></span> <span class='ocrx_word' id='word_1_298' title='bbox 1473 4265 1545 4329; x_wconf 88' lang='lat' dir='ltr'><strong>sive</strong></span> 
     </span>
     <span class='ocr_line' id='line_1_36' title="bbox 362 4373 1546 4460; baseline -0.003 -19"><span class='ocrx_word' id='word_1_299' title='bbox 362 4375 450 4460; x_wconf 85' lang='lat' dir='ltr'><strong>juris</strong></span> <span class='ocrx_word' id='word_1_300' title='bbox 464 4375 584 4452; x_wconf 91' lang='lat' dir='ltr'><strong>civilis,</strong></span> <span class='ocrx_word' id='word_1_301' title='bbox 606 4375 705 4441; x_wconf 91' lang='lat' dir='ltr'><strong>sicuti</strong></span> <span class='ocrx_word' id='word_1_302' title='bbox 726 4381 873 4443; x_wconf 90' lang='lat' dir='ltr'><strong>suntres</strong></span> <span class='ocrx_word' id='word_1_303' title='bbox 892 4375 1061 4458; x_wconf 76' lang='lat' dir='ltr'><strong>litigiosae,</strong></span> <span class='ocrx_word' id='word_1_304' title='bbox 1078 4374 1243 4451; x_wconf 85' lang='lat' dir='ltr'><strong>feudales,</strong></span> <span class='ocrx_word' id='word_1_305' title='bbox 1271 4379 1348 4451; x_wconf 81' lang='lat' dir='ltr'><strong>etc,</strong></span> <span class='ocrx_word' id='word_1_306' title='bbox 1370 4375 1442 4438; x_wconf 89' lang='lat' dir='ltr'><strong>sive</strong></span> <span class='ocrx_word' id='word_1_307' title='bbox 1458 4373 1546 4457; x_wconf 86' lang='lat' dir='ltr'><strong>juris</strong></span> 
     </span>
     <span class='ocr_line' id='line_1_37' title="bbox 365 4481 1546 4564; baseline -0.003 -16"><span class='ocrx_word' id='word_1_308' title='bbox 365 4485 532 4564; x_wconf 82' lang='lat' dir='ltr'><strong>gentium,</strong></span> <span class='ocrx_word' id='word_1_309' title='bbox 546 4487 697 4560; x_wconf 88' lang='lat' dir='ltr'><strong>utarma,</strong></span> <span class='ocrx_word' id='word_1_310' title='bbox 709 4501 894 4559; x_wconf 90' lang='lat' dir='ltr'><strong>venenum,</strong></span> <span class='ocrx_word' id='word_1_311' title='bbox 904 4503 1011 4548; x_wconf 88' lang='lat' dir='ltr'><strong>naves</strong></span> <span class='ocrx_word' id='word_1_312' title='bbox 1025 4489 1060 4549; x_wconf 91' lang='lat' dir='ltr'><strong>et</strong></span> <span class='ocrx_word' id='word_1_313' title='bbox 1070 4483 1202 4560; x_wconf 89' lang='lat' dir='ltr'><strong>similia,</strong></span> <span class='ocrx_word' id='word_1_314' title='bbox 1216 4485 1245 4548; x_wconf 89' lang='lat' dir='ltr'><strong>si</strong></span> <span class='ocrx_word' id='word_1_315' title='bbox 1256 4483 1419 4555; x_wconf 88' lang='lat' dir='ltr'><strong>barbaris,</strong></span> <span class='ocrx_word' id='word_1_316' title='bbox 1430 4481 1546 4546; x_wconf 78' lang='lat' dir='ltr'><strong>&#39;lurcis</strong></span> 
     </span>
     <span class='ocr_line' id='line_1_38' title="bbox 366 4591 1547 4668; baseline 0.002 -16"><span class='ocrx_word' id='word_1_317' title='bbox 366 4592 422 4654; x_wconf 91' lang='lat' dir='ltr'><strong>vel</strong></span> <span class='ocrx_word' id='word_1_318' title='bbox 436 4591 510 4656; x_wconf 88' lang='lat' dir='ltr'><strong>aliis</strong></span> <span class='ocrx_word' id='word_1_319' title='bbox 532 4591 678 4656; x_wconf 90' lang='lat' dir='ltr'><strong>inimicis</strong></span> <span class='ocrx_word' id='word_1_320' title='bbox 701 4591 943 4656; x_wconf 85' lang='lat' dir='ltr'><strong>venderentur.</strong></span> <span class='ocrx_word' id='word_1_321' title='bbox 968 4591 1174 4668; x_wconf 84' lang='lat' dir='ltr'><strong>Generatim,</strong></span> <span class='ocrx_word' id='word_1_322' title='bbox 1191 4591 1313 4656; x_wconf 88' lang='lat' dir='ltr'><strong>saltem</strong></span> <span class='ocrx_word' id='word_1_323' title='bbox 1328 4591 1364 4654; x_wconf 96' lang='lat' dir='ltr'><strong>in</strong></span> <span class='ocrx_word' id='word_1_324' title='bbox 1378 4591 1453 4655; x_wconf 87' lang='lat' dir='ltr'><strong>loro</strong></span> <span class='ocrx_word' id='word_1_325' title='bbox 1466 4607 1547 4655; x_wconf 90' lang='lat' dir='ltr'><strong>con-</strong></span> 
     </span>
     <span class='ocr_line' id='line_1_39' title="bbox 367 4697 1546 4783; baseline -0.002 -19"><span class='ocrx_word' id='word_1_326' title='bbox 367 4697 528 4776; x_wconf 76' lang='lat' dir='ltr'><strong>scientia,</strong></span> <span class='ocrx_word' id='word_1_327' title='bbox 550 4718 620 4766; x_wconf 91' lang='lat' dir='ltr'><strong>uon</strong></span> <span class='ocrx_word' id='word_1_328' title='bbox 638 4697 718 4766; x_wconf 89' lang='lat' dir='ltr'><strong>licet</strong></span> <span class='ocrx_word' id='word_1_329' title='bbox 736 4699 810 4764; x_wconf 86' lang='lat' dir='ltr'><strong>sinc</strong></span> <span class='ocrx_word' id='word_1_330' title='bbox 826 4699 959 4766; x_wconf 87' lang='lat' dir='ltr'><strong>ratione</strong></span> <span class='ocrx_word' id='word_1_331' title='bbox 982 4699 1165 4766; x_wconf 76' lang='lat' dir='ltr'><strong>sufficienti</strong></span> <span class='ocrx_word' id='word_1_332' title='bbox 1181 4699 1331 4767; x_wconf 87' lang='lat' dir='ltr'><strong>vendere</strong></span> <span class='ocrx_word' id='word_1_333' title='bbox 1350 4716 1406 4764; x_wconf 90' lang='lat' dir='ltr'><strong>res</strong></span> <span class='ocrx_word' id='word_1_334' title='bbox 1423 4698 1546 4783; x_wconf 89' lang='lat' dir='ltr'><strong>quibus</strong></span> 
     </span>
    </p>
   </div>
   <div class='ocr_carea' id='block_1_3' title="bbox 0 0 1773 5572">
    <p class='ocr_par' dir='ltr' id='par_1_9' title="bbox 0 0 1773 5572">
     <span class='ocr_line' id='line_1_40' title="bbox 0 0 1773 5572; baseline 0 0"><span class='ocrx_word' id='word_1_335' title='bbox 0 0 1773 5572; x_wconf 95' lang='lat' dir='ltr'><strong> </strong></span> 
     </span>
    </p>
   </div>
  </div>
 </body>
</html>
