3504 5572
585 571 671 618 arnan
692 571 821 618 rnnrrus
842 573 1064 618 nxcanrsnruu.
1356 556 1416 618 389

279 691 309 754 1ο
325 691 358 755 Si
374 693 493 754 votum
507 693 567 756 aut
577 675 814 773 juramentum
835 690 963 755 lactum
979 691 1023 753 sit
1037 695 1158 776 sponte
1179 695 1213 755 et
1229 691 1302 756 sinc
1323 690 1413 766 dolo,

238 797 411 863 observari
423 797 624 874 debetcum
638 814 708 861 non
725 801 847 878 vergat
856 797 892 861 in
906 797 1122 880 dispendium
1136 797 1254 862 salutis
1264 802 1413 873 aetemae,

238 907 303 974 nisi
317 910 469 970 mutatus
484 905 528 970 sit
541 909 651 970 status
665 909 726 970 aut
739 905 848 989 ipsius
864 905 1033 988 eligentis,
1048 907 1128 992 quia
1139 927 1172 982 y.
1189 925 1222 988 g.
1240 907 1349 972 factus
1364 911 1417 969 est
1463 984 1468 992 ¹

238 1015 417 1098 episcopus
439 1013 495 1078 vel
522 1013 714 1094 religiosus,
735 1017 796 1077 aut
822 1013 898 1089 loci,
916 1015 996 1097 quia
1019 1014 1211 1079 destructus
1237 1018 1305 1089 est;
1335 1031 1415 1079 nam

237 1125 309 1190 haec
323 1124 578 1190 circumstantia
591 1124 738 1208 praevisa
751 1142 821 1189 non
835 1125 909 1188 fuit.

148 1305 157 1314 ,
275 1235 308 1298 2⁰
324 1233 359 1298 Si
374 1239 492 1297 tamen
510 1232 677 1314 eligense
695 1232 864 1315 religiosis
886 1232 943 1297 vel
964 1231 1094 1296 clericis
1109 1231 1267 1297 inductus
1281 1233 1414 1310 luisset,

236 1347 274 1407 ut
287 1342 405 1406 relicta
416 1341 558 1406 ecclesia
566 1341 749 1424 parochiali
758 1340 901 1423 eligeret
912 1339 1122 1424 sepulturam
1130 1341 1166 1404 in
1177 1359 1298 1406 eorum
1312 1340 1417 1406 eccle·

236 1451 296 1524 sia,
314 1453 435 1514 votum
459 1449 515 1528 vel
525 1450 762 1532 juramentum
776 1449 911 1512 irritum
925 1449 1029 1524 foret;
1046 1453 1080 1512 et
1099 1448 1265 1514 inducens
1278 1449 1321 1513 ad
1334 1449 1416 1514 illud

235 1557 317 1624 olim
338 1557 535 1622 incurrebat
550 1557 940 1622 excommunicationem
954 1557 1028 1639 ipso
1042 1557 1131 1622 iacto
1147 1555 1245 1640 Papae
1260 1575 1413 1622 reserva-

236 1669 314 1730 tam.
334 1665 400 1730 Sed
421 1664 478 1729 illa
497 1664 806 1729 excommunicatio
833 1683 903 1734 non
925 1665 1094 1748 reperitur
1115 1665 1151 1729 in
1171 1664 1415 1730 constitutione

234 1773 433 1857 Apostolicae
455 1773 563 1838 Sedis.
586 1772 755 1856 Quidquid
779 1777 896 1836 tamen
918 1772 961 1835 sit
983 1772 1024 1836 de
1049 1791 1165 1856 poeua,
1190 1773 1277 1838 actio
1301 1771 1417 1838 illicite

234 1886 405 1956 ramanet3
427 1881 496 1945 imo
517 1881 589 1963 ipse
612 1881 779 1964 parochus
801 1879 967 1945 inducens
990 1899 1091 1944 suum
1112 1879 1358 1964 parochianum
1372 1880 1415 1946 ad

234 1987 428 2070 eligendam
441 1987 653 2072 sepulturam
666 1989 701 2053 in
719 1988 863 2054 ecclesia
877 1987 1071 2072 parochiali,
1089 1988 1203 2054 illicite
1218 1993 1345 2070 ageret.

273 2095 405 2177 11.Ουί
437 2096 570 2160 nnllam
606 2097 817 2181 sepulturum
851 2097 966 2181 clepit,
998 2099 1030 2160 1⁰
1056 2095 1272 2180 sepeliendus
1301 2101 1353 2161 est
1380 2098 1416 2161 in

206 2203 389 2288 sepulcro
415 2207 602 2288 majorum,
634 2203 713 2287 quia
738 2222 781 2267 ex
810 2203 972 2267 instinctu
1002 2203 1146 2268 naturali
1178 2209 1212 2267 ct
1237 2205 1413 2268 communi

233 2317 314 2377 voto
330 2311 474 2396 quilibet
488 2312 570 2386 suis,
587 2313 819 2396 potiusquam
838 2311 1022 2387 extraneis,
1041 2312 1205 2394 conjungi
1223 2310 1311 2376 velle
1326 2330 1415 2395 pree-

234 2421 390 2486 sumitur.
414 2421 580 2504 Majcrum
603 2421 742 2486 nomine
763 2421 818 2486 hic
839 2419 1041 2504 intelligitur
1060 2425 1172 2504 pater,
1197 2439 1282 2486 avus
1306 2420 1416 2485 etalii

233 2529 468 2594 ascendentes.
485 2566 524 2576 -
537 2531 570 2612 α)
588 2529 621 2594 Si
636 2535 734 2612 pater
747 2534 781 2594 et
794 2547 880 2594 avus
896 2527 1020 2612 sepulti
1033 2529 1102 2592 sint
1115 2529 1150 2592 in
1167 2547 1237 2594 unc
1251 2529 1338 2605 loco,
1357 2529 1414 2594 alii

234 2637 458 2704 ascendentes
472 2639 508 2702 in
521 2638 640 2716 altero,
654 2638 833 2702 defunctus
849 2637 963 2721 potius
978 2640 1031 2700 est
1042 2636 1240 2702 inferendus
1254 2637 1288 2700 in
1304 2636 1414 2721 sepul-

233 2765 291 2812 cro
313 2746 405 2830 quod
426 2746 490 2810 sihi
512 2745 684 2812 delectum
704 2745 824 2824 habuit
841 2749 939 2829 pater
958 2749 992 2809 et
1009 2762 1105 2820 avus,
1130 2743 1210 2828 quia
1232 2745 1306 2808 istis
1324 2743 1414 2808 lilius

234 2859 287 2920 cst
307 2854 539 2938 propinquior.
556 2891 595 2901 -
613 2853 642 2936 b)
665 2853 699 2918 Si
720 2857 818 2936 pater
832 2853 925 2918 solus
953 2851 1108 2936 sepultus
1126 2853 1170 2916 sit
1189 2853 1224 2918 in
1239 2852 1305 2918 alic
1321 2853 1412 2928 loco,

230 2965 331 3046 juxta
344 2961 471 3046 plures,
488 2961 578 3028 iilius
593 2961 811 3046 sepeliendus
827 2967 919 3026 esset
939 2963 975 3025 in
998 2961 1153 3046 sepulcro
1176 2961 1298 3045 patris;
1315 2963 1415 3045 juxta

233 3071 329 3146 alios,
343 3072 379 3134 in
393 3071 469 3136 loco
483 3071 667 3154 sepulturae
682 3069 1025 3166 aliorummajcrum.

272 3180 305 3242 qa
320 3177 392 3242 Filii
407 3178 580 3244 naturales
600 3183 635 3244 et
649 3179 754 3263 spurii
770 3179 972 3263 plerumque
998 3183 1190 3264 sequuntur
1214 3183 1360 3244 matrem
1379 3179 1415 3244 in

234 3287 455 3370 sepulturam,
476 3286 541 3350 nisi
561 3287 628 3350 ista
648 3287 693 3350 sit
713 3285 864 3350 illustris.
881 3285 952 3350 Filii
978 3286 1129 3370 adoptivi
1150 3289 1341 3370 sequuntur
1360 3303 1415 3370 pa-

236 3401 322 3460 trem
330 3395 561 3479 adoptantem,
575 3413 616 3460 eo
627 3395 777 3471 viventc;
790 3413 899 3472 secus,
914 3396 941 3459 si
955 3398 1076 3479 anjam
1087 3399 1224 3459 mortuo
1236 3394 1412 3472 decedant,

234 3503 395 3586 quiajam
410 3504 596 3587 exspiravit
609 3505 645 3568 in
660 3503 717 3569 tali
732 3521 814 3569 casu
829 3504 977 3587 adoptio.

274 3613 306 3676 3ο
326 3611 418 3676 Uxor
444 3615 524 3676 ante
548 3609 604 3676 vel
627 3617 706 3695 post
733 3611 895 3676 maritum
921 3615 1058 3676 mortua
1086 3610 1249 3694 sepelitur
1275 3611 1311 3675 in
1339 3613 1414 3694 ejus

234 3717 400 3802 sepulcro,
418 3717 541 3782 saltem
554 3718 583 3782 si
598 3737 669 3784 non
688 3719 791 3784 fuerit
810 3724 967 3801 separata
983 3722 1122 3802 propter
1141 3718 1358 3795 adulterium,
1381 3725 1415 3784 ct

234 3827 262 3890 si
281 3825 318 3889 in
331 3826 496 3892 viduitate
511 3827 655 3892 honeste
671 3826 806 3890 vixerit.
829 3826 863 3890 Si
881 3826 1025 3890 maritus
1040 3826 1234 3910 sepulcrum
1258 3845 1327 3891 non
1349 3826 1415 3892 elc-

234 3933 299 4015 git,
332 3932 528 4018 sepelienda
552 3939 605 4000 est
632 3935 668 3998 in
696 3933 851 4018 sepulcro
882 3937 1065 4018 majorum.
1095 3934 1128 3998 Si
1154 3933 1270 4018 plures
1297 3935 1416 3998 habuit

235 4040 387 4118 maritos,
406 4040 561 4125 sequitur
582 4039 753 4106 ultimum.
774 4041 840 4106 Sed
862 4041 1006 4106 maritus
1031 4059 1100 4106 non
1124 4047 1177 4106 est
1200 4039 1416 4124 sepeliendus

236 4148 271 4212 in
294 4148 449 4232 sepulcro
471 4149 599 4226 uxoris,
627 4149 688 4214 sed
712 4167 854 4214 sucrum
878 4152 1068 4232 majorum3
1097 4167 1178 4214 nam
1197 4149 1250 4214 vir
1273 4155 1308 4213 et
1330 4167 1418 4215 uxor

235 4255 490 4340 aequiparantur
504 4256 617 4322 solum
632 4257 746 4342 quoad
765 4259 823 4340 jus
840 4257 1006 4332 maritale,
1025 4275 1096 4322 non
1120 4275 1202 4322 vero
1222 4258 1334 4340 quoad
1353 4257 1420 4323 alia

232 4381 321 4445 Jura.

273 4471 307 4534 4⁰
320 4469 468 4538 Clericus
483 4473 715 4550 beneficiatus,
727 4474 755 4538 si
766 4477 937 4558 majorum
949 4473 1124 4556 sepultura
1138 4479 1252 4538 careat
1267 4479 1301 4537 ct
1315 4472 1417 4538 aliam

239 4597 307 4642 non
321 4579 474 4662 elegerit,
492 4581 708 4664 sepeliendus
722 4582 817 4647 estin
835 4581 911 4646 loco
926 4580 1093 4656 beneficii,
1106 4599 1185 4644 cum
1202 4582 1236 4645 in
1253 4600 1294 4645 ec
1309 4581 1417 4645 domi-

240 4685 355 4751 cilium
378 4689 573 4766 contrahat,
593 4693 628 4755 ct
642 4695 856 4755 sacramanta
870 4689 1085 4753 administret
1106 4707 1145 4753 ac
1159 4689 1313 4772 recipiat,
1337 4687 1415 4753 licet
