<?xml version="1.0" encoding="UTF-8"?>
<!DOCTYPE html PUBLIC "-//W3C//DTD XHTML 1.0 Transitional//EN"
    "http://www.w3.org/TR/xhtml1/DTD/xhtml1-transitional.dtd">
<html xmlns="http://www.w3.org/1999/xhtml" xml:lang="en" lang="en">
 <head>
  <title>
</title>
<meta http-equiv="Content-Type" content="text/html;charset=utf-8" />
  <meta name='ocr-system' content='tesseract 3.04.00' />
  <meta name='ocr-capabilities' content='ocr_page ocr_carea ocr_par ocr_line ocrx_word'/>
</head>
<body>
  <div class='ocr_page' id='page_1' title='image "./juscanonicumjux00grangoog_0588.png"; bbox 0 0 3488 5568; ppageno 0'>
   <div class='ocr_carea' id='block_1_1' title="bbox 371 530 1085 596">
    <p class='ocr_par' dir='ltr' id='par_1_1' title="bbox 371 530 1085 596">
     <span class='ocr_line' id='line_1_1' title="bbox 371 530 1085 596; baseline -0.007 -2"><span class='ocrx_word' id='word_1_1' title='bbox 371 530 431 596; x_wconf 80' lang='grc'>516</span> <span class='ocrx_word' id='word_1_2' title='bbox 831 546 884 593; x_wconf 81' lang='lat' dir='ltr'>res</span> <span class='ocrx_word' id='word_1_3' title='bbox 904 545 1085 594; x_wconf 76' lang='lat' dir='ltr'>mnesteus.</span> 
     </span>
    </p>
   </div>
   <div class='ocr_carea' id='block_1_2' title="bbox 292 660 1562 2487">
    <p class='ocr_par' dir='ltr' id='par_1_2' title="bbox 292 660 1553 1164">
     <span class='ocr_line' id='line_1_2' title="bbox 292 660 1549 754; baseline -0.008 -19"><span class='ocrx_word' id='word_1_4' title='bbox 292 751 293 754; x_wconf 8' lang='grc' dir='ltr'><strong>Ἴ</strong></span> <span class='ocrx_word' id='word_1_5' title='bbox 371 685 471 734; x_wconf 83' lang='lat' dir='ltr'>cnseo</span> <span class='ocrx_word' id='word_1_6' title='bbox 485 671 521 732; x_wconf 92' lang='lat' dir='ltr'>et</span> <span class='ocrx_word' id='word_1_7' title='bbox 534 665 619 732; x_wconf 87' lang='lat' dir='ltr'>ovis.</span> <span class='ocrx_word' id='word_1_8' title='bbox 638 691 654 726; x_wconf 87' lang='lat'>»</span> <span class='ocrx_word' id='word_1_9' title='bbox 669 665 746 731; x_wconf 80' lang='lat' dir='ltr'>llaec</span> <span class='ocrx_word' id='word_1_10' title='bbox 758 665 968 751; x_wconf 72' lang='lat' dir='ltr'>praescriptio</span> <span class='ocrx_word' id='word_1_11' title='bbox 982 669 1169 732; x_wconf 85' lang='lat' dir='ltr'>renovatur</span> <span class='ocrx_word' id='word_1_12' title='bbox 1186 665 1222 730; x_wconf 90' lang='lat' dir='ltr'>in</span> <span class='ocrx_word' id='word_1_13' title='bbox 1234 662 1367 747; x_wconf 88' lang='lat' dir='ltr'>synodo</span> <span class='ocrx_word' id='word_1_14' title='bbox 1378 660 1549 738; x_wconf 66' lang='lat' dir='ltr'>bullans,</span> 
     </span>
     <span class='ocr_line' id='line_1_3' title="bbox 371 770 1552 860; baseline -0.008 -18"><span class='ocrx_word' id='word_1_15' title='bbox 371 776 482 842; x_wconf 74' lang='lat' dir='ltr'>cent</span> <span class='ocrx_word' id='word_1_16' title='bbox 502 779 537 840; x_wconf 92' lang='lat' dir='ltr'>et</span> <span class='ocrx_word' id='word_1_17' title='bbox 549 775 585 852; x_wconf 71' lang='lat'>26.</span> <span class='ocrx_word' id='word_1_18' title='bbox 611 773 805 841; x_wconf 72' lang='lat' dir='ltr'><strong>Alexander</strong></span> <span class='ocrx_word' id='word_1_19' title='bbox 819 773 875 840; x_wconf 86' lang='lat' dir='ltr'>Vll</span> <span class='ocrx_word' id='word_1_20' title='bbox 900 779 1104 860; x_wconf 76' lang='lat' dir='ltr'>sequentem</span> <span class='ocrx_word' id='word_1_21' title='bbox 1121 771 1393 858; x_wconf 82' lang='lat' dir='ltr'>propositionem</span> <span class='ocrx_word' id='word_1_22' title='bbox 1413 770 1552 835; x_wconf 87' lang='lat' dir='ltr'>damna-</span> 
     </span>
     <span class='ocr_line' id='line_1_4' title="bbox 374 878 1553 970; baseline -0.007 -22"><span class='ocrx_word' id='word_1_23' title='bbox 374 884 448 948; x_wconf 86' lang='lat' dir='ltr'>vit:</span> <span class='ocrx_word' id='word_1_24' title='bbox 473 907 489 942; x_wconf 77' lang='grc' dir='ltr'>α</span> <span class='ocrx_word' id='word_1_25' title='bbox 510 883 583 948; x_wconf 90' lang='lat' dir='ltr'>Non</span> <span class='ocrx_word' id='word_1_26' title='bbox 601 887 655 948; x_wconf 88' lang='lat' dir='ltr'>est</span> <span class='ocrx_word' id='word_1_27' title='bbox 673 883 815 948; x_wconf 86' lang='lat' dir='ltr'>evidens</span> <span class='ocrx_word' id='word_1_28' title='bbox 834 881 1152 970; x_wconf 90' lang='lat' dir='ltr'>quodconsuetudo</span> <span class='ocrx_word' id='word_1_29' title='bbox 1171 899 1243 947; x_wconf 92' lang='lat' dir='ltr'>non</span> <span class='ocrx_word' id='word_1_30' title='bbox 1256 878 1459 945; x_wconf 90' lang='lat' dir='ltr'>comedendi</span> <span class='ocrx_word' id='word_1_31' title='bbox 1485 894 1553 942; x_wconf 90' lang='lat' dir='ltr'>ova</span> 
     </span>
     <span class='ocr_line' id='line_1_5' title="bbox 374 986 1550 1076; baseline -0.004 -20"><span class='ocrx_word' id='word_1_32' title='bbox 374 995 410 1056; x_wconf 88' lang='lat' dir='ltr'>et</span> <span class='ocrx_word' id='word_1_33' title='bbox 435 990 603 1057; x_wconf 88' lang='lat' dir='ltr'>lacticinia</span> <span class='ocrx_word' id='word_1_34' title='bbox 618 992 655 1056; x_wconf 92' lang='lat' dir='ltr'>in</span> <span class='ocrx_word' id='word_1_35' title='bbox 670 991 932 1076; x_wconf 74' lang='lat' dir='ltr'>quadragesima</span> <span class='ocrx_word' id='word_1_36' title='bbox 949 990 1088 1074; x_wconf 82' lang='lat' dir='ltr'>obliget.</span> <span class='ocrx_word' id='word_1_37' title='bbox 1111 1013 1127 1048; x_wconf 74' lang='lat' dir='ltr'>c</span> <span class='ocrx_word' id='word_1_38' title='bbox 1146 989 1264 1074; x_wconf 91' lang='lat' dir='ltr'>ltaque</span> <span class='ocrx_word' id='word_1_39' title='bbox 1278 988 1391 1070; x_wconf 81' lang='lat' dir='ltr'>egitur</span> <span class='ocrx_word' id='word_1_40' title='bbox 1416 987 1459 1052; x_wconf 92' lang='lat' dir='ltr'>de</span> <span class='ocrx_word' id='word_1_41' title='bbox 1472 986 1550 1068; x_wconf 80' lang='lat' dir='ltr'>lege</span> 
     </span>
     <span class='ocr_line' id='line_1_6' title="bbox 375 1099 570 1164; baseline 0 -2"><span class='ocrx_word' id='word_1_42' title='bbox 375 1099 570 1164; x_wconf 88' lang='lat' dir='ltr'>universali.</span> 
     </span>
    </p>

    <p class='ocr_par' dir='ltr' id='par_1_3' title="bbox 373 1205 1562 2487">
     <span class='ocr_line' id='line_1_7' title="bbox 414 1205 1553 1294; baseline -0.003 -23"><span class='ocrx_word' id='word_1_43' title='bbox 414 1208 446 1271; x_wconf 72' lang='lat'>2⁰</span> <span class='ocrx_word' id='word_1_44' title='bbox 456 1206 704 1274; x_wconf 72' lang='lat' dir='ltr'>Particulariter</span> <span class='ocrx_word' id='word_1_45' title='bbox 718 1213 835 1274; x_wconf 83' lang='lat' dir='ltr'>temen</span> <span class='ocrx_word' id='word_1_46' title='bbox 848 1207 1032 1294; x_wconf 88' lang='lat' dir='ltr'>loquendo,</span> <span class='ocrx_word' id='word_1_47' title='bbox 1050 1207 1211 1274; x_wconf 87' lang='lat' dir='ltr'>standum</span> <span class='ocrx_word' id='word_1_48' title='bbox 1225 1212 1278 1275; x_wconf 88' lang='lat' dir='ltr'>est</span> <span class='ocrx_word' id='word_1_49' title='bbox 1292 1205 1553 1293; x_wconf 81' lang='lat' dir='ltr'>particularibus</span> 
     </span>
     <span class='ocr_line' id='line_1_8' title="bbox 373 1313 1554 1402; baseline 0.001 -24"><span class='ocrx_word' id='word_1_50' title='bbox 373 1313 528 1382; x_wconf 90' lang='lat' dir='ltr'>locorum</span> <span class='ocrx_word' id='word_1_51' title='bbox 553 1317 859 1384; x_wconf 89' lang='lat' dir='ltr'>consuctudinibus</span> <span class='ocrx_word' id='word_1_52' title='bbox 887 1323 924 1383; x_wconf 91' lang='lat' dir='ltr'>et</span> <span class='ocrx_word' id='word_1_53' title='bbox 948 1317 1146 1402; x_wconf 76' lang='lat' dir='ltr'>privilegiis,</span> <span class='ocrx_word' id='word_1_54' title='bbox 1173 1337 1253 1384; x_wconf 93' lang='lat' dir='ltr'>cum</span> <span class='ocrx_word' id='word_1_55' title='bbox 1276 1317 1399 1384; x_wconf 84' lang='lat' dir='ltr'>alicubi</span> <span class='ocrx_word' id='word_1_56' title='bbox 1427 1333 1493 1382; x_wconf 88' lang='lat' dir='ltr'>ova</span> <span class='ocrx_word' id='word_1_57' title='bbox 1518 1319 1554 1381; x_wconf 92' lang='lat' dir='ltr'>et</span> 
     </span>
     <span class='ocr_line' id='line_1_9' title="bbox 375 1422 1554 1512; baseline 0.002 -26"><span class='ocrx_word' id='word_1_58' title='bbox 375 1422 544 1491; x_wconf 90' lang='lat' dir='ltr'>lacticinia</span> <span class='ocrx_word' id='word_1_59' title='bbox 552 1425 799 1509; x_wconf 89' lang='lat' dir='ltr'>prohibeantur</span> <span class='ocrx_word' id='word_1_60' title='bbox 805 1424 918 1492; x_wconf 90' lang='lat' dir='ltr'>solum</span> <span class='ocrx_word' id='word_1_61' title='bbox 932 1431 1085 1510; x_wconf 88' lang='lat' dir='ltr'>tempore</span> <span class='ocrx_word' id='word_1_62' title='bbox 1097 1425 1394 1512; x_wconf 75' lang='lat' dir='ltr'>quadragesimali,</span> <span class='ocrx_word' id='word_1_63' title='bbox 1412 1428 1448 1488; x_wconf 89' lang='lat' dir='ltr'>el</span> <span class='ocrx_word' id='word_1_64' title='bbox 1457 1427 1554 1489; x_wconf 87' lang='lat' dir='ltr'>extra</span> 
     </span>
     <span class='ocr_line' id='line_1_10' title="bbox 375 1531 1555 1620; baseline -0.001 -23"><span class='ocrx_word' id='word_1_65' title='bbox 375 1531 458 1598; x_wconf 90' lang='lat' dir='ltr'>illud</span> <span class='ocrx_word' id='word_1_66' title='bbox 472 1551 543 1598; x_wconf 92' lang='lat' dir='ltr'>non</span> <span class='ocrx_word' id='word_1_67' title='bbox 557 1534 626 1598; x_wconf 85' lang='lat' dir='ltr'>sint</span> <span class='ocrx_word' id='word_1_68' title='bbox 640 1535 756 1610; x_wconf 84' lang='lat' dir='ltr'>vetite,</span> <span class='ocrx_word' id='word_1_69' title='bbox 774 1539 809 1600; x_wconf 92' lang='lat' dir='ltr'>et</span> <span class='ocrx_word' id='word_1_70' title='bbox 822 1535 956 1612; x_wconf 83' lang='lat' dir='ltr'>alicubi,</span> <span class='ocrx_word' id='word_1_71' title='bbox 973 1535 1077 1600; x_wconf 86' lang='lat' dir='ltr'>etiem</span> <span class='ocrx_word' id='word_1_72' title='bbox 1091 1535 1212 1600; x_wconf 90' lang='lat' dir='ltr'>diebus</span> <span class='ocrx_word' id='word_1_73' title='bbox 1223 1534 1348 1620; x_wconf 74' lang='lat' dir='ltr'>Jejunii</span> <span class='ocrx_word' id='word_1_74' title='bbox 1363 1537 1459 1598; x_wconf 81' lang='lat' dir='ltr'>extre</span> <span class='ocrx_word' id='word_1_75' title='bbox 1473 1549 1555 1616; x_wconf 85' lang='lat' dir='ltr'>qus-</span> 
     </span>
     <span class='ocr_line' id='line_1_11' title="bbox 377 1641 1555 1728; baseline -0.002 -22"><span class='ocrx_word' id='word_1_76' title='bbox 377 1641 616 1724; x_wconf 78' lang='lat' dir='ltr'>dragesimam,</span> <span class='ocrx_word' id='word_1_77' title='bbox 634 1661 704 1709; x_wconf 92' lang='lat' dir='ltr'>non</span> <span class='ocrx_word' id='word_1_78' title='bbox 718 1645 970 1728; x_wconf 89' lang='lat' dir='ltr'>permittantur.</span> <span class='ocrx_word' id='word_1_79' title='bbox 986 1645 1093 1710; x_wconf 82' lang='lat' dir='ltr'>Hodie</span> <span class='ocrx_word' id='word_1_80' title='bbox 1107 1642 1410 1710; x_wconf 87' lang='lat' dir='ltr'>exvnriisindultis</span> <span class='ocrx_word' id='word_1_81' title='bbox 1419 1645 1555 1725; x_wconf 88' lang='lat' dir='ltr'>aposto-</span> 
     </span>
     <span class='ocr_line' id='line_1_12' title="bbox 376 1748 1555 1836; baseline -0.002 -24"><span class='ocrx_word' id='word_1_82' title='bbox 376 1749 450 1814; x_wconf 90' lang='lat' dir='ltr'>licis</span> <span class='ocrx_word' id='word_1_83' title='bbox 465 1749 737 1818; x_wconf 79' lang='lat' dir='ltr'>determinantur</span> <span class='ocrx_word' id='word_1_84' title='bbox 749 1752 815 1816; x_wconf 92' lang='lat' dir='ltr'>cibi</span> <span class='ocrx_word' id='word_1_85' title='bbox 829 1753 986 1836; x_wconf 80' lang='lat' dir='ltr'>permissi</span> <span class='ocrx_word' id='word_1_86' title='bbox 1003 1753 1039 1816; x_wconf 90' lang='lat' dir='ltr'>in</span> <span class='ocrx_word' id='word_1_87' title='bbox 1053 1753 1157 1818; x_wconf 82' lang='lat' dir='ltr'>variis</span> <span class='ocrx_word' id='word_1_88' title='bbox 1171 1753 1379 1834; x_wconf 80' lang='lat' dir='ltr'>regionibus.</span> <span class='ocrx_word' id='word_1_89' title='bbox 1401 1748 1555 1832; x_wconf 88' lang='lat' dir='ltr'>Episcopi</span> 
     </span>
     <span class='ocr_line' id='line_1_13' title="bbox 379 1859 1554 1944; baseline -0.001 -23"><span class='ocrx_word' id='word_1_90' title='bbox 379 1863 556 1944; x_wconf 82' lang='lat' dir='ltr'>nequeunt</span> <span class='ocrx_word' id='word_1_91' title='bbox 582 1859 720 1944; x_wconf 83' lang='lat' dir='ltr'>propria</span> <span class='ocrx_word' id='word_1_92' title='bbox 745 1860 947 1926; x_wconf 80' lang='lat' dir='ltr'>auctoritate</span> <span class='ocrx_word' id='word_1_93' title='bbox 976 1859 1018 1925; x_wconf 91' lang='lat' dir='ltr'>de</span> <span class='ocrx_word' id='word_1_94' title='bbox 1032 1861 1187 1926; x_wconf 89' lang='lat' dir='ltr'>ciborum</span> <span class='ocrx_word' id='word_1_95' title='bbox 1202 1859 1336 1924; x_wconf 91' lang='lat' dir='ltr'>delectu</span> <span class='ocrx_word' id='word_1_96' title='bbox 1360 1859 1554 1942; x_wconf 86' lang='lat' dir='ltr'>disponere,</span> 
     </span>
     <span class='ocr_line' id='line_1_14' title="bbox 378 1965 1557 2064; baseline -0.003 -34"><span class='ocrx_word' id='word_1_97' title='bbox 378 1966 597 2064; x_wconf 84' lang='lat' dir='ltr'>cnmnnllam</span> <span class='ocrx_word' id='word_1_98' title='bbox 606 1968 756 2036; x_wconf 79' lang='lat' dir='ltr'>habeant</span> <span class='ocrx_word' id='word_1_99' title='bbox 764 1973 972 2052; x_wconf 84' lang='lat' dir='ltr'>potestatem</span> <span class='ocrx_word' id='word_1_100' title='bbox 982 1968 1170 2051; x_wconf 80' lang='lat' dir='ltr'>derogandi</span> <span class='ocrx_word' id='word_1_101' title='bbox 1180 1969 1216 2032; x_wconf 89' lang='lat' dir='ltr'>in</span> <span class='ocrx_word' id='word_1_102' title='bbox 1227 1967 1277 2032; x_wconf 93' lang='lat' dir='ltr'>eis</span> <span class='ocrx_word' id='word_1_103' title='bbox 1288 1965 1557 2053; x_wconf 81' lang='lat' dir='ltr'>qnaeaRomano</span> 
     </span>
     <span class='ocr_line' id='line_1_15' title="bbox 381 2073 1559 2162; baseline -0.001 -24"><span class='ocrx_word' id='word_1_104' title='bbox 381 2073 543 2141; x_wconf 89' lang='lat' dir='ltr'>Pontitice</span> <span class='ocrx_word' id='word_1_105' title='bbox 570 2081 605 2142; x_wconf 90' lang='lat' dir='ltr'>et</span> <span class='ocrx_word' id='word_1_106' title='bbox 622 2079 701 2162; x_wconf 74' lang='lat' dir='ltr'>Jure</span> <span class='ocrx_word' id='word_1_107' title='bbox 727 2078 893 2144; x_wconf 86' lang='lat' dir='ltr'>canonico</span> <span class='ocrx_word' id='word_1_108' title='bbox 914 2077 1051 2144; x_wconf 84' lang='lat' dir='ltr'>decreta</span> <span class='ocrx_word' id='word_1_109' title='bbox 1074 2082 1165 2142; x_wconf 90' lang='lat' dir='ltr'>sunt.</span> <span class='ocrx_word' id='word_1_110' title='bbox 1186 2077 1313 2142; x_wconf 87' lang='lat' dir='ltr'>Verum</span> <span class='ocrx_word' id='word_1_111' title='bbox 1344 2073 1559 2142; x_wconf 90' lang='lat' dir='ltr'>consuetudo</span> 
     </span>
     <span class='ocr_line' id='line_1_16' title="bbox 379 2181 1562 2270; baseline -0.002 -23"><span class='ocrx_word' id='word_1_112' title='bbox 379 2181 507 2266; x_wconf 87' lang='lat' dir='ltr'>aliquid</span> <span class='ocrx_word' id='word_1_113' title='bbox 523 2183 738 2250; x_wconf 77' lang='lat' dir='ltr'>introducere</span> <span class='ocrx_word' id='word_1_114' title='bbox 759 2190 873 2269; x_wconf 88' lang='lat' dir='ltr'>potest</span> <span class='ocrx_word' id='word_1_115' title='bbox 892 2191 1017 2270; x_wconf 62' lang='lat' dir='ltr'>praeter</span> <span class='ocrx_word' id='word_1_116' title='bbox 1042 2186 1099 2252; x_wconf 90' lang='lat' dir='ltr'>vel</span> <span class='ocrx_word' id='word_1_117' title='bbox 1111 2191 1231 2252; x_wconf 88' lang='lat' dir='ltr'>contra</span> <span class='ocrx_word' id='word_1_118' title='bbox 1242 2189 1300 2269; x_wconf 89' lang='lat' dir='ltr'>jus</span> <span class='ocrx_word' id='word_1_119' title='bbox 1314 2202 1508 2258; x_wconf 89' lang='lat' dir='ltr'>commune,</span> <span class='ocrx_word' id='word_1_120' title='bbox 1526 2189 1562 2245; x_wconf 88' lang='lat' dir='ltr'>et</span> 
     </span>
     <span class='ocr_line' id='line_1_17' title="bbox 381 2289 1560 2380; baseline -0.003 -24"><span class='ocrx_word' id='word_1_121' title='bbox 381 2297 492 2358; x_wconf 82' lang='lat' dir='ltr'>stante</span> <span class='ocrx_word' id='word_1_122' title='bbox 507 2293 565 2359; x_wconf 88' lang='lat' dir='ltr'>teli</span> <span class='ocrx_word' id='word_1_123' title='bbox 579 2291 733 2377; x_wconf 78' lang='lat' dir='ltr'>legitime</span> <span class='ocrx_word' id='word_1_124' title='bbox 745 2295 1006 2374; x_wconf 90' lang='lat' dir='ltr'>consuetudine,</span> <span class='ocrx_word' id='word_1_125' title='bbox 1029 2296 1203 2380; x_wconf 86' lang='lat' dir='ltr'>jejunium</span> <span class='ocrx_word' id='word_1_126' title='bbox 1217 2295 1340 2376; x_wconf 79' lang='lat' dir='ltr'>vigens</span> <span class='ocrx_word' id='word_1_127' title='bbox 1359 2312 1420 2358; x_wconf 90' lang='lat' dir='ltr'>seu</span> <span class='ocrx_word' id='word_1_128' title='bbox 1439 2289 1560 2356; x_wconf 86' lang='lat' dir='ltr'>usuale</span> 
     </span>
     <span class='ocr_line' id='line_1_18' title="bbox 381 2401 1377 2487; baseline 0.001 -23"><span class='ocrx_word' id='word_1_129' title='bbox 381 2401 562 2480; x_wconf 86' lang='lat' dir='ltr'>suitlceret,</span> <span class='ocrx_word' id='word_1_130' title='bbox 579 2403 683 2468; x_wconf 87' lang='lat' dir='ltr'>etiem</span> <span class='ocrx_word' id='word_1_131' title='bbox 697 2403 741 2468; x_wconf 87' lang='lat' dir='ltr'>ed</span> <span class='ocrx_word' id='word_1_132' title='bbox 753 2403 954 2470; x_wconf 80' lang='lat' dir='ltr'>luerendsm</span> <span class='ocrx_word' id='word_1_133' title='bbox 967 2403 1218 2487; x_wconf 80' lang='lat' dir='ltr'>indulgentiam</span> <span class='ocrx_word' id='word_1_134' title='bbox 1235 2402 1377 2486; x_wconf 78' lang='lat' dir='ltr'>jubilei.</span> 
     </span>
    </p>
   </div>
   <div class='ocr_carea' id='block_1_3' title="bbox 574 2594 1366 2662">
    <p class='ocr_par' dir='ltr' id='par_1_4' title="bbox 574 2594 1366 2662">
     <span class='ocr_line' id='line_1_19' title="bbox 574 2594 1366 2662; baseline -0.001 -16"><span class='ocrx_word' id='word_1_135' title='bbox 574 2594 604 2648; x_wconf 90' lang='lat' dir='ltr'>ll.</span> <span class='ocrx_word' id='word_1_136' title='bbox 623 2597 662 2650; x_wconf 89' lang='lat' dir='ltr'>be</span> <span class='ocrx_word' id='word_1_137' title='bbox 677 2595 891 2662; x_wconf 73' lang='lat' dir='ltr'>dispensatione</span> <span class='ocrx_word' id='word_1_138' title='bbox 905 2597 935 2651; x_wconf 87' lang='lat' dir='ltr'>et</span> <span class='ocrx_word' id='word_1_139' title='bbox 948 2596 1131 2650; x_wconf 83' lang='lat' dir='ltr'>excusatione</span> <span class='ocrx_word' id='word_1_140' title='bbox 1144 2608 1163 2649; x_wconf 91' lang='lat' dir='ltr'>a</span> <span class='ocrx_word' id='word_1_141' title='bbox 1175 2595 1238 2661; x_wconf 82' lang='lat' dir='ltr'>lege</span> <span class='ocrx_word' id='word_1_142' title='bbox 1251 2594 1366 2660; x_wconf 76' lang='lat' dir='ltr'>jejunit.</span> 
     </span>
    </p>
   </div>
   <div class='ocr_carea' id='block_1_4' title="bbox 383 2729 1574 4768">
    <p class='ocr_par' dir='ltr' id='par_1_5' title="bbox 384 2729 1564 2922">
     <span class='ocr_line' id='line_1_20' title="bbox 423 2729 1564 2816; baseline -0.003 -21"><span class='ocrx_word' id='word_1_143' title='bbox 423 2731 458 2813; x_wconf 78' lang='lat' dir='ltr'>o)</span> <span class='ocrx_word' id='word_1_144' title='bbox 471 2731 526 2796; x_wconf 83' lang='lat' dir='ltr'>An</span> <span class='ocrx_word' id='word_1_145' title='bbox 539 2731 751 2816; x_wconf 63' lang='lat' dir='ltr'>disponatur</span> <span class='ocrx_word' id='word_1_146' title='bbox 771 2733 820 2798; x_wconf 80' lang='lat' dir='ltr'>ad</span> <span class='ocrx_word' id='word_1_147' title='bbox 833 2751 949 2798; x_wconf 77' lang='lat' dir='ltr'>omnes</span> <span class='ocrx_word' id='word_1_148' title='bbox 972 2731 1195 2798; x_wconf 79' lang='lat' dir='ltr'>comedendas</span> <span class='ocrx_word' id='word_1_149' title='bbox 1209 2733 1253 2795; x_wconf 84' lang='lat' dir='ltr'>sit</span> <span class='ocrx_word' id='word_1_150' title='bbox 1266 2730 1327 2795; x_wconf 77' lang='lat' dir='ltr'>too</span> <span class='ocrx_word' id='word_1_151' title='bbox 1343 2732 1414 2814; x_wconf 84' lang='lat' dir='ltr'>ipro</span> <span class='ocrx_word' id='word_1_152' title='bbox 1429 2729 1564 2814; x_wconf 79' lang='lat' dir='ltr'>dr&#39;spen-</span> 
     </span>
     <span class='ocr_line' id='line_1_21' title="bbox 384 2839 687 2922; baseline 0.01 -21"><span class='ocrx_word' id='word_1_153' title='bbox 384 2847 479 2902; x_wconf 83' lang='lat' dir='ltr'>satrrs</span> <span class='ocrx_word' id='word_1_154' title='bbox 491 2859 514 2904; x_wconf 85' lang='lat' dir='ltr'><em>a</em></span> <span class='ocrx_word' id='word_1_155' title='bbox 520 2839 687 2922; x_wconf 83' lang='lat' dir='ltr'>jejunio?</span> 
     </span>
    </p>

    <p class='ocr_par' dir='ltr' id='par_1_6' title="bbox 383 2947 1569 4008">
     <span class='ocr_line' id='line_1_22' title="bbox 423 2947 1565 3032; baseline -0.001 -21"><span class='ocrx_word' id='word_1_156' title='bbox 423 2949 455 3012; x_wconf 88' lang='lat' dir='ltr'>l·</span> <span class='ocrx_word' id='word_1_157' title='bbox 469 2948 503 3011; x_wconf 90' lang='lat' dir='ltr'>Si</span> <span class='ocrx_word' id='word_1_158' title='bbox 519 2947 728 3032; x_wconf 78' lang='lat' dir='ltr'>dispensatio</span> <span class='ocrx_word' id='word_1_159' title='bbox 742 2950 785 3015; x_wconf 92' lang='lat' dir='ltr'>ab</span> <span class='ocrx_word' id='word_1_160' title='bbox 800 2967 865 3014; x_wconf 89' lang='lat' dir='ltr'>usu</span> <span class='ocrx_word' id='word_1_161' title='bbox 880 2949 1035 3015; x_wconf 89' lang='lat' dir='ltr'>carnium</span> <span class='ocrx_word' id='word_1_162' title='bbox 1053 2951 1143 3015; x_wconf 79' lang='lat' dir='ltr'>tacte</span> <span class='ocrx_word' id='word_1_163' title='bbox 1158 2949 1202 3014; x_wconf 92' lang='lat' dir='ltr'>sit</span> <span class='ocrx_word' id='word_1_164' title='bbox 1217 2967 1260 3014; x_wconf 85' lang='lat' dir='ltr'>ex</span> <span class='ocrx_word' id='word_1_165' title='bbox 1280 2965 1383 3014; x_wconf 85' lang='lat' dir='ltr'>censa</span> <span class='ocrx_word' id='word_1_166' title='bbox 1396 2947 1565 3030; x_wconf 88' lang='lat' dir='ltr'>impoten-</span> 
     </span>
     <span class='ocr_line' id='line_1_23' title="bbox 384 3055 1566 3142; baseline -0.002 -22"><span class='ocrx_word' id='word_1_167' title='bbox 384 3057 438 3122; x_wconf 80' lang='lat' dir='ltr'>tie</span> <span class='ocrx_word' id='word_1_168' title='bbox 453 3063 513 3122; x_wconf 85' lang='lat' dir='ltr'>eut</span> <span class='ocrx_word' id='word_1_169' title='bbox 526 3056 743 3136; x_wconf 79' lang='lat' dir='ltr'>infirmitatis,</span> <span class='ocrx_word' id='word_1_170' title='bbox 755 3059 803 3123; x_wconf 91' lang='lat' dir='ltr'>ita</span> <span class='ocrx_word' id='word_1_171' title='bbox 814 3063 853 3122; x_wconf 93' lang='lat' dir='ltr'>ut</span> <span class='ocrx_word' id='word_1_172' title='bbox 865 3059 941 3142; x_wconf 91' lang='lat' dir='ltr'>quis</span> <span class='ocrx_word' id='word_1_173' title='bbox 951 3058 1170 3142; x_wconf 82' lang='lat' dir='ltr'>probabiliter</span> <span class='ocrx_word' id='word_1_174' title='bbox 1182 3058 1393 3122; x_wconf 81' lang='lat' dir='ltr'>insufficiens</span> <span class='ocrx_word' id='word_1_175' title='bbox 1405 3055 1566 3121; x_wconf 86' lang='lat' dir='ltr'>credetur</span> 
     </span>
     <span class='ocr_line' id='line_1_24' title="bbox 384 3163 1565 3251; baseline -0.003 -21"><span class='ocrx_word' id='word_1_176' title='bbox 384 3165 427 3230; x_wconf 91' lang='lat' dir='ltr'>ad</span> <span class='ocrx_word' id='word_1_177' title='bbox 444 3166 684 3249; x_wconf 83' lang='lat' dir='ltr'>jejunandum,</span> <span class='ocrx_word' id='word_1_178' title='bbox 708 3171 761 3232; x_wconf 90' lang='lat' dir='ltr'>est</span> <span class='ocrx_word' id='word_1_179' title='bbox 782 3168 887 3233; x_wconf 83' lang='lat' dir='ltr'>etiam</span> <span class='ocrx_word' id='word_1_180' title='bbox 910 3167 1126 3251; x_wconf 78' lang='lat' dir='ltr'>dispensatus</span> <span class='ocrx_word' id='word_1_181' title='bbox 1147 3185 1169 3233; x_wconf 81' lang='lat' dir='ltr'><strong>a</strong></span> <span class='ocrx_word' id='word_1_182' title='bbox 1193 3167 1340 3250; x_wconf 75' lang='lat' dir='ltr'>Jejunio,</span> <span class='ocrx_word' id='word_1_183' title='bbox 1365 3171 1400 3230; x_wconf 92' lang='lat' dir='ltr'>et</span> <span class='ocrx_word' id='word_1_184' title='bbox 1420 3163 1565 3249; x_wconf 92' lang='lat' dir='ltr'>proinde</span> 
     </span>
     <span class='ocr_line' id='line_1_25' title="bbox 384 3273 1567 3358; baseline -0.003 -19"><span class='ocrx_word' id='word_1_185' title='bbox 384 3279 497 3358; x_wconf 90' lang='lat' dir='ltr'>potest</span> <span class='ocrx_word' id='word_1_186' title='bbox 519 3276 644 3357; x_wconf 81' lang='lat' dir='ltr'>saepius</span> <span class='ocrx_word' id='word_1_187' title='bbox 665 3276 701 3339; x_wconf 90' lang='lat' dir='ltr'>in</span> <span class='ocrx_word' id='word_1_188' title='bbox 722 3275 777 3340; x_wconf 89' lang='lat' dir='ltr'>die</span> <span class='ocrx_word' id='word_1_189' title='bbox 797 3275 978 3340; x_wconf 89' lang='lat' dir='ltr'>comedere</span> <span class='ocrx_word' id='word_1_190' title='bbox 1002 3297 1010 3339; x_wconf 77' lang='grc' dir='ltr'>ι</span> <span class='ocrx_word' id='word_1_191' title='bbox 1032 3277 1080 3340; x_wconf 82' lang='lat' dir='ltr'>itn</span> <span class='ocrx_word' id='word_1_192' title='bbox 1106 3275 1300 3340; x_wconf 85' lang='lat' dir='ltr'>communis</span> <span class='ocrx_word' id='word_1_193' title='bbox 1320 3273 1507 3348; x_wconf 83' lang='lat' dir='ltr'>sententin3</span> <span class='ocrx_word' id='word_1_194' title='bbox 1530 3278 1567 3336; x_wconf 89' lang='lat' dir='ltr'>et</span> 
     </span>
     <span class='ocr_line' id='line_1_26' title="bbox 385 3380 1565 3466; baseline -0.001 -22"><span class='ocrx_word' id='word_1_195' title='bbox 385 3383 471 3446; x_wconf 89' lang='lat' dir='ltr'>ratio</span> <span class='ocrx_word' id='word_1_196' title='bbox 482 3387 545 3458; x_wconf 91' lang='lat' dir='ltr'>est,</span> <span class='ocrx_word' id='word_1_197' title='bbox 557 3383 636 3466; x_wconf 87' lang='lat' dir='ltr'>quie</span> <span class='ocrx_word' id='word_1_198' title='bbox 646 3383 814 3448; x_wconf 87' lang='lat' dir='ltr'>motivum</span> <span class='ocrx_word' id='word_1_199' title='bbox 822 3384 944 3448; x_wconf 84' lang='lat' dir='ltr'>suadet</span> <span class='ocrx_word' id='word_1_200' title='bbox 953 3383 1191 3450; x_wconf 84' lang='lat' dir='ltr'>extensionem</span> <span class='ocrx_word' id='word_1_201' title='bbox 1203 3381 1280 3448; x_wconf 79' lang='lat' dir='ltr'>telis</span> <span class='ocrx_word' id='word_1_202' title='bbox 1289 3380 1565 3466; x_wconf 85' lang='lat' dir='ltr'>dispensationis,</span> 
     </span>
     <span class='ocr_line' id='line_1_27' title="bbox 384 3487 1568 3573; baseline -0.002 -19"><span class='ocrx_word' id='word_1_203' title='bbox 384 3508 464 3554; x_wconf 92' lang='lat' dir='ltr'>cum</span> <span class='ocrx_word' id='word_1_204' title='bbox 477 3490 584 3573; x_wconf 85' lang='lat' dir='ltr'>petiln</span> <span class='ocrx_word' id='word_1_205' title='bbox 598 3491 642 3554; x_wconf 89' lang='lat' dir='ltr'>sit</span> <span class='ocrx_word' id='word_1_206' title='bbox 655 3491 699 3556; x_wconf 86' lang='lat' dir='ltr'>ed</span> <span class='ocrx_word' id='word_1_207' title='bbox 712 3491 804 3556; x_wconf 86' lang='lat' dir='ltr'>vires</span> <span class='ocrx_word' id='word_1_208' title='bbox 823 3491 952 3557; x_wconf 88' lang='lat' dir='ltr'>debiles</span> <span class='ocrx_word' id='word_1_209' title='bbox 975 3491 1212 3567; x_wconf 58' lang='lat' dir='ltr'>sustinendam</span> <span class='ocrx_word' id='word_1_210' title='bbox 1229 3490 1290 3555; x_wconf 85' lang='lat' dir='ltr'>sed</span> <span class='ocrx_word' id='word_1_211' title='bbox 1305 3507 1367 3572; x_wconf 89' lang='lat' dir='ltr'>pro</span> <span class='ocrx_word' id='word_1_212' title='bbox 1391 3487 1456 3552; x_wconf 91' lang='lat' dir='ltr'>illis</span> <span class='ocrx_word' id='word_1_213' title='bbox 1471 3505 1568 3552; x_wconf 91' lang='lat' dir='ltr'>recu-</span> 
     </span>
     <span class='ocr_line' id='line_1_28' title="bbox 384 3593 1567 3682; baseline -0.004 -20"><span class='ocrx_word' id='word_1_214' title='bbox 384 3597 544 3680; x_wconf 86' lang='lat' dir='ltr'>perandis</span> <span class='ocrx_word' id='word_1_215' title='bbox 571 3599 668 3664; x_wconf 81' lang='lat' dir='ltr'>adest</span> <span class='ocrx_word' id='word_1_216' title='bbox 695 3617 778 3666; x_wconf 87' lang='lat' dir='ltr'>vere</span> <span class='ocrx_word' id='word_1_217' title='bbox 805 3599 992 3666; x_wconf 77' lang='lat' dir='ltr'>necessitas</span> <span class='ocrx_word' id='word_1_218' title='bbox 1019 3596 1216 3682; x_wconf 89' lang='lat' dir='ltr'>multiplicis</span> <span class='ocrx_word' id='word_1_219' title='bbox 1243 3597 1477 3662; x_wconf 77' lang='lat' dir='ltr'>comestionis.</span> <span class='ocrx_word' id='word_1_220' title='bbox 1507 3593 1567 3658; x_wconf 88' lang='lat' dir='ltr'>Ille</span> 
     </span>
     <span class='ocr_line' id='line_1_29' title="bbox 386 3705 1569 3790; baseline 0.001 -22"><span class='ocrx_word' id='word_1_221' title='bbox 386 3707 479 3769; x_wconf 90' lang='lat' dir='ltr'>enim</span> <span class='ocrx_word' id='word_1_222' title='bbox 501 3705 716 3790; x_wconf 90' lang='lat' dir='ltr'>dispensatus</span> <span class='ocrx_word' id='word_1_223' title='bbox 740 3713 794 3774; x_wconf 88' lang='lat' dir='ltr'>est</span> <span class='ocrx_word' id='word_1_224' title='bbox 816 3708 920 3773; x_wconf 92' lang='lat' dir='ltr'>simul</span> <span class='ocrx_word' id='word_1_225' title='bbox 942 3711 1141 3783; x_wconf 64' lang='lat' dir='ltr'>excusatum</span> <span class='ocrx_word' id='word_1_226' title='bbox 1170 3723 1252 3771; x_wconf 81' lang='lat' dir='ltr'>nem</span> <span class='ocrx_word' id='word_1_227' title='bbox 1266 3705 1475 3790; x_wconf 87' lang='lat' dir='ltr'>dispensatio</span> <span class='ocrx_word' id='word_1_228' title='bbox 1488 3722 1569 3768; x_wconf 86' lang='lat' dir='ltr'>con-</span> 
     </span>
     <span class='ocr_line' id='line_1_30' title="bbox 383 3812 1569 3898; baseline -0.001 -20"><span class='ocrx_word' id='word_1_229' title='bbox 383 3814 484 3896; x_wconf 73' lang='lat' dir='ltr'>jungi</span> <span class='ocrx_word' id='word_1_230' title='bbox 501 3819 616 3898; x_wconf 84' lang='lat' dir='ltr'>potest</span> <span class='ocrx_word' id='word_1_231' title='bbox 634 3834 714 3882; x_wconf 89' lang='lat' dir='ltr'>oum</span> <span class='ocrx_word' id='word_1_232' title='bbox 736 3817 968 3882; x_wconf 85' lang='lat' dir='ltr'>excusatione.</span> <span class='ocrx_word' id='word_1_233' title='bbox 992 3815 1033 3881; x_wconf 90' lang='lat' dir='ltr'>ln</span> <span class='ocrx_word' id='word_1_234' title='bbox 1054 3815 1120 3880; x_wconf 90' lang='lat' dir='ltr'>boo</span> <span class='ocrx_word' id='word_1_235' title='bbox 1139 3814 1254 3880; x_wconf 83' lang='lat' dir='ltr'>differt</span> <span class='ocrx_word' id='word_1_236' title='bbox 1274 3815 1449 3880; x_wconf 75' lang='lat' dir='ltr'>excusatio</span> <span class='ocrx_word' id='word_1_237' title='bbox 1466 3812 1569 3879; x_wconf 84' lang='lat' dir='ltr'>adis-</span> 
     </span>
     <span class='ocr_line' id='line_1_31' title="bbox 387 3921 1456 4008; baseline 0 -22"><span class='ocrx_word' id='word_1_238' title='bbox 387 3923 600 4004; x_wconf 87' lang='lat' dir='ltr'>pensatione,</span> <span class='ocrx_word' id='word_1_239' title='bbox 618 3924 710 4008; x_wconf 91' lang='lat' dir='ltr'>quod</span> <span class='ocrx_word' id='word_1_240' title='bbox 723 3925 835 4008; x_wconf 90' lang='lat' dir='ltr'>prima</span> <span class='ocrx_word' id='word_1_241' title='bbox 847 3923 944 3988; x_wconf 87' lang='lat' dir='ltr'>venit</span> <span class='ocrx_word' id='word_1_242' title='bbox 957 3942 978 3989; x_wconf 85' lang='lat' dir='ltr'><strong>a</strong></span> <span class='ocrx_word' id='word_1_243' title='bbox 986 3925 1065 4007; x_wconf 86' lang='lat' dir='ltr'>jure</span> <span class='ocrx_word' id='word_1_244' title='bbox 1079 3928 1115 3988; x_wconf 91' lang='lat' dir='ltr'>et</span> <span class='ocrx_word' id='word_1_245' title='bbox 1128 3921 1236 3987; x_wconf 83' lang='lat' dir='ltr'>altere</span> <span class='ocrx_word' id='word_1_246' title='bbox 1249 3923 1292 3988; x_wconf 83' lang='lat' dir='ltr'>eb</span> <span class='ocrx_word' id='word_1_247' title='bbox 1304 3923 1456 3988; x_wconf 89' lang='lat' dir='ltr'>homine.</span> 
     </span>
    </p>

    <p class='ocr_par' dir='ltr' id='par_1_7' title="bbox 387 4029 1574 4768">
     <span class='ocr_line' id='line_1_32' title="bbox 427 4029 1570 4115; baseline 0.001 -22"><span class='ocrx_word' id='word_1_248' title='bbox 427 4031 460 4094; x_wconf 69' lang='lat'>9⁰</span> <span class='ocrx_word' id='word_1_249' title='bbox 475 4031 508 4093; x_wconf 88' lang='lat' dir='ltr'>Si</span> <span class='ocrx_word' id='word_1_250' title='bbox 522 4030 730 4115; x_wconf 81' lang='lat' dir='ltr'>dispensatio</span> <span class='ocrx_word' id='word_1_251' title='bbox 747 4031 837 4100; x_wconf 80' lang='lat' dir='ltr'>fecte</span> <span class='ocrx_word' id='word_1_252' title='bbox 860 4031 905 4096; x_wconf 88' lang='lat' dir='ltr'>sit</span> <span class='ocrx_word' id='word_1_253' title='bbox 921 4050 966 4096; x_wconf 85' lang='lat' dir='ltr'>ex</span> <span class='ocrx_word' id='word_1_254' title='bbox 985 4029 1052 4096; x_wconf 88' lang='lat' dir='ltr'>alia</span> <span class='ocrx_word' id='word_1_255' title='bbox 1070 4049 1183 4106; x_wconf 82' lang='lat' dir='ltr'>censa,</span> <span class='ocrx_word' id='word_1_256' title='bbox 1205 4029 1333 4096; x_wconf 86' lang='lat' dir='ltr'>scilicet</span> <span class='ocrx_word' id='word_1_257' title='bbox 1351 4049 1396 4097; x_wconf 84' lang='lat' dir='ltr'>ex</span> <span class='ocrx_word' id='word_1_258' title='bbox 1414 4049 1456 4096; x_wconf 89' lang='lat' dir='ltr'>eo</span> <span class='ocrx_word' id='word_1_259' title='bbox 1477 4029 1570 4115; x_wconf 87' lang='lat' dir='ltr'>qnod</span> 
     </span>
     <span class='ocr_line' id='line_1_33' title="bbox 387 4137 1570 4221; baseline 0.003 -21"><span class='ocrx_word' id='word_1_260' title='bbox 387 4137 452 4201; x_wconf 91' lang='lat' dir='ltr'>cibi</span> <span class='ocrx_word' id='word_1_261' title='bbox 466 4137 638 4221; x_wconf 80' lang='lat' dir='ltr'>jejunales</span> <span class='ocrx_word' id='word_1_262' title='bbox 653 4143 735 4204; x_wconf 86' lang='lat' dir='ltr'>sunt</span> <span class='ocrx_word' id='word_1_263' title='bbox 749 4139 781 4204; x_wconf 89' lang='lat' dir='ltr'>ei</span> <span class='ocrx_word' id='word_1_264' title='bbox 800 4139 914 4204; x_wconf 89' lang='lat' dir='ltr'>nocivi</span> <span class='ocrx_word' id='word_1_265' title='bbox 930 4157 991 4205; x_wconf 91' lang='lat' dir='ltr'>seu</span> <span class='ocrx_word' id='word_1_266' title='bbox 1010 4137 1203 4215; x_wconf 86' lang='lat' dir='ltr'>nnnseales,</span> <span class='ocrx_word' id='word_1_267' title='bbox 1229 4143 1311 4204; x_wconf 91' lang='lat' dir='ltr'>tunc</span> <span class='ocrx_word' id='word_1_268' title='bbox 1334 4137 1383 4204; x_wconf 91' lang='lat' dir='ltr'>sic</span> <span class='ocrx_word' id='word_1_269' title='bbox 1397 4137 1570 4220; x_wconf 85' lang='lat' dir='ltr'>dispensa-</span> 
     </span>
     <span class='ocr_line' id='line_1_34' title="bbox 389 4245 1570 4332; baseline 0.002 -23"><span class='ocrx_word' id='word_1_270' title='bbox 389 4251 445 4310; x_wconf 90' lang='lat' dir='ltr'>tns</span> <span class='ocrx_word' id='word_1_271' title='bbox 468 4263 538 4311; x_wconf 93' lang='lat' dir='ltr'>non</span> <span class='ocrx_word' id='word_1_272' title='bbox 564 4247 731 4332; x_wconf 84' lang='lat' dir='ltr'>excipitur</span> <span class='ocrx_word' id='word_1_273' title='bbox 752 4266 774 4312; x_wconf 91' lang='lat' dir='ltr'>a</span> <span class='ocrx_word' id='word_1_274' title='bbox 793 4247 871 4330; x_wconf 83' lang='lat' dir='ltr'>lege</span> <span class='ocrx_word' id='word_1_275' title='bbox 889 4248 1024 4332; x_wconf 86' lang='lat' dir='ltr'>jejunii,</span> <span class='ocrx_word' id='word_1_276' title='bbox 1051 4247 1112 4313; x_wconf 87' lang='lat' dir='ltr'>sed</span> <span class='ocrx_word' id='word_1_277' title='bbox 1135 4251 1273 4312; x_wconf 89' lang='lat' dir='ltr'>tenetur</span> <span class='ocrx_word' id='word_1_278' title='bbox 1298 4247 1433 4312; x_wconf 87' lang='lat' dir='ltr'>unicem</span> <span class='ocrx_word' id='word_1_279' title='bbox 1455 4245 1490 4310; x_wconf 94' lang='lat' dir='ltr'>in</span> <span class='ocrx_word' id='word_1_280' title='bbox 1513 4246 1570 4311; x_wconf 91' lang='lat' dir='ltr'>die</span> 
     </span>
     <span class='ocr_line' id='line_1_35' title="bbox 389 4351 1569 4440; baseline -0.001 -21"><span class='ocrx_word' id='word_1_281' title='bbox 389 4373 525 4420; x_wconf 88' lang='lat' dir='ltr'>sumere</span> <span class='ocrx_word' id='word_1_282' title='bbox 548 4356 782 4422; x_wconf 86' lang='lat' dir='ltr'>reiectionem.</span> <span class='ocrx_word' id='word_1_283' title='bbox 808 4356 941 4440; x_wconf 84' lang='lat' dir='ltr'>Duplex</span> <span class='ocrx_word' id='word_1_284' title='bbox 961 4355 1044 4423; x_wconf 91' lang='lat' dir='ltr'>olim</span> <span class='ocrx_word' id='word_1_285' title='bbox 1062 4361 1136 4422; x_wconf 89' lang='lat' dir='ltr'>erat</span> <span class='ocrx_word' id='word_1_286' title='bbox 1155 4356 1328 4420; x_wconf 89' lang='lat' dir='ltr'>sententia</span> <span class='ocrx_word' id='word_1_287' title='bbox 1344 4355 1435 4440; x_wconf 93' lang='lat' dir='ltr'>apnd</span> <span class='ocrx_word' id='word_1_288' title='bbox 1461 4351 1569 4430; x_wconf 85' lang='lat' dir='ltr'>GC...;</span> 
     </span>
     <span class='ocr_line' id='line_1_36' title="bbox 389 4462 1573 4549; baseline -0.001 -21"><span class='ocrx_word' id='word_1_289' title='bbox 389 4468 506 4528; x_wconf 89' lang='lat' dir='ltr'>tamen</span> <span class='ocrx_word' id='word_1_290' title='bbox 523 4462 633 4530; x_wconf 80' lang='lat' dir='ltr'>mrdto</span> <span class='ocrx_word' id='word_1_291' title='bbox 651 4463 767 4549; x_wconf 90' lang='lat' dir='ltr'>plures</span> <span class='ocrx_word' id='word_1_292' title='bbox 788 4465 973 4548; x_wconf 76' lang='lat' dir='ltr'>negabant,</span> <span class='ocrx_word' id='word_1_293' title='bbox 995 4470 1071 4530; x_wconf 89' lang='lat' dir='ltr'>tum</span> <span class='ocrx_word' id='word_1_294' title='bbox 1085 4463 1164 4548; x_wconf 77' lang='lat' dir='ltr'>quia</span> <span class='ocrx_word' id='word_1_295' title='bbox 1185 4463 1406 4548; x_wconf 86' lang='lat' dir='ltr'>dispensatio,</span> <span class='ocrx_word' id='word_1_296' title='bbox 1426 4481 1506 4528; x_wconf 91' lang='lat' dir='ltr'>cnm</span> <span class='ocrx_word' id='word_1_297' title='bbox 1525 4463 1573 4527; x_wconf 91' lang='lat' dir='ltr'>sit</span> 
     </span>
     <span class='ocr_line' id='line_1_37' title="bbox 390 4573 1573 4660; baseline 0.001 -21"><span class='ocrx_word' id='word_1_298' title='bbox 390 4573 515 4639; x_wconf 89' lang='lat' dir='ltr'>vulnus</span> <span class='ocrx_word' id='word_1_299' title='bbox 530 4573 598 4656; x_wconf 76' lang='lat' dir='ltr'>legi</span> <span class='ocrx_word' id='word_1_300' title='bbox 613 4579 648 4639; x_wconf 92' lang='lat' dir='ltr'>et</span> <span class='ocrx_word' id='word_1_301' title='bbox 661 4575 857 4642; x_wconf 76' lang='lat' dir='ltr'>exorbitans</span> <span class='ocrx_word' id='word_1_302' title='bbox 872 4593 894 4640; x_wconf 88' lang='lat' dir='ltr'>a</span> <span class='ocrx_word' id='word_1_303' title='bbox 907 4577 986 4659; x_wconf 88' lang='lat' dir='ltr'>jure</span> <span class='ocrx_word' id='word_1_304' title='bbox 999 4575 1187 4652; x_wconf 91' lang='lat' dir='ltr'>communi,</span> <span class='ocrx_word' id='word_1_305' title='bbox 1209 4576 1325 4641; x_wconf 83' lang='lat' dir='ltr'>stricte</span> <span class='ocrx_word' id='word_1_306' title='bbox 1339 4581 1393 4640; x_wconf 90' lang='lat' dir='ltr'>est</span> <span class='ocrx_word' id='word_1_307' title='bbox 1406 4575 1573 4660; x_wconf 88' lang='lat' dir='ltr'>interpre-</span> 
     </span>
     <span class='ocr_line' id='line_1_38' title="bbox 391 4681 1574 4768; baseline 0.001 -21"><span class='ocrx_word' id='word_1_308' title='bbox 391 4681 595 4758; x_wconf 72' lang='lat' dir='ltr'>laudatum</span> <span class='ocrx_word' id='word_1_309' title='bbox 610 4683 690 4768; x_wconf 85' lang='lat' dir='ltr'>qnia</span> <span class='ocrx_word' id='word_1_310' title='bbox 707 4689 917 4767; x_wconf 70' lang='lat' dir='ltr'>preceptum</span> <span class='ocrx_word' id='word_1_311' title='bbox 935 4684 1136 4768; x_wconf 79' lang='lat' dir='ltr'>negativum</span> <span class='ocrx_word' id='word_1_312' title='bbox 1156 4685 1350 4752; x_wconf 89' lang='lat' dir='ltr'>abstinendi</span> <span class='ocrx_word' id='word_1_313' title='bbox 1371 4702 1391 4750; x_wconf 90' lang='lat' dir='ltr'>a</span> <span class='ocrx_word' id='word_1_314' title='bbox 1411 4683 1574 4750; x_wconf 84' lang='lat' dir='ltr'>cemibns</span> 
     </span>
    </p>
   </div>
   <div class='ocr_carea' id='block_1_5' title="bbox 0 0 1770 5568">
    <p class='ocr_par' dir='ltr' id='par_1_8' title="bbox 0 0 1770 5568">
     <span class='ocr_line' id='line_1_39' title="bbox 0 0 1770 5568; baseline 0 0"><span class='ocrx_word' id='word_1_315' title='bbox 0 0 1770 5568; x_wconf 95' lang='lat' dir='ltr'> </span> 
     </span>
    </p>
   </div>
  </div>
 </body>
</html>
