3510 5574
573 665 658 710 risun
679 663 806 709 suarius
827 643 1048 710 ercanran'ou.
1343 647 1403 710 eci

256 787 290 850 Ψ
310 785 376 850 Res
395 783 539 852 mobiles
555 802 625 849 non
647 784 806 867 pretiosae
829 788 863 848 et
889 801 964 868 quae
995 784 1164 850 servando
1188 783 1316 850 servari
1344 803 1404 848 ne-

218 897 359 979 queunt,
375 895 414 958 ut
426 894 564 970 vinum;
582 894 658 959 talis
674 895 766 960 euim
780 894 939 960 alienatio
956 897 1009 960 est
1022 895 1114 959 utilis
1126 893 1298 968 Ecclesiam

257 1005 289 1068 3·
304 1004 370 1068 Res
383 1003 533 1081 inutiles,
549 1009 585 1070 et
598 1003 707 1070 multo
722 1005 834 1086 magis
850 1005 879 1068 si
894 1005 1068 1070 damnosae
1084 1005 1166 1078 siut;

256 1115 289 1177 l·
302 1115 396 1178 Bona
410 1115 452 1178 ab
463 1113 604 1196 antiquo
616 1113 652 1177 iu
664 1113 919 1196 emphyteusim
928 1112 1000 1178 dari
1014 1111 1129 1190 solita;
1140 1131 1216 1196 quae
1225 1113 1252 1176 si
1261 1111 1404 1177 redeant

218 1221 258 1286 ad
273 1221 467 1298 Ecclesiam,
483 1221 609 1284 iterum
622 1220 688 1286 hoc
702 1219 806 1285 modo
820 1220 962 1301 obligari
977 1225 1138 1303 possunt;

256 1331 289 1393 5⁰
305 1329 462 1406 Pecunia,
480 1347 556 1413 quae
570 1327 774 1411 regulariter
787 1326 1010 1409 iunfflbilibus
1026 1331 1235 1393 accensetur.

257 1440 290 1502 6⁰
305 1439 371 1504 Res
393 1437 588 1505 immobiles
610 1439 725 1521 exigui
740 1440 909 1504 momenti
931 1441 966 1503 et
986 1455 1101 1520 parvae
1123 1437 1278 1504 utilitatis
1300 1439 1404 1505 etiam

218 1548 359 1613 alienari
370 1551 526 1632 possunt,
542 1547 733 1613 secundum
744 1549 802 1630 jus
816 1548 1009 1632 antiquum,
1024 1547 1079 1612 cui
1099 1566 1170 1611 non
1192 1551 1246 1612 est
1264 1547 1404 1630 deroga-

220 1661 292 1720 tum
306 1675 368 1739 per
385 1674 480 1721 conc.
495 1653 657 1732 Trident,
668 1661 708 1719 ut
722 1653 907 1720 declaravit
920 1654 953 1718 S.
970 1653 1092 1738 Gongr.
1109 1653 1216 1739 Episc.
1234 1658 1269 1720 et
1282 1655 1402 1738 Regul.

219 1759 245 1840 (l
263 1759 344 1824 maii
360 1757 449 1835 lato,
474 1760 561 1840 eto).
583 1758 680 1824 Retio
703 1763 765 1832 est,
785 1757 865 1842 quia
878 1755 1028 1840 praelatis
1042 1757 1252 1840 permittitur
1265 1757 1404 1824 donatio

219 1869 266 1933 rei
286 1868 439 1944 modicae,
469 1865 550 1932 licet
570 1867 653 1932 alies
680 1866 820 1932 donatio
841 1865 1048 1948 generaliter
1073 1865 1117 1929 sit
1143 1867 1192 1950 eis
1212 1867 1401 1932 interdicta.

218 1977 305 2059 Ergo
331 1995 352 2041 a
376 1975 508 2042 iorticri
535 1975 695 2041 alienatio
718 1975 769 2040 rei
793 1975 936 2039 modicae
964 1979 1000 2038 et
1017 1993 1132 2058 parvae
1156 1975 1310 2042 utilitatis
1334 1995 1404 2041 non

220 2091 272 2150 est
291 2086 339 2149 eis
360 2084 549 2150 interdicta.
574 2084 640 2149 Sed
658 2085 732 2149 haec
753 2086 833 2168 jura
852 2083 980 2168 optime
1002 2085 1271 2167 interpretantur
1289 2084 1404 2167 praxis

219 2199 254 2258 et
277 2193 504 2259 consuetudo.
525 2192 603 2258 llaec
624 2191 768 2258 securitas
796 2191 969 2257 alienandi
995 2209 1051 2256 res
1070 2191 1263 2258 immobiles
1290 2211 1404 2278 parvae

219 2301 373 2367 utilitatis
389 2302 553 2387 competit
567 2301 671 2392 etiam
685 2300 865 2366 abbatibus
880 2317 961 2366 vere
977 2299 1115 2376 nullius,
1140 2318 1211 2364 non
1228 2318 1311 2365 vero
1330 2299 1404 2365 aliis

220 2409 453 2492 superioribus
464 2408 691 2492 regularibus,
708 2409 812 2474 etiam
826 2403 1027 2491 majoribus,
1042 2407 1165 2473 saltem
1181 2407 1254 2472 sine
1269 2405 1406 2474 licentia

220 2523 254 2585 et
270 2518 406 2584 decreto
422 2518 594 2584 ordinarii.

488 2711 532 2762 ΙΙΙ.
550 2712 688 2772 Quanam
704 2721 749 2762 res
763 2708 882 2763 alienari
898 2708 956 2761 sint
970 2707 1138 2774 prohibite?

258 2845 379 2927 Agitur
398 2845 439 2912 de
461 2844 691 2930 prohibitione
713 2863 790 2930 quae
811 2844 998 2927 respiceret
1019 2843 1261 2910 alienationem
1281 2845 1405 2910 iactam

219 2957 294 3020 sine
309 2953 697 3044 solemnitatibusajure
713 2953 897 3038 requisitis.

261 3064 292 3128 l⁰
307 3065 372 3128 iles
386 3081 509 3128 omnes
519 3061 713 3129 immobiles
728 3061 845 3144 magni
862 3063 1030 3127 momenti
1038 3068 1073 3127 et
1086 3062 1232 3128 mobiles
1244 3063 1403 3148 pretiosa*

220 3191 295 3258 quae
310 3171 543 3241 immobilibus
557 3173 812 3256 aequiparantur
828 3193 836 3234 ε
852 3172 899 3238 ita
910 3175 969 3256 jus
987 3172 1168 3256 antiquum
1183 3177 1219 3236 et
1231 3191 1326 3237 conc.
1339 3171 1405 3237 Tri-

221 3282 327 3357 dent.‚
338 3299 365 3345 s.
377 3281 427 3357 29,
438 3299 467 3346 c.
479 3281 528 3358 ll,
544 3281 586 3346 de
599 3281 675 3363 lies.
690 3279 768 3345 Haec
781 3280 964 3364 prohibitio
977 3281 1042 3346 luit
1054 3281 1158 3345 etiam
1170 3285 1406 3363 renovataper

218 3383 334 3468 plures
350 3383 613 3449 constitutiones
632 3383 834 3467 Apostolicae
848 3382 955 3448 Sedis.
974 3383 1071 3448 Ratio
1087 3383 1192 3466 hujus
1209 3381 1404 3465 prohibitio-

219 3493 273 3558 nis
286 3496 340 3558 est
352 3492 538 3557 necessitas
555 3496 590 3556 et
606 3491 735 3556 utilitas
757 3491 989 3568 ecclesiarum,
1007 3511 1050 3556 ne
1065 3490 1270 3574 patrimonio
1285 3509 1404 3555 earum

219 3605 434 3684 consumpto,
458 3599 604 3664 ministri
627 3604 761 3682 egeant,
785 3598 897 3664 cultus
920 3597 1056 3664 divinus
1078 3599 1254 3663 minuatur
1270 3602 1305 3663 et
1321 3598 1403 3682 ipsae

220 3709 359 3774 tandem
373 3707 524 3774 ecclesiae
538 3712 689 3792 pereant.

259 3817 291 3880 2·
306 3815 344 3880 ln
359 3815 471 3900 specie
485 3815 627 3880 alienari
641 3815 866 3899 prohibentur
883 3835 890 3879 :
907 3816 938 3878 l·
956 3814 1091 3898 oppida,
1107 3813 1208 3892 villae,
1225 3815 1352 3898 praedie
1371 3821 1405 3880 et

221 3925 343 3990 similia
357 3926 462 4000 bona3
483 3925 516 3987 Ψ
531 3941 616 3988 vasa
630 3941 745 3998 aurea,
762 3927 936 4004 argentea,
960 3924 1176 3988 ususfructus
1201 3923 1296 4006 longi
1324 3928 1405 3990 tem·

219 4033 322 4117 poris,
346 4049 471 4097 census
490 4030 606 4106 annui,
625 4029 777 4114 reliquiae
800 4029 955 4113 insignes
977 4035 1185 4108 sauctorum,
1203 4037 1240 4095 ut
1256 4035 1337 4096 suat
1356 4035 1405 4096 to—

219 4147 294 4206 tum
307 4159 444 4226 corpus,
462 4145 574 4225 caput,
597 4139 786 4216 brachium,
810 4145 897 4217 etc.;
918 4139 1147 4215 bibliothecen
1175 4159 1265 4206 unus
1290 4146 1404 4206 tamen

220 4251 276 4314 vel
290 4250 377 4316 alim
390 4249 487 4326 liber,
503 4250 570 4314 nisi
584 4253 677 4314 esset
694 4249 886 4334 specialiter
899 4268 995 4314 rarus
1010 4253 1045 4313 et
1057 4249 1160 4326 utilis,
1175 4249 1316 4316 alienari
1328 4269 1406 4336 pos·

221 4365 287 4436 set;
303 4361 336 4424 3·
349 4359 496 4442 pecunia
511 4358 591 4425 data
605 4359 669 4424 sub
683 4357 879 4425 conditione
894 4379 938 4424 ne
960 4358 1138 4434 alienetur,
1164 4359 1220 4423 vel
1236 4359 1273 4423 in
1288 4359 1404 4425 doum

221 4467 371 4533 accione
385 4470 421 4532 et
435 4470 722 4535 sustentationem
734 4467 971 4534 ministrorum
984 4467 1073 4544 data,
1087 4472 1125 4532 ut
1135 4487 1178 4532 ox
1193 4487 1299 4534 ceusu
1314 4469 1405 4534 illius

220 4573 354 4652 vivant3
364 4575 440 4641 telis
452 4579 598 4659 pecunia
613 4579 842 4664 acciperetur
854 4575 961 4642 fundo
974 4576 1017 4642 ad
1032 4578 1318 4646 sustentationem
1333 4595 1406 4662 per-

220 4686 360 4765 petuam
374 4684 545 4752 destinato
563 4707 570 4749 :
587 4706 700 4770 porro,
713 4707 757 4754 ex
770 4705 843 4772 cap.
857 4688 925 4753 bet
935 4691 1065 4752 extrav.
1081 4685 1286 4762 Ambitiosa,
1300 4705 1404 4769 gene-

219 4789 337 4856 raliter
353 4793 554 4876 prohibetur
565 4795 725 4864 alienatio
738 4797 909 4864 bonorum
922 4795 1074 4864 ecclesie
1087 4813 1131 4863 cx
1140 4795 1264 4882 gruibus
1279 4795 1406 4880 pendet
