3504 5566
536 594 625 640 marm
648 591 800 642 sscuunus
821 591 1043 639 accamanus.
1340 577 1379 640 93

199 709 281 774 dum
290 711 334 776 ab
346 711 577 776 exsecutione.
592 711 719 776 Dicitur
728 711 940 794 reputariter,
954 709 1033 793 quia
1043 710 1117 774 haec
1126 709 1246 790 regula
1255 710 1380 776 multas

200 819 326 901 patitur
340 819 559 902 exceptiones
572 839 580 896 ;
595 837 744 904 namque
760 824 840 883 sunt
854 819 938 883 varii
952 836 1051 883 casus
1072 818 1108 882 in
1128 819 1260 901 quibus,
1278 820 1382 903 aequi-

201 931 267 992 tate
291 927 468 1002 suadente,
485 927 595 1010 judex
615 928 799 993 decernere
822 931 935 1010 potest
955 925 1279 1010 sequestrationem;
1295 946 1328 990 v.
1344 943 1377 1008 g.

199 1033 226 1097 si
250 1034 442 1118 periculum
466 1041 623 1101 essetne
647 1055 703 1100 res
726 1041 785 1100 aut
808 1036 938 1101 fructus
959 1035 1195 1118 dilapidentur.
1213 1033 1261 1098 llli
1281 1052 1380 1100 casus

198 1147 445 1208 enumerantur
460 1144 496 1208 in
514 1145 625 1230 specie
641 1163 662 1210 a
676 1143 734 1208 GC.

541 1335 572 1385 ll.
590 1335 657 1394 Qua
672 1345 717 1386 res
730 1332 903 1398 sequestrari
917 1333 1046 1397 possint?

237 1468 271 1548 a)
286 1465 501 1548 Regulariter
511 1484 568 1532 res
582 1465 870 1548 omneslitigiosae
886 1471 920 1531 et
932 1467 996 1532 sub
1007 1467 1197 1532 custodiam
1207 1468 1379 1545 cadentes,

197 1574 343 1640 mobiles
357 1581 391 1640 et
403 1574 608 1652 immobiles,
625 1574 819 1659 corporales
834 1580 868 1640 et
881 1575 1123 1660 incorporales,
1141 1575 1332 1661 spirituales
1347 1581 1381 1639 et

196 1678 364 1760 prolanae;
383 1683 517 1742 constat
532 1697 574 1742 ex
589 1677 739 1743 textibus
756 1679 933 1761 utriusque
945 1677 1044 1760 juris.
1061 1677 1261 1743 Extenditur
1278 1679 1381 1744 etiam

197 1785 241 1850 ad
255 1803 441 1868 personam
452 1785 606 1862 liberam,
624 1805 655 1850 v.
673 1805 706 1866 g.
721 1803 865 1850 uxorem
880 1785 1060 1868 profugam
1074 1788 1117 1850 ob
1131 1787 1297 1852 sevitiam
1310 1805 1381 1852 ma-

198 1893 264 1956 riti.
282 1891 349 1958 Sed
364 1893 510 1957 cadaver
529 1911 600 1958 non
622 1898 675 1958 est
696 1893 982 1977 sequestrandum
1005 1893 1113 1958 donec
1134 1895 1244 1958 haeres
1269 1894 1382 1959 debita

199 2000 349 2064 defuncti
368 2000 488 2078 solvet,
515 2007 553 2065 ut
573 2003 640 2066 fert
653 2003 846 2066 communis
870 2003 1051 2080 sententia,
1072 2003 1151 2086 quia
1169 2003 1379 2086 sepulturam

198 2109 362 2190 denegari
383 2109 605 2174 cadaveribus
625 2110 781 2194 prohibet
798 2112 857 2192 Jus
881 2109 1046 2175 naturalis
1066 2109 1247 2187 decentiae,
1271 2117 1306 2174 et
1323 2113 1381 2193 jus

200 2215 355 2282 divinum
370 2215 492 2298 (Eruli,
508 2235 562 2292 mr,
576 2217 628 2299 37)
645 2237 652 2279 :
670 2217 831 2282 «Mortuo
846 2234 916 2281 non
928 2217 1108 2300 prohibeas
1122 2218 1278 2299 gratiam.
1295 2243 1311 2275 »

239 2325 270 2408 b)
280 2325 488 2390 Beneficium
500 2326 767 2392 ecclesiasticum
780 2327 984 2410 sequestrari
992 2331 1115 2408 potest,
1125 2333 1260 2392 servata
1271 2328 1382 2392 forma

198 2432 303 2498 Glem.
324 2434 397 2516 huj.
418 2435 481 2510 tit,
498 2453 574 2518 quae
597 2435 703 2516 exigit
720 2455 727 2496 :
744 2436 776 2498 1ο
797 2441 834 2498 ut
858 2435 952 2516 prins
975 2434 1044 2499 lata
1065 2436 1108 2498 sit
1132 2435 1301 2500 sententia
1318 2453 1380 2518 pro

198 2545 344 2625 petitore
367 2563 471 2626 super
484 2543 558 2627 ipso
574 2545 750 2620 beneflcio,
774 2549 894 2608 eontra
906 2561 1141 2626 possessorem
1156 2545 1213 2628 qni
1234 2543 1381 2608 necdum

199 2652 347 2717 triennio
361 2653 499 2736 pacissce
521 2651 604 2716 illud
623 2652 790 2736 possidet;
807 2654 840 2716 2·
854 2659 892 2718 ut
911 2653 984 2718 haec
1003 2653 1173 2719 sententia
1192 2653 1261 2718 leta
1282 2653 1325 2716 sit
1345 2655 1382 2736 in

199 2762 294 2826 cuna
309 2760 472 2838 Romana,
489 2763 547 2826 nbi
561 2763 684 2845 majori
697 2761 893 2826 maturitate
908 2779 1018 2826 causae
1037 2761 1283 2838 terminantur;
1297 2761 1329 2824 3⁰
1344 2767 1382 2825 ut

200 2871 375 2934 exsecutio
399 2871 680 2953 sequestrationis
694 2871 754 2935 ilat
772 2889 834 2952 per
853 2869 1063 2934 ordinarium
1081 2869 1157 2946 loci,
1174 2887 1244 2934 non
1265 2875 1381 2934 autem

198 2977 423 3062 perjudicem
434 2977 502 3040 litis
515 2997 522 3040 :
534 2977 590 3042 ille
607 2978 698 3042 enim
711 2977 834 3042 melius
849 2978 945 3041 novit
958 2995 1142 3060 personam
1156 2977 1316 3041 idoneam
1327 2977 1381 3041 cui

198 3085 449 3150 administratio
463 3085 619 3150 benelicii
639 3089 715 3150 tuto
734 3085 901 3150 committi
916 3085 1034 3167 possit,
1052 3085 1131 3167 quia
1145 3084 1278 3148 vicinus
1294 3102 1382 3148 sem-

198 3212 262 3278 per
276 3193 403 3268 existit,
420 3197 455 3258 et
469 3193 548 3277 quia
561 3193 753 3276 specialiter
768 3194 799 3257 ei
812 3193 997 3258 commissa
1017 3197 1070 3258 est
1089 3211 1170 3258 cura
1189 3194 1381 3257 animarum

199 3319 273 3368 suae
288 3302 456 3367 dioecesis.

239 3410 350 3476 Gausa
362 3409 453 3474 illins
464 3408 745 3494 sequestrationis
758 3407 894 3474 additur
906 3411 940 3473 in
950 3409 1053 3473 citata
1061 3407 1237 3486 Clement,
1255 3409 1383 3475 scilicet

200 3525 240 3585 ut
251 3525 490 3604 compescatur
503 3517 633 3584 malitia
645 3518 853 3600 litigantium
871 3518 1036 3584 beneficia
1048 3517 1307 3601 possidentium,
1323 3519 1381 3602 qni

199 3633 342 3712 possent
353 3627 522 3693 malitiose
536 3627 614 3692 lites
626 3626 842 3694 beneficiales
856 3625 1072 3714 prolongare,
1084 3631 1122 3691 ut
1131 3625 1268 3691 interim
1276 3626 1381 3709 perei-

199 3739 297 3821 piant
310 3739 441 3802 fructus
455 3735 621 3801 beneficii.

241 3849 268 3926 c)
281 3843 422 3910 Tollitur
435 3848 651 3927 sequestrum
666 3845 698 3906 1ο
711 3861 772 3928 per
787 3843 994 3908 sententiam
1013 3842 1241 3918 definitivam3
1257 3841 1289 3904 2⁰
1303 3859 1381 3906 cau-

200 3956 295 4020 tione
310 3954 435 4018 idonea
449 3953 490 4018 de
504 3953 607 4017 rebus
618 3953 795 4020 servandis
809 3953 976 4036 praestita3
992 3953 1024 4014 3·
1037 3956 1164 4016 eventu
1176 3949 1380 4015 conditionis

201 4063 265 4126 sub
278 4081 346 4146 qua
356 4061 679 4144 sequestratiolacta
689 4066 756 4138 est;
773 4061 807 4126 4ο
818 4066 928 4126 morte
938 4059 1135 4144 sequestris,
1149 4059 1228 4143 quia
1236 4075 1382 4140 persona

199 4169 352 4253 ipsaluit
372 4169 481 4236 electa
501 4169 627 4236 adhoc
650 4169 822 4246 oisscium;
838 4169 929 4234 unde
952 4167 996 4234 ad
1018 4167 1172 4234 baeredes
1196 4163 1288 4231 istud
1310 4182 1380 4228 non

201 4277 335 4344 transit.

639 4431 653 4504 s
672 4432 705 4488 11.
726 4431 766 4490 De
784 4437 946 4518 sequestre.

244 4605 337 4674 Circa
350 4611 564 4690 sequestrem
584 4623 645 4670 seu
662 4603 759 4669 illum
776 4603 866 4686 apud
884 4619 987 4690 quem
1009 4617 1065 4664 res
1079 4599 1227 4680 litigiosa
1241 4597 1382 4684 deponi·

206 4721 271 4788 tur,
294 4715 392 4798 plura
412 4718 492 4778 sunt
514 4713 687 4778 notanda:
711 4713 741 4775 1ο
764 4711 947 4794 Sequester
972 4713 1086 4790 potest
1110 4725 1185 4772 esse
1212 4727 1301 4772 nnus
1325 4707 1380 4771 vel
