3504 5566
365 559 425 624 ill
819 575 870 624 urs
891 573 1069 621 osuomomr.

364 695 437 758 ueri
450 693 567 776 possit,
581 691 840 774 interrumpitur
851 692 1069 774 prescriptio,
1083 691 1161 774 quia
1173 689 1239 754 tole
1253 689 1393 754 dubium
1408 695 1539 772 pugnat
1568 671 1573 677 ’

364 819 443 864 cum
456 799 637 865 bonafide.

405 910 432 990 c)
444 907 539 972 Bono
554 907 610 970 cel
622 907 716 970 molo
730 907 815 987 fides
830 907 976 971 auctoris
988 906 1105 990 quood
1115 925 1326 971 successores.

405 1015 540 1080 cosona
549 1014 634 1078 fides
644 1015 792 1078 auctoris
802 1015 942 1097 prodest
952 1015 1231 1092 successorium
1242 1013 1425 1078 universali
1436 1006 1539 1096 quam

366 1121 557 1208 particulari
571 1141 632 1186 seu
647 1121 821 1202 singulari,
837 1123 917 1205 quia
935 1141 1111 1188 successor
1129 1123 1278 1188 succedit
1298 1123 1334 1185 in
1353 1123 1446 1186 omni
1461 1124 1539 1204 jure

366 1233 416 1295 rei
436 1249 602 1307 connexo,
627 1234 661 1292 et
685 1229 762 1294 ideo
787 1231 890 1294 etiam
919 1231 1030 1314 quoad
1056 1231 1355 1315 praescribendum.
1382 1230 1540 1313 Sequitur

367 1339 459 1422 quod
485 1343 639 1420 tempora
666 1339 891 1404 antecessoris
918 1339 1080 1403 accedant
1105 1340 1315 1422 temporibus
1337 1337 1540 1402 successoris

368 1447 459 1530 (Vide
475 1445 690 1526 Schmalzgr„
708 1465 740 1509 n.
759 1449 819 1527 70).

406 1555 439 1618 2⁰
453 1553 538 1617 Mala
552 1552 637 1616 lldes
652 1554 800 1617 auctoris
822 1572 892 1618 non
914 1560 1015 1618 nocet
1039 1557 1226 1620 successori
1247 1555 1421 1636 singulari,
1438 1552 1540 1618 modo

367 1663 431 1726 iste
447 1661 616 1726 bonafide
631 1661 768 1726 inchoet
781 1661 1054 1744 possessionem,
1071 1681 1152 1726 nam
1171 1681 1347 1728 successor
1361 1660 1557 1742 singularis·

371 1789 439 1834 non
453 1771 500 1834 ita
514 1773 737 1852 repraesentet
756 1786 939 1850 personam
955 1771 1115 1846 auctoris,
1131 1775 1169 1834 ut
1187 1771 1216 1834 ei
1239 1770 1397 1834 succedet
1410 1771 1446 1832 in
1460 1768 1543 1832 vitia

369 1878 591 1962 particularia.
606 1877 786 1960 Excipitur,
806 1877 832 1940 si
848 1896 902 1942 res
916 1879 959 1942 sit
971 1879 1093 1942 affecta
1107 1879 1189 1943 vitio
1202 1878 1295 1956 reali,
1312 1899 1344 1942 v.
1358 1899 1391 1959 g.
1408 1878 1498 1942 furti.

407 1983 439 2044 3⁰
453 1980 661 2045 Probabilius
676 1999 857 2046 successor
878 1981 1080 2046 universalis
1096 1987 1130 2046 et
1143 1981 1371 2059 immediatus,
1387 1981 1542 2064 quamvis

247 2073 250 2081 ¹
370 2092 413 2154 sit
425 2092 522 2154 lionae
537 2089 628 2165 fidei,
645 2107 718 2154 rem
733 2091 775 2156 ab
790 2096 927 2154 auctore
943 2089 1033 2154 mala
1054 2091 1121 2154 fide
1134 2109 1328 2174 possessam
1344 2109 1413 2156 non
1431 2094 1543 2172 potest

371 2199 411 2262 de
433 2202 510 2282 jure
533 2200 706 2263 communi
729 2199 946 2282 prescribere
972 2199 1224 2282 praescriptione
1249 2197 1429 2262 ordinaria.
1446 2196 1542 2260 Ratio

350 2374 352 2382 ,
371 2314 432 2384 est,
450 2309 529 2390 quia
542 2307 596 2371 hio
615 2325 791 2372 successor
814 2307 1016 2372 universalis
1034 2309 1171 2372 ssctione
1193 2308 1280 2390 juris
1295 2312 1455 2372 censetur
1475 2323 1545 2370 una

371 2416 557 2500 eademque
572 2435 719 2500 persona
732 2436 811 2482 oum
823 2413 1038 2482 antecessore
1052 2415 1280 2498 (Schmalzgr.,
1295 2436 1328 2479 n.
1345 2416 1392 2490 li,
1411 2417 1471 2496 73).

410 2525 442 2586 4ο
455 2523 637 2588 Meletides
652 2531 907 2591 antecessorum
931 2526 1087 2602 civitatis,
1110 2525 1374 2600 communitatis,
1390 2507 1454 2588 etc.
1470 2541 1544 2606 pro-

372 2633 513 2698 lrebilius
528 2639 628 2698 nocet
642 2636 906 2712 successoribus,
922 2641 960 2698 ut
973 2635 1008 2698 hi
1027 2653 1081 2698 res
1102 2639 1136 2698 et
1154 2637 1234 2717 jura
1254 2653 1274 2698 a
1297 2653 1333 2698 se
1356 2651 1434 2696 cum
1455 2633 1545 2696 bona

371 2741 437 2805 ilde
467 2760 626 2824 possessa
649 2745 866 2826 praescribere
896 2749 1082 2828 nequeant,
1107 2749 1141 2808 et
1162 2743 1253 2807 valet
1276 2743 1362 2806 ratio
1390 2741 1544 2824 superius

371 2849 517 2914 adducto
532 2851 644 2934 quoad
659 2851 872 2915 identitatem
886 2869 1041 2935 persone
1056 2853 1302 2916 :communitas
1316 2851 1407 2915 enim
1423 2849 1544 2912 eadem

373 2976 518 3040 persona
531 2956 669 3022 morelis
685 2977 821 3042 semper
833 2965 997 3024 remanet.

413 3064 648 3148 ol)Notandum
659 3074 711 3130 est
721 3067 812 3151 quod
821 3087 999 3151 possessor
1011 3088 1081 3134 non
1096 3073 1252 3134 teneatur
1264 3069 1407 3153 probare
1421 3068 1545 3130 bonam

374 3175 487 3251 iidem,
505 3193 585 3240 nem
598 3176 791 3256 ignorantie
810 3177 859 3239 rei
879 3177 998 3241 alienae
1018 3197 1079 3242 seu
1098 3179 1188 3242 bona
1210 3177 1296 3240 fides
1317 3174 1543 3260 presumitur,

375 3283 431 3345 ubi
446 3282 587 3348 scientie
601 3302 670 3348 non
689 3285 852 3367 probatur
868 3285 951 3366 (reg.
967 3286 1006 3348 47
1028 3286 1063 3349 in
1077 3286 1132 3364 6⁰).
1153 3285 1237 3350 Mala
1258 3291 1373 3350 autem
1394 3283 1479 3347 lidos
1504 3299 1546 3344 ex

378 3391 477 3454 variis
492 3393 697 3474 conjecturis
711 3394 884 3475 probatur,
900 3399 939 3457 ut
953 3411 995 3457 ex
1011 3393 1144 3458 delectu
1159 3393 1246 3457 tituli
1265 3393 1300 3458 in
1322 3389 1448 3456 recenti
1471 3407 1547 3472 pos-

377 3517 539 3564 sessione.
1376 3523 1378 3526 ·

646 3665 661 3728 ἐ
682 3663 713 3720 V.
736 3661 775 3720 lle
794 3659 1013 3734 incpedimentis
1031 3660 1278 3736 prescriptionis.

417 3830 448 3892 l⁰
457 3829 666 3912 Praesoriptio
681 3830 802 3894 dicitur
813 3851 880 3895 oon
889 3828 1077 3915 procedere,
1090 3851 1149 3895 seu
1163 3849 1231 3894 ooo
1246 3847 1387 3908 coemere,
1400 3825 1546 3912 quando,

379 3940 421 4001 ob
444 3938 614 4002 delectum
637 3939 780 4022 alicujus
805 3941 1007 4006 conditionis
1030 3941 1214 4026 requisitae,
1229 3941 1376 4022 incipere
1399 3955 1469 4001 non
1493 3953 1550 4019 po·

381 4050 446 4108 test
460 4065 467 4106 :
484 4051 523 4108 ut
537 4047 564 4108 si
580 4046 667 4110 desit
681 4047 853 4129 possessio
868 4048 986 4125 civilis,
1004 4049 1122 4113 titulus
1137 4047 1192 4112 vel
1206 4047 1262 4110 lex
1276 4047 1413 4110 resistat
1426 4043 1550 4108 aliena-

381 4153 463 4216 tioni
477 4154 657 4219 honorum.
675 4155 801 4220 Tamen
817 4157 998 4240 aliquando
1013 4163 1126 4241 potest
1139 4155 1329 4221 continuari
1344 4152 1550 4237 praescriptio

378 4264 450 4344 jam
465 4268 585 4346 crepta,
604 4263 683 4328 licet
703 4265 823 4330 eadem
838 4283 907 4331 non
932 4267 1040 4349 possit
1051 4265 1198 4349 incipere
1213 4263 1306 4346 (vide
1334 4260 1549 4341 Schmelzgr,

381 4374 414 4436 h.
431 4379 454 4437 t.
472 4393 505 4438 n.
522 4376 603 4457 les).

421 4483 453 4546 2⁰
467 4483 677 4568 Praescripoo
693 4486 814 4550 dicitur
829 4485 984 4566 dormire,
999 4487 1081 4552 dum
1103 4485 1210 4551 semel
1228 4483 1379 4568 legitime
1397 4483 1552 4548 inchoata

383 4591 426 4654 ob
440 4591 721 4676 impedimentum
742 4597 986 4678 superveniens
1004 4595 1140 4660 interim
1162 4594 1304 4678 quiescit
1324 4597 1359 4657 et
1378 4587 1553 4674 suspendi-

385 4703 452 4768 tur:
475 4701 607 4765 sublato
635 4720 717 4765 vero
746 4701 1005 4784 impedimento,
1030 4702 1143 4767 denuo
1170 4702 1335 4784 procedit,
1358 4703 1553 4782 computato
