3510 5574
395 567 455 632 aia
761 577 763 589 ⁴
854 582 906 627 rus
927 581 1106 628 csuouuuu.

396 703 620 772 substantiam
648 699 872 776 commodati,
902 703 938 762 ot
956 699 1111 781 sequitur
1131 699 1224 782 quod
1254 699 1290 762 in
1320 699 1575 764 commodatum

393 813 550 876 ueniant:

354 931 355 944 ¹
435 923 467 984 1ο
482 921 548 984 Res
561 921 804 1003 permanentes
817 935 879 982 seu
888 934 958 982 non
971 915 1166 998 fungibiles,
1183 917 1256 982 sive
1269 915 1414 982 mobiles
1427 917 1499 982 sive
1513 917 1576 982 im-

395 1029 556 1104 mobiles;

434 1139 466 1202 9⁰
481 1137 547 1202 Res
558 1135 661 1200 etiam
671 1134 791 1200 alienae
802 1133 1322 1218 quarumpossessionemhabet
1332 1135 1553 1201 commodans
1567 1158 1574 1212 ;

394 1265 475 1314 nam
489 1248 525 1310 in
536 1247 614 1330 jure
628 1243 718 1309 civili
732 1243 864 1308 furibus
880 1247 915 1308 ct
927 1243 1144 1328 praedonibus
1165 1241 1362 1307 conceditur
1385 1243 1472 1310 aelio
1486 1263 1576 1310 com-

394 1354 533 1430 modati,
548 1353 635 1416 sicut
649 1355 684 1416 et
697 1351 852 1435 depositi.
870 1351 1113 1416 Verumtamen
1127 1351 1164 1415 in
1177 1350 1252 1414 foro
1267 1351 1485 1418 conscientia
1506 1329 1575 1419 non

394 1463 473 1528 licet
486 1462 704 1530 commodare
725 1479 780 1526 res
796 1461 936 1536 alienes,
953 1478 1032 1524 cum
1047 1479 1091 1525 ex
1104 1458 1216 1526 alieno
1232 1461 1360 1527 donare
1377 1479 1448 1526 non
1463 1459 1573 1526 liceat.

393 1570 522 1637 Deinde
544 1587 723 1658 possessor
736 1569 835 1634 malae
860 1568 939 1634 ssdei
962 1568 1103 1634 domino
1125 1569 1305 1634 restituere
1328 1571 1408 1653 jure
1430 1569 1576 1635 naturali

395 1684 550 1754 tenetur3

433 1787 465 1851 3ο
494 1788 561 1852 Res
589 1803 693 1853 sacrae
717 1786 760 1851 ad
789 1803 891 1849 usum
920 1801 1055 1850 sacrum
1075 1783 1208 1861 saltem,
1226 1788 1264 1849 ut
1287 1804 1321 1849 v.
1351 1805 1385 1868 g.
1416 1786 1504 1852 calix
1533 1789 1575 1854 ad

393 1897 550 1972 missam;

433 2006 466 2072 1ο
479 2005 570 2084 lura,
587 2005 770 2070 servitutes
786 2007 820 2070 et
834 2003 987 2068 redditus
1002 2003 1119 2078 annui,
1138 2019 1218 2068 cum
1240 2006 1276 2068 et
1290 2003 1367 2081 ista,
1385 2005 1483 2070 linito
1498 2023 1573 2081 usu,

393 2114 490 2179 reddi
501 2115 645 2198 possint.

434 2225 461 2306 c)
491 2221 599 2289 Facile
629 2225 733 2290 etiam
759 2223 929 2306 colligitur
955 2223 1030 2306 puis
1060 2231 1093 2286 et
1131 2223 1187 2287 coi
1214 2223 1430 2288 commodare
1454 2224 1572 2310 possit.

395 2333 426 2395 1ο
441 2331 664 2399 Commodere
678 2335 793 2427 potest
806 2329 918 2396 omnis
934 2335 969 2394 et
982 2329 1075 2396 solus
1090 2328 1146 2394 ille
1160 2330 1218 2414 qui
1229 2329 1374 2395 liberam
1388 2349 1506 2396 rerum
1519 2331 1576 2397 ad·

393 2441 681 2507 ministrationem
695 2442 809 2518 habet,
827 2440 899 2505 sive
914 2439 1142 2516 sitdominus,
1170 2441 1242 2504 sive
1261 2441 1479 2516 fructuarius,
1503 2440 1574 2505 sive

395 2549 480 2614 alius
493 2549 757 2614 administrator.
776 2547 814 2612 lu
829 2547 941 2632 specie
955 2548 1176 2614 commodare
1191 2549 1434 2632 prohibentur:
1448 2549 1572 2622 infans,

394 2659 555 2734 furiosus,
571 2656 720 2742 pupillus
739 2657 868 2740 absque
883 2657 1085 2722 auctoritate
1104 2655 1237 2734 tutoris,
1252 2655 1433 2739 religiosus
1449 2657 1522 2722 sine
1536 2656 1575 2720 li-

393 2765 505 2832 centia
519 2765 713 2852 superioris,
728 2771 763 2831 ct
775 2785 864 2831 uxor
878 2765 951 2832 sine
961 2785 1132 2833 consensu
1145 2767 1268 2833 mariti.

433 2877 466 2938 1·
484 2874 644 2958 Recipere
669 2874 925 2940 commodatum
948 2879 1094 2958 possunt
1114 2877 1312 2960 omnesqui
1332 2895 1375 2940 ex
1398 2879 1573 2940 contractu

395 2983 547 3066 obligari,
558 2983 614 3048 vel
629 2982 751 3048 saltem
761 2983 885 3050 lucrari
900 2983 1018 3049 valent
1029 3005 1036 3048 :
1048 2985 1096 3050 ita
1105 2985 1254 3070 pupillus
1268 3003 1330 3070 pro
1345 3003 1408 3049 sua
1418 2985 1573 3050 libertate

394 3093 544 3176 accipere
554 3095 668 3176 potest
676 3094 933 3159 commodatum
948 3093 1076 3178 absque
1092 3093 1214 3160 tutoris
1224 3095 1442 3170 auctoritate3
1458 3098 1574 3158 amen

394 3201 527 3294 actione
551 3202 758 3268 commodati
781 3221 852 3268 uon
876 3205 1022 3281 tenetur,
1039 3203 1100 3268 sed
1121 3202 1194 3268 sola
1214 3204 1347 3268 actione
1368 3203 1410 3268 ad
1431 3201 1574 3267 redden-

396 3309 477 3376 dum
495 3331 502 3373 :
521 3311 600 3395 quia
614 3311 772 3395 iniquum
788 3316 841 3376 est
853 3329 928 3376 rem
942 3309 1089 3376 alicuem
1102 3329 1123 3376 a
1137 3311 1265 3396 pupillo
1281 3309 1437 3376 detineri.

568 3503 598 3553 11.
618 3502 657 3554 De
671 3499 891 3566 obligationibus
904 3499 1112 3554 commodanda
1126 3501 1156 3553 et
1168 3499 1393 3554 commodatarii.

435 3637 467 3718 a)
484 3634 711 3701 Commodum
726 3639 862 3700 tenetur
878 3655 885 3697 :
903 3636 934 3698 i·
948 3653 1023 3699 rem
1034 3634 1169 3700 tradere
1185 3639 1220 3698 et
1231 3653 1302 3701 non
1315 3653 1477 3702 revocare
1492 3641 1572 3702 ante

395 3749 529 3829 tempus
554 3746 589 3809 et
609 3761 710 3808 usum
734 3742 881 3806 linitum.
909 3741 959 3808 lta
979 3744 1037 3826 jus
1067 3742 1165 3807 civile
1188 3741 1285 3809 Rom.
1311 3748 1347 3809 et
1369 3744 1448 3810 Gall.
1475 3745 1572 3811 Ratio

394 3857 456 3928 est,
491 3852 667 3937 quianon
696 3851 805 3934 decipi
836 3850 1002 3916 beneficio
1036 3868 1100 3916 nos
1130 3855 1274 3936 oportet,
1304 3853 1365 3918 sed
1395 3853 1570 3938 adjuvari;

394 3965 519 4037 tamen,

433 4069 468 4150 a)
484 4067 518 4132 Si
529 4073 666 4152 tempus
680 4069 860 4152 praessxum
875 4065 1029 4149 elapsum
1044 4070 1107 4143 est,
1124 4067 1276 4134 revocari
1292 4071 1407 4152 polest
1422 4088 1571 4136 commo-

394 4177 522 4254 datum,
536 4177 601 4242 etsi
615 4175 672 4241 illo
683 4181 837 4259 tempore
850 4174 964 4241 nullus
977 4176 1086 4240 iactus
1100 4175 1145 4238 sit
1158 4193 1240 4240 usus
1256 4177 1306 4240 rei
1320 4178 1544 4243 commodate
1562 4199 1569 4242 :

391 4303 472 4350 nam
487 4283 562 4352 talis
583 4289 635 4352 est
657 4291 780 4352 natura
796 4272 990 4350 contractus
1010 4288 1049 4350 ut
1072 4303 1127 4350 res
1147 4286 1289 4370 praefixo
1308 4289 1461 4371 tempore
1476 4288 1572 4353 resti-

393 4399 518 4458 tuetur.
534 4394 572 4478 b)
588 4393 626 4459 ln
640 4411 721 4460 casu
734 4391 1002 4459 extraordinario
1017 4411 1088 4458 non
1099 4393 1256 4478 previsio,
1271 4411 1339 4480 quo
1349 4394 1571 4461 commodans

394 4501 523 4588 aequale
536 4502 592 4567 vel
606 4505 718 4586 majus
735 4503 899 4567 damnum
913 4507 1100 4587 pateretur,
1116 4521 1178 4568 seu
1193 4503 1330 4588 quando
1344 4504 1409 4586 ipsi
1423 4521 1571 4568 commo-

393 4611 486 4674 danti
502 4610 702 4694 supervenit
713 4611 898 4676 necessitas
916 4627 1044 4692 urgens
1059 4614 1094 4676 et
1111 4609 1287 4696 inopinata
1303 4611 1353 4676 rei
1374 4627 1457 4688 suae,
1480 4627 1572 4676 com·

392 4719 568 4783 modatum
583 4737 744 4784 revocare
764 4723 877 4801 potest
896 4723 974 4786 ante
988 4722 1134 4803 tempus.
1161 4719 1286 4804 liujus
1311 4719 1406 4786 liam.
1432 4723 1467 4786 et
1487 4719 1569 4785 Gall.
