3510 5574
566 594 653 640 arara
674 591 801 640 renatus
823 589 1042 638 nacaaratruu.
1334 573 1394 638 ⁰273

215 713 366 780 dominio
390 715 535 795 reparet,
552 711 655 775 habet
669 712 772 775 etiam
788 710 979 775 remedium
996 705 1303 773 extraordinarium
1325 727 1394 772 res-

215 822 383 887 titutionis
407 821 443 884 in
468 821 653 901 integrum,
675 821 763 884 sicut
783 821 897 884 minor
919 837 962 883 ex
985 819 1160 882 contractu
1184 815 1297 892 laesus,
1316 834 1395 881 cum

214 932 363 1013 gaudeat
374 933 451 1013 jure
464 929 618 1006 minoris,
634 947 677 993 ex
691 948 764 1013 cap.
779 932 816 994 ll
832 930 905 1012 huj.
923 929 973 990 tit.

254 1041 286 1104 3ο
300 1039 384 1105 blale
398 1038 586 1104 alienatum
600 1038 703 1104 debet
723 1057 885 1104 revocare
907 1037 1067 1121 praelatus
1084 1055 1127 1101 ex
1140 1036 1395 1120 praescriptione

216 1167 287 1232 cap.
304 1147 344 1212 14
357 1147 429 1230 huj.
447 1147 511 1223 tit,
529 1146 608 1231 quia
623 1146 705 1211 dum
720 1146 834 1227 agitur
847 1145 890 1210 de
905 1147 1022 1210 favore
1042 1145 1189 1228 publico,
1205 1144 1396 1228 presertim

215 1257 381 1332 Ecclesiae,
398 1255 550 1337 allegans
567 1255 744 1340 proprium
766 1273 918 1321 errorem
940 1260 993 1319 cst
1006 1253 1196 1318 audiendus
1214 1253 1271 1316 :in
1287 1251 1396 1316 defec-

217 1370 291 1429 tum
304 1363 433 1448 praelati
448 1381 609 1429 revocare
624 1369 739 1446 potest
758 1363 955 1448 capitulum,
972 1363 1075 1428 etiam
1093 1361 1173 1426 sede
1188 1361 1299 1445 plena,
1317 1379 1397 1424 suc·
1494 1443 1496 1458 μ

216 1491 332 1537 cessor
350 1472 491 1556 praelati,
514 1477 549 1536 et
572 1473 625 1536 bis
651 1472 897 1550 deficientibus,
923 1471 1066 1556 quilibet
1088 1470 1241 1547 clericus,
1269 1471 1338 1534 imo
1363 1475 1397 1534 et

218 1580 369 1666 quilibet,
381 1600 459 1646 cum
475 1581 518 1646 ad
534 1582 708 1663 agendum
720 1601 781 1666 pro
795 1585 872 1665 jure
888 1581 1023 1664 publico
1035 1579 1177 1666 quilibet
1185 1581 1393 1646 admittatur.

522 1837 539 1900 ἓ
560 1835 591 1890 V.
612 1832 652 1892 Dc
672 1846 761 1905 poerta
778 1831 858 1891 mate
877 1831 1086 1892 alienantium.

259 2026 291 2106 o)
301 2022 317 2086 J
321 2039 380 2087 ure
390 2019 530 2106 antiquo
542 2020 709 2087 alienator
721 2027 756 2085 et
770 2021 989 2087 alienatarius
1002 2021 1395 2098 excommunicabantur,

219 2138 262 2208 et,
280 2152 323 2197 ex
343 2131 506 2196 Clamant.
524 2132 647 2214 l⁸,buj.
664 2131 728 2207 tit,
744 2119 905 2214 praelatus
920 2131 1073 2196 alienans
1091 2131 1165 2214 ipso
1182 2133 1272 2197 lacto
1287 2133 1398 2196 incur-

217 2241 314 2304 rebat
325 2241 587 2324 suspensionem
607 2241 649 2305 ab
666 2239 788 2304 olsscio.
811 2239 917 2304 Hodie
932 2259 976 2304 ex
994 2243 1168 2322 extravag.
1186 2240 1394 2322 Ambitiosa,

218 2367 294 2431 quae
314 2349 450 2415 ssrmata
469 2349 534 2414 fuit
553 2349 589 2412 in
615 2347 758 2414 concilio
786 2347 873 2414 Trid.
904 2349 1000 2432 (sess.
1031 2349 1082 2425 El,
1105 2367 1134 2413 c.
1159 2350 1207 2426 11,
1233 2349 1274 2414 de
1294 2349 1395 2432 nea),

217 2455 369 2522 alienans
387 2463 420 2522 et
439 2458 669 2534 alienatorius,
694 2458 722 2521 si
744 2457 814 2522 sint
832 2458 992 2542 episcopo
1015 2463 1050 2522 et
1070 2458 1183 2524 abbati
1204 2459 1395 2534 interiores,

218 2585 250 2629 v.
267 2586 300 2648 g.
325 2565 478 2652 parochi,
501 2569 680 2632 incurrunt
703 2566 1093 2632 excommunicationem
1116 2565 1196 2632 latas
1219 2568 1398 2632 senteutiae

220 2675 301 2741 olim
314 2675 346 2739 S.
357 2675 509 2742 Pontilici
519 2683 741 2744 reservatam.
751 2677 905 2762 Episcopi
920 2681 955 2740 et
966 2678 1106 2742 abbates
1121 2676 1194 2760 ipso
1208 2679 1285 2760 jure
1295 2678 1398 2740 inter-

220 2784 298 2848 dicti
313 2789 393 2848 sunt
406 2785 447 2850 ab
462 2785 622 2866 ingressu
637 2786 806 2878 ecclesiae;
830 2787 858 2850 si
874 2788 937 2850 sub
949 2785 1014 2850 boc
1027 2784 1209 2849 interdicto
1225 2803 1287 2850 sex
1302 2803 1397 2850 meu-

218 2892 311 2956 sibus
327 2893 492 2969 steterint,
510 2893 584 2976 ipso
605 2894 694 2958 facto
715 2894 970 2978 suspenduntur
993 2893 1035 2958 ab
1052 2891 1347 2958 administratione
1363 2899 1398 2958 et
1499 2882 1502 2892 ’

220 2999 385 3081 regimine
394 2999 624 3066 ecclesiarum.
638 2999 770 3065 Praelati
780 3001 958 3066 inferiores
972 3005 1005 3066 et
1017 3008 1168 3068 rectores
1179 3002 1397 3068 ecclesiarum

221 3105 294 3190 ipso
315 3109 403 3174 facto
422 3109 601 3192 privantur
623 3109 693 3172 suis
713 3108 898 3173 beneficiis.
921 3108 1046 3174 Omnes
1068 3111 1143 3198 istor
1157 3129 1268 3194 poenae
1283 3109 1397 3174 locum

221 3215 349 3280 babent
361 3217 463 3282 etiarn
474 3215 585 3300 quoad
596 3215 783 3297 regulares,
796 3222 921 3299 prater
932 3217 1015 3282 alias
1026 3237 1205 3301 expressas
1214 3219 1250 3283 in
1261 3219 1397 3284 decreto

222 3322 426 3406 particulari.

262 3432 291 3516 b)
304 3433 473 3498 Excusant
489 3433 531 3498 ab
545 3433 598 3496 his
613 3432 735 3516 plenia,
752 3435 930 3498 contrariae
945 3435 1211 3501 consuetudines
1225 3437 1395 3514 locorum,

142 3605 145 3612 ,
221 3542 312 3606 bona
331 3541 415 3606 tides
435 3539 615 3606 alienantis
636 3544 671 3604 et
690 3540 895 3624 recipientis,
914 3543 971 3626 qui
995 3543 1214 3608 nesciverunt
1229 3563 1304 3608 rem
1319 3564 1395 3608 esse

220 3647 390 3726 Ecclesiae3
404 3648 598 3730 ignorantia
608 3647 696 3730 juris
708 3651 743 3711 et
754 3647 845 3724 facti,
859 3649 962 3713 modo
975 3667 1044 3714 non
1058 3651 1103 3714 sit
1117 3652 1239 3734 supina
1251 3657 1285 3716 et
1297 3651 1395 3718 allec-

221 3761 305 3833 tata;
322 3757 532 3840 imperfectio
548 3760 655 3832 actus,
672 3761 711 3818 ut
724 3775 756 3818 v.
772 3773 805 3835 g.
827 3755 985 3826 alienatio
1000 3761 1175 3834 attentata,
1192 3777 1262 3823 non
1280 3765 1395 3824 tamen

220 3869 457 3930 consummata
466 3883 528 3947 per
541 3863 769 3938 traditionem,
787 3867 846 3927 aut
860 3864 981 3927 saltem
994 3863 1149 3930 celeriter
1162 3860 1335 3932 revocata:
1353 3888 1396 3931 ex

220 3973 327 4058 capite
343 3973 478 4056 sunjos
493 3972 592 4036 tituli.

260 4083 286 4164 c)
307 4081 489 4146 Occasione
515 4081 742 4158 alienationis,
763 4079 842 4146 clar.
866 4081 912 4145 De
938 4081 1076 4162 Angelis
1098 4083 1170 4165 agit
1190 4084 1232 4148 de
1256 4103 1396 4170 usurpa-

223 4193 313 4256 tione
337 4209 453 4255 rerum
476 4190 518 4255 ad
539 4189 722 4255 Ecclesiam
744 4191 999 4272 pertinentium,
1017 4195 1053 4255 et
1072 4198 1228 4257 recenset
1245 4213 1363 4277 poenas
1376 4217 1397 4260 a

221 4299 363 4364 concilio
377 4299 573 4364 Tridentino
588 4301 683 4380 (sess.
704 4297 754 4374 EE,
771 4315 842 4382 cap.
855 4299 905 4380 ul)
920 4303 955 4362 et
967 4305 1075 4364 const.
1087 4300 1286 4383 Apostolicm
1298 4303 1396 4368 Sedis

222 4403 270 4468 Pii
285 4403 328 4468 lll
342 4403 429 4470 latas
450 4408 569 4469 contra
588 4407 792 4486 usurpantes
814 4408 874 4466 out
895 4409 1149 4486 sequestrantes
1169 4405 1269 4482 bona,
1287 4407 1397 4470 reddi-

224 4519 292 4590 tus,
312 4511 585 4600 jurisdictionem
610 4511 765 4576 Ecclesia
792 4513 836 4594 (n.
854 4513 883 4588 7,
901 4511 941 4593 8).
959 4510 997 4576 ln
1020 4512 1085 4577 boc
1108 4512 1228 4578 ultimo
1252 4531 1395 4578 numero

222 4620 348 4704 egilde
363 4619 639 4704 usurpationibus
659 4639 720 4702 per
739 4619 905 4700 gubernio
924 4621 1031 4683 lactis.
1050 4620 1141 4702 (Vide
1158 4620 1395 4703 explanatores

222 4730 474 4795 constitutionis
486 4729 683 4812 Apostolicac
697 4727 819 4812 Sedis.)

363 4859 395 4903 u.
1216 4843 1255 4906 lu
