3488 5564
541 553 628 622 ursan
650 573 802 622 secuntus
822 573 1043 622 camaranum
1347 556 1385 619 ii

209 695 265 780 qui
286 713 307 761 a
325 692 510 778 spoliatore
532 692 683 776 percepti
704 697 795 768 sunt,
821 691 878 758 vei
891 691 1019 777 percipi
1041 697 1238 776 potuerunt,
1263 693 1385 758 saltem

208 802 383 868 communi
397 800 548 866 adhibita
561 799 738 865 industria.
756 801 921 885 Expensae
935 803 1033 866 iaetae
1049 801 1153 866 etiam
1166 801 1321 866 resarciri
1331 802 1387 865 de-

210 912 312 976 bent:
336 909 429 975 unde
450 907 567 974 omnia
588 925 696 992 usque
710 908 753 974 ad
764 908 923 973 ultimum
939 907 1163 992 quadrantem
1176 908 1388 974 restituenda

209 1025 298 1084 sunt.
316 1016 368 1082 lta
381 1034 502 1082 omnes
521 1017 707 1082 canonistae
723 1033 767 1081 ex
778 1019 855 1098 jure
870 1015 1025 1082 Romano
1038 1017 1120 1100 (oap-
1139 1018 1175 1080 il
1190 1015 1223 1080 h.
1245 1017 1282 1099 t.)
1298 1023 1389 1081 etex

208 1127 368 1211 aequitate
384 1123 541 1202 naturali,
558 1143 634 1209 quae
644 1123 796 1208 postulat
809 1131 848 1190 ut
860 1124 985 1207 injuria
998 1123 1055 1188 vel
1068 1123 1180 1188 aliena
1192 1125 1246 1188 vis
1259 1126 1387 1190 nemini
1457 1181 1459 1189 ,

209 1235 253 1298 sit
266 1235 444 1300 damnosa.

248 1343 376 1410 'lamen
389 1341 552 1426 spoliator
570 1341 738 1407 deducere
754 1346 871 1424 posset
890 1359 1058 1424 expensas
1072 1342 1293 1418 necessarias,
1310 1343 1391 1426 qnia

207 1451 474 1536 locupletaretur
487 1450 646 1514 dominns
663 1469 742 1514 cum
753 1451 887 1532 jactura
901 1450 1023 1516 aliena.

250 1560 285 1644 d)
309 1561 508 1636 Quaeritur:
540 1558 664 1639 Quales
686 1559 820 1640 fructus
842 1559 1017 1623 restituere
1039 1567 1196 1624 teneatur
1217 1574 1390 1644 possessor

208 1669 305 1734 donar
319 1668 425 1750 fidei?

249 1778 472 1842 Distinctione
486 1779 575 1843 lacta
588 1779 678 1843 inter
691 1779 821 1842 fructus
837 1795 932 1840 mere
946 1777 1164 1844 industriales
1180 1795 1266 1862 quos
1281 1779 1392 1860 gignit

208 1887 284 1952 sola
297 1885 473 1963 industria,
485 1903 582 1972 mere
596 1886 770 1950 naturales
785 1905 871 1969 quos
886 1890 1009 1950 natura
1027 1885 1184 1968 producit
1206 1886 1300 1950 nulla
1312 1905 1391 1951 con-

207 2001 367 2060 currente
388 1995 557 2060 industn'a
584 1995 784 2070 hominum,
811 2001 846 2058 et
869 1995 995 2059 mixtos
1020 1994 1063 2060 ad
1087 2013 1173 2078 quos
1201 1996 1391 2079 producen-

209 2106 274 2171 dos
292 2111 500 2172 concurrunt
517 2104 686 2171 industria
708 2105 889 2170 hominum
911 2103 1012 2169 sunni
1037 2110 1072 2167 et
1094 2111 1225 2182 natura,
1250 2123 1390 2188 respon-

210 2215 335 2280 detur:

251 2325 283 2388 l⁰
312 2324 493 2390 Possessor
521 2325 620 2389 bonae
648 2323 728 2388 ssdei
753 2323 902 2388 retinere
928 2327 1042 2406 potest
1070 2325 1201 2388 tructus
1228 2341 1323 2388 merc
1342 2325 1391 2388 in-

210 2434 403 2512 dustriales;
425 2453 505 2500 nam
526 2437 603 2518 J'ure
622 2433 769 2500 naturali
793 2433 1017 2516 acquiruntur
1046 2434 1076 2497 ei
1102 2435 1200 2516 cujus
1225 2432 1400 2496 industria

208 2543 432 2626 proveniunt;
447 2542 569 2608 deinde
585 2541 679 2607 nulla
690 2541 767 2624 lege
782 2542 969 2624 imperatur
981 2559 1101 2606 eorum
1114 2541 1297 2606 restitutio.

250 2652 283 2716 2⁰
296 2652 437 2716 Fructus
460 2652 633 2717 naturales
655 2657 689 2716 ei
708 2652 806 2714 mixti
830 2649 1031 2734 pendentes,
1048 2669 1081 2716 v.
1099 2669 1132 2732 g.
1148 2651 1279 2714 tructus
1293 2649 1392 2712 arbo-

210 2779 299 2836 rum,
317 2765 452 2843 segetes
480 2762 613 2826 restitui
636 2761 771 2837 debent,
796 2761 876 2843 quia
896 2767 977 2824 sunt
991 2778 1070 2842 pars
1086 2758 1182 2823 fundi
1200 2759 1255 2822 cui
1280 2758 1391 2822 adhae-

209 2877 298 2934 rent.
323 2869 356 2933 Si
370 2873 443 2953 jam
466 2871 616 2953 percepti
643 2877 723 2934 sunt
746 2875 780 2934 et
794 2889 815 2934 a
829 2869 902 2934 solo
920 2869 1077 2952 separati,
1093 2867 1295 2932 restituendi
1310 2871 1392 2930 sunt

211 2979 326 3054 etiam,
342 2979 371 3040 si
386 2977 496 3042 adhuc
506 2983 652 3054 exstent,
665 2995 746 3040 nam
757 2978 887 3061 qumvis
900 2995 956 3040 res
968 2977 1147 3041 fructificat
1162 2975 1301 3039 domino
1313 2993 1389 3050 suo;
1518 3041 1521 3048 ,

212 3103 255 3150 ex
270 3086 377 3150 altera
395 3092 501 3168 parte,
533 3103 711 3168 possessor
731 3085 830 3149 bonae
850 3085 930 3149 ssdei
954 3084 1031 3148 illos
1054 3085 1183 3148 tructus
1208 3101 1289 3147 suos
1311 3084 1392 3148 lecit

212 3193 459 3258 revocabiliter.
483 3193 517 3256 Si
535 3193 729 3276 consumpti
750 3195 823 3275 jam
848 3198 938 3268 sunt,
961 3193 1009 3256 ita
1024 3197 1140 3256 tamen
1154 3197 1193 3255 ut
1209 3191 1390 3275 praedictus

213 3319 392 3384 possessor
408 3301 517 3365 factus
533 3301 576 3364 sit
590 3301 701 3376 ditior,
728 3303 827 3383 juxta
841 3301 972 3384 aliquos
992 3299 1087 3365 reddi
1105 3299 1230 3364 debent
1244 3299 1392 3383 aequiva-

210 3409 332 3476 lenter.
349 3408 557 3474 Probahilior
577 3414 693 3474 tamen
717 3408 887 3472 sententia
910 3414 1014 3489 negat
1034 3425 1271 3491 possessorem
1291 3408 1391 3472 hcnae

207 3517 290 3582 ildei
305 3517 413 3581 teneri
428 3517 472 3582 ad
486 3535 607 3583 eorum
621 3517 884 3590 restitutionem,
908 3521 982 3578 tum
997 3516 1077 3599 quia
1089 3514 1169 3580 clari
1184 3520 1264 3580 sunt
1277 3521 1391 3580 textus

207 3625 296 3710 juris
310 3625 470 3702 Romani;
487 3631 561 3690 tum
585 3625 665 3709 quia
688 3624 771 3689 ordo
793 3623 948 3707 publicus
962 3623 996 3686 id
1012 3623 1118 3704 exigit
1133 3623 1175 3688 ad
1193 3623 1391 3688 innumeras

210 3735 288 3800 lites
302 3733 473 3812 vitandam
489 3738 564 3798 tum
579 3731 737 3816 denique,
753 3731 832 3816 quia
848 3749 947 3795 secus
963 3735 1188 3812 exsurgerent
1201 3731 1391 3796 anxietates

210 3843 438 3919 conscientiae,
455 3843 499 3907 ob
513 3841 748 3906 difficultatem
764 3839 1014 3905 determinandi
1040 3838 1174 3904 lucrum
1193 3843 1391 3922 perceptum

212 3971 256 4016 ex
267 3953 441 4016 fructuum
455 3949 727 4032 consumptione.

252 4061 285 4124 3ο
300 4059 366 4124 Sed
381 4079 402 4124 a
415 4061 592 4126 momento
606 4075 672 4140 quo
687 4058 785 4122 nonae
797 4055 877 4121 lidei
892 4055 1042 4120 succedit
1051 4055 1151 4132 mala,
1166 4059 1201 4119 et
1212 4071 1392 4138 possessor

211 4171 261 4236 rei
275 4169 395 4236 alienae
410 4173 564 4234 mentem
578 4169 691 4244 habet,
711 4168 842 4231 fructus
862 4165 1032 4249 ejusmodi
1045 4165 1226 4229 restituere
1242 4169 1387 4240 tenetur,

208 4281 310 4361 juxta
327 4277 600 4342 communiorem
620 4275 837 4350 sententiam,
860 4275 940 4357 quia
951 4272 1092 4357 perinde
1108 4271 1296 4356 estinjuste
1310 4289 1391 4336 con-

211 4403 350 4454 sumere
363 4391 399 4452 ei
412 4387 540 4470 injuste
553 4385 716 4469 accipere.

469 4575 513 4626 iii.
530 4575 569 4625 tte
584 4567 809 4625 restitutionem
823 4568 917 4622 causis
931 4567 1133 4632 spiritualibus.

254 4708 286 4788 u)
312 4705 349 4769 ln
375 4703 487 4769 causis
511 4703 832 4782 matrimonialibus,
860 4699 1015 4784 spoliatio
1041 4699 1239 4780 contingere
1265 4703 1388 4780 potest,
