3504 5572
541 596 628 644 rrum
648 595 773 646 rennos
793 595 1014 646 armarium.
1309 573 1369 641 alo

190 717 317 786 Tamen
342 715 433 801 apud
460 733 540 793 nos,
557 733 602 780 ex
626 720 690 781 art.
712 715 792 781 1703
815 714 895 780 Cod.
912 716 990 794 eiu,
1014 731 1084 780 non
1110 711 1295 798 requiritur
1319 711 1369 776 rei

191 827 338 904 traditio,
349 825 410 891 sed
422 829 617 892 contractus
627 823 890 908 permutationis
900 831 953 890 est
962 819 1209 898 consensualis,
1222 839 1284 890 seu
1297 819 1369 886 solo

191 951 362 1002 consensu
379 933 565 1018 perdoitur.

230 1043 265 1106 4θ
277 1041 398 1106 Didert
412 1041 454 1107 ab
469 1040 874 1126 emptione-venditione,
892 1058 967 1125 quae
987 1039 1060 1108 solo
1080 1055 1252 1108 consensu
1271 1037 1371 1123 partl-

192 1150 280 1228 oitur
300 1154 336 1214 et
354 1149 504 1233 pretium
519 1149 624 1214 hahet
644 1154 683 1213 ut
702 1149 898 1225 materiam;
914 1165 996 1214 nam
1020 1149 1226 1233 permutatio
1247 1146 1373 1212 eonsti-

193 1257 301 1322 tuitur
313 1275 375 1340 per
388 1273 608 1332 eonsensum,
624 1259 789 1339 tanqmm
803 1256 1036 1340 performam,
1049 1261 1084 1322 et
1097 1273 1247 1340 perram
1262 1255 1373 1340 ipsam

194 1365 417 1448 reciprocam,
431 1369 470 1428 ut
481 1363 673 1429 materiam.
686 1363 807 1428 Differt
820 1381 841 1429 a
853 1370 988 1440 mutuo,
1005 1363 1085 1448 quia
1095 1363 1130 1428 in
1148 1364 1214 1428 hoo
1232 1381 1303 1428 non
1321 1367 1374 1426 est

195 1472 310 1536 statim
325 1471 461 1538 traditio
473 1471 657 1555 reciproca,
673 1489 737 1536 neo
751 1489 807 1536 res
826 1470 952 1536 diversi
965 1471 1118 1552 geneum
1134 1471 1249 1536 differt
1269 1471 1373 1534 etiam

195 1580 372 1656 aoambio,
387 1583 552 1664 tanquam
566 1597 677 1661 genus
692 1597 713 1644 a
726 1579 850 1664 speeie,
867 1583 931 1645 eto.

285 1788 317 1840 11.
334 1790 374 1842 Do
389 1787 424 1842 tls
437 1799 501 1853 que
516 1788 675 1854 permutari
688 1787 809 1854 possunt
821 1788 908 1855 atque
922 1787 958 1843 de
971 1787 1094 1844 materia
1107 1789 1136 1842 st
1149 1787 1295 1842 effectibus

668 1869 896 1934 permutationis.

232 2016 265 2099 α)
276 2014 345 2082 Soli
357 2014 498 2092 domini,
511 2014 567 2082 vel
576 2015 717 2082 nomine
729 2033 851 2081 eorum
860 2014 1165 2094 administratores,
1178 2019 1373 2099 permutare

192 2131 348 2210 possunt,
360 2125 417 2191 vel
428 2125 782 2210 simplieiterveloum
797 2126 920 2192 debitis
936 2126 1209 2192 solemnitatibus
1219 2146 1227 2202 ;
1238 2143 1374 2210 permu-

192 2234 275 2300 tatio
291 2240 344 2300 est
357 2235 514 2320 qnaedam
529 2235 660 2319 speeies
676 2233 904 2302 alienationis.

232 2343 261 2426 d)
274 2344 413 2410 Materia
426 2344 689 2429 permutationis
708 2349 762 2409 est
774 2363 831 2410 ras
851 2345 963 2411 omnis
982 2343 1119 2430 propria
1134 2342 1372 2428 permutantis,

191 2451 228 2516 in
250 2451 402 2518 humano
425 2453 631 2518 commemio
651 2455 763 2538 posita
783 2472 847 2518 neo
868 2451 1010 2520 alienari
1031 2453 1210 2537 prohibita.
1226 2451 1304 2518 llaeo
1319 2469 1375 2516 res

193 2563 246 2623 est
262 2559 398 2626 diversa
411 2579 433 2627 a
445 2562 605 2645 peounia3
623 2580 722 2628 seous
743 2562 772 2627 si
789 2581 845 2627 res
867 2581 929 2644 pro
951 2562 1096 2645 peounia
1117 2561 1267 2638 daretur,
1284 2563 1376 2626 esset

192 2668 356 2735 venditio.
373 2669 442 2734 llas·
462 2669 575 2738 aliena
595 2672 783 2756 permutari
806 2672 941 2755 nequit,
961 2671 1040 2755 quia
1063 2669 1099 2734 in
1121 2669 1373 2754 permutatione

194 2777 371 2843 transferri
395 2777 498 2844 debet
517 2778 724 2857 dominium,
749 2779 842 2864 quod
863 2779 1007 2862 proinde
1028 2777 1156 2843 habere
1177 2777 1278 2843 debet
1300 2795 1376 2860 per-

194 2891 344 2963 mutans,
368 2885 451 2952 dum
471 2886 508 2952 in
528 2887 732 2954 venditione·
746 2905 817 2954 non
838 2886 1032 2952 necessario
1057 2887 1097 2950 tlt
1119 2883 1295 2952 translatio
1316 2885 1376 2951 do·

195 2993 303 3058 minii.

234 3107 262 3186 c)
272 3105 321 3169 De
336 3103 505 3186 effectibus
511 3105 787 3189 permutationis.
805 3104 838 3168 l⁰
850 3102 899 3167 Ex
912 3103 1176 3188 permutatione,
1191 3108 1376 3188 postquem

194 3227 250 3276 res
264 3213 329 3276 luit
343 3213 385 3277 ab
399 3231 470 3276 uno
490 3213 622 3289 tradita,
641 3213 796 3294 exsurgit
814 3211 976 3292 obligatio
996 3230 1039 3275 ex
1059 3217 1156 3295 parte
1179 3211 1376 3294 accipientis

195 3327 234 3384 ut
246 3321 397 3387 vicissim
412 3321 470 3388 det
483 3321 576 3406 quod
589 3322 755 3405 promisit.

234 3429 268 3494 9⁰
282 3429 478 3495 Dominium
489 3432 539 3495 rei
552 3435 755 3514 pormutatae
768 3429 940 3496 transfert.
957 3430 1117 3515 Sequitur
1129 3429 1220 3515 quod
1233 3429 1262 3494 si
1274 3429 1303 3494 is
1319 3425 1376 3513 qui

196 3554 271 3602 rem
285 3557 329 3602 ex
341 3539 593 3622 permutatione
612 3539 772 3604 traditam
791 3540 930 3622 accepit,
947 3540 1106 3605 eamdem
1120 3541 1247 3605 vendat
1262 3545 1296 3603 et
1312 3545 1378 3604 tra-

198 3646 256 3711 dat
269 3645 376 3723 alteri,
393 3665 464 3712 non
477 3665 578 3731 posse
592 3647 689 3712 illum
706 3649 763 3732 qui
779 3648 883 3724 dedit,
896 3653 1016 3714 eontra
1031 3653 1222 3732 emptorem
1236 3661 1376 3713 movere

198 3753 348 3838 aliquam
362 3757 533 3821 astionem
550 3775 558 3820 ε
573 3757 622 3821 ita
633 3759 691 3839 jus
706 3757 804 3822 Rom.

238 3864 270 3926 3⁰
284 3862 318 3926 si
332 3867 456 3928 neuter
469 3865 738 3948 permutantium
757 3884 832 3930 rem
845 3865 1110 3949 permutandam
1123 3865 1270 3942 tradidit,
1288 3869 1378 3930 nter·

198 3989 265 4054 que
286 3971 453 4054 poenitere
476 3976 591 4055 potest
612 3989 674 4036 seu
695 3973 872 4050 reoedere;
889 3973 917 4036 si
938 3993 1029 4038 unus
1050 3974 1195 4051 tradidit,
1211 3974 1377 4058 poenitere

198 4088 320 4166 potest,
343 4089 378 4148 et
397 4083 490 4170 quod
512 4083 606 4148 dedit
626 4090 782 4166 repetere
806 4083 1025 4148 conductione
1036 4102 1140 4147 correo
1164 4083 1260 4163 dota,
1275 4101 1379 4147 euerso

197 4209 266 4255 noa
289 4201 430 4259 secuta:
449 4193 497 4257 ita
513 4195 572 4275 jus
594 4191 691 4256 Rom.
715 4191 833 4268 Quoad
856 4191 949 4255 illam
962 4193 1132 4257 actionem
1147 4195 1182 4255 et
1196 4190 1308 4274 quoad
1320 4193 1379 4272 jus

197 4300 396 4383 poenitendi,
412 4301 490 4366 vide
505 4300 677 4366 oivilistas.
695 4299 762 4364 Sed
778 4299 869 4382 apud
887 4317 951 4365 nos
968 4301 1040 4364 haeo
1055 4317 1125 4364 non
1138 4299 1377 4375 admittuntur,

198 4409 278 4491 quia
290 4409 496 4492 permutatio
512 4414 565 4474 est
579 4412 774 4475 contractus
788 4407 1043 4485 consensualis3
1059 4407 1150 4472 unde
1168 4406 1380 4490 applicantur

198 4513 290 4580 diota
303 4516 345 4580 de
359 4517 545 4600 emptione.
