3498 5572
840 521 893 567 tus
913 519 1096 568 cshohtclll.

773 897 986 974 TITULUS
1020 898 1163 972 XXIX.

574 1076 616 1120 DE
645 1077 836 1122 panoensis
864 1079 907 1124 hl·
935 1079 1081 1124 halahis
1109 1078 1364 1126 Panocutshts.

819 1413 956 1476 seculo
980 1413 1113 1478 PRIMA.

527 1551 575 1606 De
600 1551 836 1618 parochiarum
859 1555 894 1606 ot
916 1553 1138 1619 parochorum
1159 1553 1409 1606 consulatione.

419 1711 647 1781 caiomenes
674 1711 793 1776 divisio
818 1709 1063 1798 parochiarum
1092 1719 1124 1776 ct
1149 1711 1385 1795 parochorum.
1412 1711 1443 1774 1⁰
1466 1709 1554 1773 Olim

378 1820 468 1904 apud
490 1821 663 1887 Romanos
686 1821 825 1904 parochi
851 1821 1050 1886 dicebantur
1072 1821 1129 1905 qui
1143 1821 1266 1902 legatis
1283 1819 1428 1884 Romam
1442 1819 1556 1882 missis

380 1953 395 1986 α
410 1929 504 2018 ligna
526 1929 701 2014 salemque
722 1929 879 1994 terebant
895 1954 927 2006 »‚
951 1929 985 1992 id
1007 1933 1074 2005 est,
1096 1929 1230 2011 copiam
1256 1947 1373 1994 rerum
1401 1927 1556 1993 omnium

378 2037 650 2120 suppeditabant.
664 2036 760 2103 Unde
783 2055 845 2120 per
866 2036 1061 2118 analogiam
1083 2037 1222 2120 parochi
1247 2037 1283 2102 in
1306 2035 1454 2100 Ecclesia
1477 2034 1562 2098 dicti*

378 2151 458 2209 sunt
473 2147 667 2212 sacerdotes
681 2146 739 2230 qui
753 2145 910 2230 plebibus
924 2163 1060 2210 sacrum
1079 2144 1185 2211 divini
1204 2145 1300 2210 verbi
1315 2150 1350 2208 et
1363 2161 1554 2210 sacramen-

378 2260 491 2319 torum
513 2255 677 2339 pabulum
700 2255 960 2320 subministrant
977 2256 1007 2339 (a
1020 2256 1149 2337 παρέχω,
1164 2254 1324 2338 praebeo).
1341 2253 1442 2318 Juxta
1457 2252 1553 2328 alios,

377 2365 544 2446 parochus
561 2363 670 2429 dictus
686 2369 768 2429 esta
783 2365 889 2429 verbo
903 2381 1015 2445 graeco
1028 2365 1173 2446 πάροικος,
1184 2382 1246 2427 seu
1257 2361 1379 2428 incola.
1395 2361 1556 2427 Perochin

375 2471 468 2536 idam
482 2476 575 2537 esset
589 2489 628 2538 ac
642 2472 753 2556 portio
769 2490 869 2536 curae.
888 2471 926 2536 ln
946 2490 1051 2536 sensu
1068 2470 1295 2536 ecclesiastico
1311 2476 1345 2534 et
1355 2473 1456 2552 juxta
1470 2467 1556 2533 anti-

377 2602 462 2668 quos
485 2602 647 2661 canones,
662 2583 822 2668 parocbia
840 2582 1039 2647 sumebatur
1060 2583 1132 2646 sive
1152 2601 1215 2666 pro
1230 2580 1458 2646 ecclesiastica
1477 2597 1556 2662 pro-

376 2692 497 2769 vincia,
511 2693 583 2758 sive
597 2710 660 2776 pro
676 2691 825 2767 dioecesi,
838 2691 909 2754 sive
922 2689 1069 2774 denique
1079 2708 1141 2773 pro
1152 2689 1266 2774 aliqua
1274 2695 1370 2773 parto
1385 2687 1552 2753 dioecesis.

376 2797 415 2862 ln
442 2800 507 2864 boc
531 2797 651 2863 ultimo
674 2815 779 2863 sensu
802 2797 857 2862 hic
882 2797 1040 2874 sumitur,
1057 2815 1096 2862 ac
1109 2797 1253 2880 proinde
1268 2799 1381 2880 potest
1396 2793 1552 2859 definiri:

377 2932 393 2966 a
422 2907 655 2972 Determinata
677 2906 821 2989 alicujus
849 2906 1004 2970 dioecesis
1023 2905 1165 2971 ecclesia
1187 2905 1387 2970 auctoritate
1411 2901 1554 2967 Romani

377 3013 548 3080 Pontltlcis
570 3012 627 3078 vel
653 3013 802 3097 episcopi
829 3013 1018 3096 designata,
1048 3033 1124 3098 quae
1150 3011 1315 3097 populum
1337 3013 1428 3075 intra
1443 3013 1554 3074 certos

375 3121 501 3186 limites
527 3121 687 3186 territorii
701 3121 966 3205 circumseptum
979 3121 1093 3197 habet,
1114 3127 1148 3186 et
1168 3139 1229 3204 per
1242 3120 1480 3204 presbyterum
1493 3135 1554 3180 seu

375 3235 544 3296 rectorem
558 3227 730 3294 exclusive
747 3233 838 3293 etex
853 3229 964 3294 olsscio
980 3228 1246 3294 administratur.
1267 3254 1282 3286 s

415 3336 675 3404 protocrinii
694 3341 861 3403 vocantur
869 3337 1018 3423 plebani,
1037 3338 1094 3422 qui
1109 3355 1227 3402 curam
1246 3339 1438 3402 animarum
1459 3357 1553 3402 exer-

375 3453 454 3512 cent
477 3447 512 3510 in
527 3446 699 3530 plebanis,
718 3466 780 3513 sen
796 3447 859 3512 sub
883 3466 920 3510 se
945 3447 1073 3511 babent
1096 3445 1212 3529 plures
1236 3446 1411 3522 ecclesias,
1428 3465 1552 3530 nempe

374 3555 489 3640 plures
502 3556 669 3638 parochos
688 3557 789 3620 unius
807 3554 927 3638 plebis.
944 3553 1008 3617 Alii
1029 3555 1188 3618 dicuntur
1201 3560 1362 3632 rectores,
1381 3555 1551 3638 quiscum

374 3681 456 3730 cura
479 3669 604 3746 regunt
626 3663 802 3749 populum.
821 3663 886 3728 Sed
907 3663 1022 3728 miuus
1046 3664 1182 3747 proprie
1205 3663 1458 3746 appellarentur
1477 3681 1552 3746 pas·

375 3778 482 3852 tores,
503 3791 584 3840 nam
612 3793 681 3839 vox
704 3772 762 3838 illa
787 3771 950 3856 importat
976 3789 1096 3836 veram
1121 3771 1395 3854 jurisdictionem
1418 3771 1454 3834 in
1476 3771 1551 3836 foro

375 3886 517 3946 externo
540 3885 574 3946 et
587 3885 795 3964 potestatem
816 3877 1060 3961 legislativam;
1085 3879 1177 3943 unde
1202 3879 1236 3942 in
1261 3879 1463 3962 antiquitate
1487 3877 1552 3943 hoc

374 3989 514 4054 nomine
530 3987 797 4069 designabantur
810 3985 874 4050 soli
886 3986 1046 4069 episcopi.

415 4095 454 4159 ll.
468 4096 570 4180 Oripo
574 4095 818 4180 parochiarum
830 4103 863 4158 ct
873 4093 1110 4179 parochorum.
1120 4131 1159 4140 —
1168 4095 1200 4177 a)
1212 4093 1249 4158 ln
1260 4095 1430 4178 prioribus
1440 4091 1551 4158 Eccle-

375 4204 433 4269 siae
450 4203 595 4280 saeoulis,
613 4223 734 4269 omnes
755 4202 874 4266 fideles
895 4203 996 4266 unius
1018 4201 1166 4266 dioeccsis
1187 4202 1277 4286 apud
1299 4221 1401 4266 suum
1423 4203 1549 4285 episco-

373 4331 457 4394 pum
471 4312 722 4378 conveniebant
734 4312 777 4377 ad
788 4310 1027 4376 celebrandam
1041 4310 1224 4392 liturgiam.
1238 4311 1422 4394 Episcopus
1434 4315 1550 4374 tamen

374 4420 557 4504 impeditus
572 4421 615 4486 ad
636 4419 821 4504 explendas
837 4421 928 4484 vices
944 4439 1023 4484 suas
1038 4419 1188 4504 aliquem
1212 4419 1425 4486 sacerdotem
1447 4418 1551 4502 depu-

374 4529 477 4606 tabat,
492 4547 563 4595 non
576 4548 659 4594 vero
674 4548 736 4612 per
748 4527 891 4594 modum
906 4527 1036 4593 stabilis
1049 4527 1162 4592 olssoii.

414 4637 480 4700 Sed
495 4647 538 4700 1v⁰
550 4637 683 4702 circiter
696 4635 833 4715 saeculo,
843 4641 984 4718 propter
998 4653 1181 4700 numerum
1195 4635 1348 4700 fidelium
1363 4623 1403 4700 et
1413 4637 1549 4717 exigen-
