<?xml version="1.0" encoding="UTF-8"?>
<!DOCTYPE html PUBLIC "-//W3C//DTD XHTML 1.0 Transitional//EN"
    "http://www.w3.org/TR/xhtml1/DTD/xhtml1-transitional.dtd">
<html xmlns="http://www.w3.org/1999/xhtml" xml:lang="en" lang="en">
 <head>
  <title>
</title>
<meta http-equiv="Content-Type" content="text/html;charset=utf-8" />
  <meta name='ocr-system' content='tesseract 3.04.00' />
  <meta name='ocr-capabilities' content='ocr_page ocr_carea ocr_par ocr_line ocrx_word'/>
</head>
<body>
  <div class='ocr_page' id='page_1' title='image "./juscanonicumjux00grangoog_0379.png"; bbox 0 0 3504 5572; ppageno 0'>
   <div class='ocr_carea' id='block_1_1' title="bbox 573 556 1403 632">
    <p class='ocr_par' dir='ltr' id='par_1_1' title="bbox 573 556 1403 632">
     <span class='ocr_line' id='line_1_1' title="bbox 573 556 1403 632; baseline -0.002 -1"><span class='ocrx_word' id='word_1_1' title='bbox 573 581 659 632; x_wconf 79' lang='lat' dir='ltr'>arnse</span> <span class='ocrx_word' id='word_1_2' title='bbox 681 556 810 632; x_wconf 75' lang='lat' dir='ltr'>renisus</span> <span class='ocrx_word' id='word_1_3' title='bbox 831 581 1052 632; x_wconf 83' lang='lat' dir='ltr'>oscasmucu.</span> <span class='ocrx_word' id='word_1_4' title='bbox 1345 565 1403 631; x_wconf 76' lang='grc'>367·</span> 
     </span>
    </p>
   </div>
   <div class='ocr_carea' id='block_1_2' title="bbox 209 701 1449 2084">
    <p class='ocr_par' dir='ltr' id='par_1_2' title="bbox 209 701 1449 1646">
     <span class='ocr_line' id='line_1_2' title="bbox 224 701 1405 787; baseline -0.001 -22"><span class='ocrx_word' id='word_1_5' title='bbox 224 701 271 766; x_wconf 88' lang='lat' dir='ltr'>De</span> <span class='ocrx_word' id='word_1_6' title='bbox 284 702 435 783; x_wconf 78' lang='lat' dir='ltr'>Angelis,</span> <span class='ocrx_word' id='word_1_7' title='bbox 452 703 511 787; x_wconf 86' lang='lat' dir='ltr'>qui</span> <span class='ocrx_word' id='word_1_8' title='bbox 526 702 569 767; x_wconf 87' lang='lat' dir='ltr'>de</span> <span class='ocrx_word' id='word_1_9' title='bbox 584 702 643 767; x_wconf 88' lang='lat' dir='ltr'>illa</span> <span class='ocrx_word' id='word_1_10' title='bbox 653 703 765 768; x_wconf 82' lang='lat' dir='ltr'>fusius</span> <span class='ocrx_word' id='word_1_11' title='bbox 784 703 856 784; x_wconf 89' lang='lat' dir='ltr'>agit</span> <span class='ocrx_word' id='word_1_12' title='bbox 869 703 946 767; x_wconf 93' lang='lat' dir='ltr'>inh.</span> <span class='ocrx_word' id='word_1_13' title='bbox 966 707 989 766; x_wconf 93' lang='lat' dir='ltr'>t.</span> <span class='ocrx_word' id='word_1_14' title='bbox 1002 721 1036 766; x_wconf 89' lang='lat' dir='ltr'>n.</span> <span class='ocrx_word' id='word_1_15' title='bbox 1052 701 1312 786; x_wconf 77' lang='lat' dir='ltr'>t.)5·l)enique,</span> <span class='ocrx_word' id='word_1_16' title='bbox 1329 701 1405 766; x_wconf 87' lang='lat' dir='ltr'>reli-</span> 
     </span>
     <span class='ocr_line' id='line_1_3' title="bbox 223 810 1406 895; baseline -0.003 -20"><span class='ocrx_word' id='word_1_17' title='bbox 223 810 311 891; x_wconf 83' lang='lat' dir='ltr'>giosi</span> <span class='ocrx_word' id='word_1_18' title='bbox 324 810 470 894; x_wconf 73' lang='lat' dir='ltr'>professi</span> <span class='ocrx_word' id='word_1_19' title='bbox 484 815 663 895; x_wconf 89' lang='lat' dir='ltr'>nequeunt</span> <span class='ocrx_word' id='word_1_20' title='bbox 677 815 884 876; x_wconf 83' lang='lat' dir='ltr'>testamenta</span> <span class='ocrx_word' id='word_1_21' title='bbox 906 811 1066 887; x_wconf 88' lang='lat' dir='ltr'>condere,</span> <span class='ocrx_word' id='word_1_22' title='bbox 1084 829 1127 874; x_wconf 86' lang='lat' dir='ltr'>ex</span> <span class='ocrx_word' id='word_1_23' title='bbox 1141 827 1170 875; x_wconf 89' lang='lat' dir='ltr'>c.</span> <span class='ocrx_word' id='word_1_24' title='bbox 1186 810 1252 876; x_wconf 70' lang='lat' dir='ltr'>th.</span> <span class='ocrx_word' id='word_1_25' title='bbox 1269 814 1309 886; x_wconf 91' lang='lat' dir='ltr'>t.;</span> <span class='ocrx_word' id='word_1_26' title='bbox 1325 815 1406 874; x_wconf 90' lang='lat' dir='ltr'>sunt</span> 
     </span>
     <span class='ocr_line' id='line_1_4' title="bbox 209 917 1449 1002; baseline -0.002 -20"><span class='ocrx_word' id='word_1_27' title='bbox 209 917 316 997; x_wconf 53' lang='lat' dir='ltr'>‚enim</span> <span class='ocrx_word' id='word_1_28' title='bbox 332 918 521 1002; x_wconf 70' lang='lat' dir='ltr'>incapaces,</span> <span class='ocrx_word' id='word_1_29' title='bbox 539 923 613 982; x_wconf 90' lang='lat' dir='ltr'>tum</span> <span class='ocrx_word' id='word_1_30' title='bbox 626 923 766 1002; x_wconf 86' lang='lat' dir='ltr'>propter</span> <span class='ocrx_word' id='word_1_31' title='bbox 782 924 940 984; x_wconf 85' lang='lat' dir='ltr'>naturam</span> <span class='ocrx_word' id='word_1_32' title='bbox 955 918 1169 994; x_wconf 79' lang='lat' dir='ltr'>obedientiae,</span> <span class='ocrx_word' id='word_1_33' title='bbox 1185 922 1406 1001; x_wconf 89' lang='lat' dir='ltr'>tumpropter</span> <span class='ocrx_word' id='word_1_34' title='bbox 1446 991 1449 998; x_wconf 43' lang='grc'>,</span> 
     </span>
     <span class='ocr_line' id='line_1_5' title="bbox 222 1025 1404 1112; baseline -0.002 -22"><span class='ocrx_word' id='word_1_35' title='bbox 222 1031 344 1090; x_wconf 90' lang='lat' dir='ltr'>votum</span> <span class='ocrx_word' id='word_1_36' title='bbox 366 1026 593 1110; x_wconf 85' lang='lat' dir='ltr'>paupertatis;</span> <span class='ocrx_word' id='word_1_37' title='bbox 613 1025 744 1092; x_wconf 92' lang='lat' dir='ltr'>nullam</span> <span class='ocrx_word' id='word_1_38' title='bbox 766 1027 896 1092; x_wconf 89' lang='lat' dir='ltr'>babent</span> <span class='ocrx_word' id='word_1_39' title='bbox 910 1027 1084 1112; x_wconf 86' lang='lat' dir='ltr'>propriam</span> <span class='ocrx_word' id='word_1_40' title='bbox 1104 1025 1330 1102; x_wconf 88' lang='lat' dir='ltr'>voluntatem,</span> <span class='ocrx_word' id='word_1_41' title='bbox 1347 1043 1404 1089; x_wconf 89' lang='lat' dir='ltr'>ne-</span> 
     </span>
     <span class='ocr_line' id='line_1_6' title="bbox 224 1133 1404 1219; baseline -0.001 -21"><span class='ocrx_word' id='word_1_42' title='bbox 224 1153 290 1216; x_wconf 89' lang='lat' dir='ltr'>que</span> <span class='ocrx_word' id='word_1_43' title='bbox 307 1133 436 1199; x_wconf 88' lang='lat' dir='ltr'>babent</span> <span class='ocrx_word' id='word_1_44' title='bbox 459 1135 499 1198; x_wconf 91' lang='lat' dir='ltr'>de</span> <span class='ocrx_word' id='word_1_45' title='bbox 521 1153 589 1218; x_wconf 89' lang='lat' dir='ltr'>quo</span> <span class='ocrx_word' id='word_1_46' title='bbox 612 1139 789 1199; x_wconf 75' lang='lat' dir='ltr'>testentur.</span> <span class='ocrx_word' id='word_1_47' title='bbox 806 1134 878 1200; x_wconf 93' lang='lat' dir='ltr'>lmo</span> <span class='ocrx_word' id='word_1_48' title='bbox 897 1135 1049 1217; x_wconf 79' lang='lat' dir='ltr'>religiosi</span> <span class='ocrx_word' id='word_1_49' title='bbox 1069 1139 1248 1219; x_wconf 87' lang='lat' dir='ltr'>nequeunt</span> <span class='ocrx_word' id='word_1_50' title='bbox 1269 1139 1404 1198; x_wconf 86' lang='lat' dir='ltr'>mutare</span> 
     </span>
     <span class='ocr_line' id='line_1_7' title="bbox 223 1241 1414 1327; baseline -0.001 -21"><span class='ocrx_word' id='word_1_51' title='bbox 223 1243 463 1326; x_wconf 88' lang='lat' dir='ltr'>dispositiones</span> <span class='ocrx_word' id='word_1_52' title='bbox 491 1243 688 1308; x_wconf 76' lang='lat' dir='ltr'>testamenti</span> <span class='ocrx_word' id='word_1_53' title='bbox 717 1249 796 1308; x_wconf 87' lang='lat' dir='ltr'>ente</span> <span class='ocrx_word' id='word_1_54' title='bbox 822 1244 1073 1327; x_wconf 78' lang='lat' dir='ltr'>professionem</span> <span class='ocrx_word' id='word_1_55' title='bbox 1100 1241 1296 1324; x_wconf 76' lang='lat' dir='ltr'>religiosam</span> <span class='ocrx_word' id='word_1_56' title='bbox 1325 1243 1414 1306; x_wconf 60' lang='lat' dir='ltr'>iacti*</span> 
     </span>
     <span class='ocr_line' id='line_1_8' title="bbox 224 1349 1405 1435; baseline -0.001 -20"><span class='ocrx_word' id='word_1_57' title='bbox 224 1351 267 1434; x_wconf 81' lang='lat' dir='ltr'>(S.</span> <span class='ocrx_word' id='word_1_58' title='bbox 281 1350 403 1434; x_wconf 85' lang='lat' dir='ltr'>Congr.</span> <span class='ocrx_word' id='word_1_59' title='bbox 416 1351 515 1416; x_wconf 89' lang='lat' dir='ltr'>Gonc.</span> <span class='ocrx_word' id='word_1_60' title='bbox 528 1353 546 1414; x_wconf 78' lang='lat'><strong>7</strong></span> <span class='ocrx_word' id='word_1_61' title='bbox 557 1352 639 1416; x_wconf 86' lang='lat' dir='ltr'>maii</span> <span class='ocrx_word' id='word_1_62' title='bbox 649 1353 750 1435; x_wconf 76' lang='grc'>1118).</span> <span class='ocrx_word' id='word_1_63' title='bbox 761 1352 838 1418; x_wconf 83' lang='lat' dir='ltr'>llaec</span> <span class='ocrx_word' id='word_1_64' title='bbox 854 1357 970 1418; x_wconf 85' lang='lat' dir='ltr'>tamen</span> <span class='ocrx_word' id='word_1_65' title='bbox 982 1350 1297 1432; x_wconf 77' lang='lat' dir='ltr'>suntintstligsnrla</span> <span class='ocrx_word' id='word_1_66' title='bbox 1308 1349 1352 1414; x_wconf 73' lang='lat' dir='ltr'>(le</span> <span class='ocrx_word' id='word_1_67' title='bbox 1362 1349 1405 1414; x_wconf 78' lang='lat' dir='ltr'>irs</span> 
     </span>
     <span class='ocr_line' id='line_1_9' title="bbox 223 1457 1405 1544; baseline 0 -20"><span class='ocrx_word' id='word_1_68' title='bbox 223 1460 282 1543; x_wconf 89' lang='lat' dir='ltr'>qui</span> <span class='ocrx_word' id='word_1_69' title='bbox 300 1463 382 1525; x_wconf 87' lang='lat' dir='ltr'>vota</span> <span class='ocrx_word' id='word_1_70' title='bbox 401 1457 568 1525; x_wconf 90' lang='lat' dir='ltr'>solemnia</span> <span class='ocrx_word' id='word_1_71' title='bbox 589 1461 761 1538; x_wconf 90' lang='lat' dir='ltr'>emittunt,</span> <span class='ocrx_word' id='word_1_72' title='bbox 778 1478 849 1525; x_wconf 91' lang='lat' dir='ltr'>non</span> <span class='ocrx_word' id='word_1_73' title='bbox 864 1479 948 1526; x_wconf 91' lang='lat' dir='ltr'>vero</span> <span class='ocrx_word' id='word_1_74' title='bbox 960 1460 1003 1525; x_wconf 87' lang='lat' dir='ltr'>de</span> <span class='ocrx_word' id='word_1_75' title='bbox 1015 1460 1057 1524; x_wconf 90' lang='lat' dir='ltr'>iis</span> <span class='ocrx_word' id='word_1_76' title='bbox 1073 1460 1131 1544; x_wconf 86' lang='lat' dir='ltr'>qui</span> <span class='ocrx_word' id='word_1_77' title='bbox 1143 1463 1225 1525; x_wconf 84' lang='lat' dir='ltr'>vota</span> <span class='ocrx_word' id='word_1_78' title='bbox 1239 1457 1405 1542; x_wconf 87' lang='lat' dir='ltr'>simplicio</span> 
     </span>
     <span class='ocr_line' id='line_1_10' title="bbox 221 1567 1171 1646; baseline 0 -14"><span class='ocrx_word' id='word_1_79' title='bbox 221 1573 358 1634; x_wconf 88' lang='lat' dir='ltr'>tantum</span> <span class='ocrx_word' id='word_1_80' title='bbox 371 1568 512 1646; x_wconf 86' lang='lat' dir='ltr'>faciunt,</span> <span class='ocrx_word' id='word_1_81' title='bbox 528 1585 608 1634; x_wconf 90' lang='lat' dir='ltr'>cum</span> <span class='ocrx_word' id='word_1_82' title='bbox 623 1569 814 1633; x_wconf 90' lang='lat' dir='ltr'>dominium</span> <span class='ocrx_word' id='word_1_83' title='bbox 828 1567 974 1634; x_wconf 85' lang='lat' dir='ltr'>radicale</span> <span class='ocrx_word' id='word_1_84' title='bbox 989 1569 1171 1633; x_wconf 79' lang='lat' dir='ltr'>retineant.</span> 
     </span>
    </p>

    <p class='ocr_par' dir='ltr' id='par_1_3' title="bbox 220 1675 1405 2084">
     <span class='ocr_line' id='line_1_11' title="bbox 263 1675 1402 1761; baseline -0.001 -19"><span class='ocrx_word' id='word_1_85' title='bbox 263 1678 290 1759; x_wconf 83' lang='lat' dir='ltr'>c)</span> <span class='ocrx_word' id='word_1_86' title='bbox 303 1677 481 1754; x_wconf 79' lang='lat' dir='ltr'>Quaeritur,</span> <span class='ocrx_word' id='word_1_87' title='bbox 498 1695 543 1742; x_wconf 85' lang='lat' dir='ltr'>sn</span> <span class='ocrx_word' id='word_1_88' title='bbox 556 1678 681 1760; x_wconf 88' lang='lat' dir='ltr'>dejure</span> <span class='ocrx_word' id='word_1_89' title='bbox 690 1675 836 1742; x_wconf 86' lang='lat' dir='ltr'>naturali</span> <span class='ocrx_word' id='word_1_90' title='bbox 850 1677 995 1761; x_wconf 88' lang='lat' dir='ltr'>incapax</span> <span class='ocrx_word' id='word_1_91' title='bbox 1007 1678 1051 1742; x_wconf 89' lang='lat' dir='ltr'>ad</span> <span class='ocrx_word' id='word_1_92' title='bbox 1067 1678 1274 1756; x_wconf 85' lang='lat' dir='ltr'>testandum,</span> <span class='ocrx_word' id='word_1_93' title='bbox 1287 1676 1402 1742; x_wconf 90' lang='lat' dir='ltr'>testari</span> 
     </span>
     <span class='ocr_line' id='line_1_12' title="bbox 222 1784 1402 1870; baseline -0.003 -20"><span class='ocrx_word' id='word_1_94' title='bbox 222 1786 331 1868; x_wconf 88' lang='lat' dir='ltr'>possit</span> <span class='ocrx_word' id='word_1_95' title='bbox 341 1784 463 1850; x_wconf 87' lang='lat' dir='ltr'>saltem</span> <span class='ocrx_word' id='word_1_96' title='bbox 473 1785 522 1849; x_wconf 84' lang='lat' dir='ltr'>ad</span> <span class='ocrx_word' id='word_1_97' title='bbox 523 1785 603 1870; x_wconf 79' lang='lat' dir='ltr'>pias</span> <span class='ocrx_word' id='word_1_98' title='bbox 613 1785 1321 1869; x_wconf 79' lang='lat' dir='ltr'>causas?ltuplexbsbetursententisapud</span> <span class='ocrx_word' id='word_1_99' title='bbox 1331 1784 1402 1849; x_wconf 83' lang='lat' dir='ltr'>GC.:</span> 
     </span>
     <span class='ocr_line' id='line_1_13' title="bbox 221 1891 1404 1976; baseline 0 -20"><span class='ocrx_word' id='word_1_100' title='bbox 221 1893 336 1958; x_wconf 88' lang='lat' dir='ltr'>verior</span> <span class='ocrx_word' id='word_1_101' title='bbox 346 1897 460 1974; x_wconf 88' lang='lat' dir='ltr'>negat,</span> <span class='ocrx_word' id='word_1_102' title='bbox 474 1892 554 1976; x_wconf 85' lang='lat' dir='ltr'>quia</span> <span class='ocrx_word' id='word_1_103' title='bbox 566 1892 710 1958; x_wconf 69' lang='lat' dir='ltr'>facultas</span> <span class='ocrx_word' id='word_1_104' title='bbox 718 1892 777 1958; x_wconf 84' lang='lat' dir='ltr'>ills</span> <span class='ocrx_word' id='word_1_105' title='bbox 785 1893 1002 1976; x_wconf 86' lang='lat' dir='ltr'>incapacibus</span> <span class='ocrx_word' id='word_1_106' title='bbox 1017 1892 1060 1958; x_wconf 91' lang='lat' dir='ltr'>ad</span> <span class='ocrx_word' id='word_1_107' title='bbox 1075 1894 1272 1958; x_wconf 85' lang='lat' dir='ltr'>testandum</span> <span class='ocrx_word' id='word_1_108' title='bbox 1285 1891 1404 1957; x_wconf 89' lang='lat' dir='ltr'>nullibi</span> 
     </span>
     <span class='ocr_line' id='line_1_14' title="bbox 220 2001 1405 2084; baseline 0.001 -20"><span class='ocrx_word' id='word_1_109' title='bbox 220 2002 379 2066; x_wconf 88' lang='lat' dir='ltr'>restituta</span> <span class='ocrx_word' id='word_1_110' title='bbox 393 2005 446 2065; x_wconf 86' lang='lat' dir='ltr'>est</span> <span class='ocrx_word' id='word_1_111' title='bbox 456 2003 534 2084; x_wconf 84' lang='lat' dir='ltr'>jure</span> <span class='ocrx_word' id='word_1_112' title='bbox 550 2001 729 2078; x_wconf 87' lang='lat' dir='ltr'>canonico;</span> <span class='ocrx_word' id='word_1_113' title='bbox 745 2001 816 2067; x_wconf 92' lang='lat' dir='ltr'>imo</span> <span class='ocrx_word' id='word_1_114' title='bbox 836 2002 950 2084; x_wconf 91' lang='lat' dir='ltr'>potius</span> <span class='ocrx_word' id='word_1_115' title='bbox 969 2002 1018 2066; x_wconf 87' lang='lat' dir='ltr'>eis</span> <span class='ocrx_word' id='word_1_116' title='bbox 1032 2001 1223 2084; x_wconf 88' lang='lat' dir='ltr'>denegatur</span> <span class='ocrx_word' id='word_1_117' title='bbox 1240 2003 1275 2066; x_wconf 92' lang='lat' dir='ltr'>in</span> <span class='ocrx_word' id='word_1_118' title='bbox 1295 2020 1368 2084; x_wconf 86' lang='lat' dir='ltr'>cop.</span> <span class='ocrx_word' id='word_1_119' title='bbox 1384 2001 1405 2065; x_wconf 80' lang='grc'>1</span> 
     </span>
    </p>
   </div>
   <div class='ocr_carea' id='block_1_3' title="bbox 89 2103 535 2196">
    <p class='ocr_par' dir='ltr' id='par_1_4' title="bbox 89 2103 535 2196">
     <span class='ocr_line' id='line_1_15' title="bbox 89 2103 535 2196; baseline 0.009 -30"><span class='ocrx_word' id='word_1_120' title='bbox 89 2187 95 2196; x_wconf 33' lang='grc'>,</span> <span class='ocrx_word' id='word_1_121' title='bbox 221 2103 535 2188; x_wconf 59' lang='lat' dir='ltr'>respuimus.</span> 
     </span>
    </p>
   </div>
   <div class='ocr_carea' id='block_1_4' title="bbox 583 2284 1039 2341">
    <p class='ocr_par' dir='ltr' id='par_1_5' title="bbox 583 2284 1039 2341">
     <span class='ocr_line' id='line_1_16' title="bbox 583 2284 1039 2341; baseline 0.002 -4"><span class='ocrx_word' id='word_1_122' title='bbox 583 2285 615 2338; x_wconf 88' lang='lat'>11.</span> <span class='ocrx_word' id='word_1_123' title='bbox 632 2287 672 2338; x_wconf 88' lang='lat' dir='ltr'>De</span> <span class='ocrx_word' id='word_1_124' title='bbox 687 2284 779 2339; x_wconf 85' lang='lat' dir='ltr'>forms</span> <span class='ocrx_word' id='word_1_125' title='bbox 792 2287 1039 2341; x_wconf 72' lang='lat' dir='ltr'>testamentorum.</span> 
     </span>
    </p>
   </div>
   <div class='ocr_carea' id='block_1_5' title="bbox 214 2427 1404 4794">
    <p class='ocr_par' dir='ltr' id='par_1_6' title="bbox 220 2427 1404 2846">
     <span class='ocr_line' id='line_1_17' title="bbox 262 2427 1403 2516; baseline 0 -20"><span class='ocrx_word' id='word_1_126' title='bbox 262 2433 295 2515; x_wconf 82' lang='lat' dir='ltr'>u)</span> <span class='ocrx_word' id='word_1_127' title='bbox 310 2427 501 2497; x_wconf 71' lang='lat' dir='ltr'>canonista</span> <span class='ocrx_word' id='word_1_128' title='bbox 520 2431 596 2496; x_wconf 89' lang='lat' dir='ltr'>fuse</span> <span class='ocrx_word' id='word_1_129' title='bbox 621 2431 798 2516; x_wconf 87' lang='lat' dir='ltr'>disputant</span> <span class='ocrx_word' id='word_1_130' title='bbox 817 2433 859 2498; x_wconf 89' lang='lat' dir='ltr'>de</span> <span class='ocrx_word' id='word_1_131' title='bbox 882 2433 995 2498; x_wconf 85' lang='lat' dir='ltr'>forma</span> <span class='ocrx_word' id='word_1_132' title='bbox 1016 2431 1190 2498; x_wconf 87' lang='lat' dir='ltr'>variarum</span> <span class='ocrx_word' id='word_1_133' title='bbox 1212 2431 1403 2516; x_wconf 77' lang='lat' dir='ltr'>specierum</span> 
     </span>
     <span class='ocr_line' id='line_1_18' title="bbox 221 2542 1402 2626; baseline 0.002 -22"><span class='ocrx_word' id='word_1_134' title='bbox 221 2542 429 2618; x_wconf 84' lang='lat' dir='ltr'>testamenti,</span> <span class='ocrx_word' id='word_1_135' title='bbox 441 2543 542 2624; x_wconf 85' lang='lat' dir='ltr'>juxta</span> <span class='ocrx_word' id='word_1_136' title='bbox 555 2543 849 2626; x_wconf 85' lang='lat' dir='ltr'>praescn&#39;ptionem</span> <span class='ocrx_word' id='word_1_137' title='bbox 859 2543 947 2626; x_wconf 76' lang='lat' dir='ltr'>Juris</span> <span class='ocrx_word' id='word_1_138' title='bbox 959 2542 1120 2618; x_wconf 82' lang='lat' dir='ltr'>Romani3</span> <span class='ocrx_word' id='word_1_139' title='bbox 1135 2542 1402 2626; x_wconf 81' lang='lat' dir='ltr'>hicpraetermit-</span> 
     </span>
     <span class='ocr_line' id='line_1_19' title="bbox 220 2649 1404 2736; baseline 0.001 -24"><span class='ocrx_word' id='word_1_140' title='bbox 220 2655 340 2716; x_wconf 88' lang='lat' dir='ltr'>tuntur</span> <span class='ocrx_word' id='word_1_141' title='bbox 354 2651 525 2734; x_wconf 78' lang='lat' dir='ltr'>eJusmodi</span> <span class='ocrx_word' id='word_1_142' title='bbox 537 2651 796 2734; x_wconf 86' lang='lat' dir='ltr'>disputationes,</span> <span class='ocrx_word' id='word_1_143' title='bbox 808 2652 888 2736; x_wconf 88' lang='lat' dir='ltr'>quia</span> <span class='ocrx_word' id='word_1_144' title='bbox 899 2651 973 2716; x_wconf 85' lang='lat' dir='ltr'>istae</span> <span class='ocrx_word' id='word_1_145' title='bbox 989 2649 1223 2716; x_wconf 86' lang='lat' dir='ltr'>solemnitates</span> <span class='ocrx_word' id='word_1_146' title='bbox 1237 2669 1306 2716; x_wconf 91' lang='lat' dir='ltr'>non</span> <span class='ocrx_word' id='word_1_147' title='bbox 1323 2655 1404 2714; x_wconf 92' lang='lat' dir='ltr'>sunt</span> 
     </span>
     <span class='ocr_line' id='line_1_20' title="bbox 220 2757 506 2846; baseline -0.007 -22"><span class='ocrx_word' id='word_1_148' title='bbox 220 2757 366 2846; x_wconf 82' lang='lat' dir='ltr'>arnplius</span> <span class='ocrx_word' id='word_1_149' title='bbox 380 2758 416 2823; x_wconf 91' lang='lat' dir='ltr'>in</span> <span class='ocrx_word' id='word_1_150' title='bbox 430 2777 506 2822; x_wconf 89' lang='lat' dir='ltr'>usu.</span> 
     </span>
    </p>

    <p class='ocr_par' dir='ltr' id='par_1_7' title="bbox 217 2867 1402 3820">
     <span class='ocr_line' id='line_1_21' title="bbox 260 2867 1402 2952; baseline 0.001 -22"><span class='ocrx_word' id='word_1_151' title='bbox 260 2867 289 2949; x_wconf 80' lang='lat' dir='ltr'>b)</span> <span class='ocrx_word' id='word_1_152' title='bbox 302 2867 350 2932; x_wconf 88' lang='lat' dir='ltr'>De</span> <span class='ocrx_word' id='word_1_153' title='bbox 361 2868 440 2950; x_wconf 90' lang='lat' dir='ltr'>jure</span> <span class='ocrx_word' id='word_1_154' title='bbox 459 2867 636 2944; x_wconf 85' lang='lat' dir='ltr'>canonico,</span> <span class='ocrx_word' id='word_1_155' title='bbox 654 2869 685 2932; x_wconf 68' lang='grc' dir='ltr'>1ο</span> <span class='ocrx_word' id='word_1_156' title='bbox 702 2886 745 2932; x_wconf 81' lang='lat' dir='ltr'>ex</span> <span class='ocrx_word' id='word_1_157' title='bbox 759 2887 832 2952; x_wconf 85' lang='lat' dir='ltr'>cap.</span> <span class='ocrx_word' id='word_1_158' title='bbox 852 2869 891 2933; x_wconf 88' lang='lat' dir='ltr'>to</span> <span class='ocrx_word' id='word_1_159' title='bbox 903 2869 937 2932; x_wconf 91' lang='lat' dir='ltr'>h.</span> <span class='ocrx_word' id='word_1_160' title='bbox 954 2873 992 2946; x_wconf 88' lang='lat' dir='ltr'>t.,</span> <span class='ocrx_word' id='word_1_161' title='bbox 1006 2869 1051 2933; x_wconf 89' lang='lat' dir='ltr'>ad</span> <span class='ocrx_word' id='word_1_162' title='bbox 1064 2867 1319 2934; x_wconf 88' lang='lat' dir='ltr'>solemnitatem</span> <span class='ocrx_word' id='word_1_163' title='bbox 1334 2872 1402 2931; x_wconf 89' lang='lat' dir='ltr'>tes-</span> 
     </span>
     <span class='ocr_line' id='line_1_22' title="bbox 220 2957 1402 3061; baseline -0.003 -19"><span class='ocrx_word' id='word_1_164' title='bbox 220 2975 362 3042; x_wconf 82' lang='lat' dir='ltr'>tamenti</span> <span class='ocrx_word' id='word_1_165' title='bbox 379 2995 451 3042; x_wconf 90' lang='lat' dir='ltr'>non</span> <span class='ocrx_word' id='word_1_166' title='bbox 467 2975 545 3060; x_wconf 87' lang='lat' dir='ltr'>plus</span> <span class='ocrx_word' id='word_1_167' title='bbox 558 2977 754 3060; x_wconf 86' lang='lat' dir='ltr'>requiritur,</span> <span class='ocrx_word' id='word_1_168' title='bbox 770 2978 837 3040; x_wconf 90' lang='lat' dir='ltr'>nisi</span> <span class='ocrx_word' id='word_1_169' title='bbox 855 2977 1039 3060; x_wconf 84' lang='lat' dir='ltr'>praesentia</span> <span class='ocrx_word' id='word_1_170' title='bbox 1051 2977 1190 3061; x_wconf 88' lang='lat' dir='ltr'>parochi</span> <span class='ocrx_word' id='word_1_171' title='bbox 1205 2980 1241 3041; x_wconf 92' lang='lat' dir='ltr'>et</span> <span class='ocrx_word' id='word_1_172' title='bbox 1255 2957 1402 3040; x_wconf 78' lang='lat' dir='ltr'>duomm</span> 
     </span>
     <span class='ocr_line' id='line_1_23' title="bbox 219 3083 1402 3168; baseline -0.002 -20"><span class='ocrx_word' id='word_1_173' title='bbox 219 3085 360 3149; x_wconf 90' lang='lat' dir='ltr'>testium</span> <span class='ocrx_word' id='word_1_174' title='bbox 375 3085 590 3151; x_wconf 91' lang='lat' dir='ltr'>idoneorum.</span> <span class='ocrx_word' id='word_1_175' title='bbox 603 3086 636 3149; x_wconf 75' lang='grc'>1·</span> <span class='ocrx_word' id='word_1_176' title='bbox 650 3083 689 3150; x_wconf 93' lang='lat' dir='ltr'>ln</span> <span class='ocrx_word' id='word_1_177' title='bbox 703 3089 910 3151; x_wconf 85' lang='lat' dir='ltr'>testamento</span> <span class='ocrx_word' id='word_1_178' title='bbox 924 3087 968 3152; x_wconf 89' lang='lat' dir='ltr'>ad</span> <span class='ocrx_word' id='word_1_179' title='bbox 985 3103 1107 3151; x_wconf 82' lang='lat' dir='ltr'>causas</span> <span class='ocrx_word' id='word_1_180' title='bbox 1124 3086 1209 3168; x_wconf 83' lang='lat' dir='ltr'>pias,</span> <span class='ocrx_word' id='word_1_181' title='bbox 1228 3085 1402 3150; x_wconf 86' lang='lat' dir='ltr'>sufiiciunt</span> 
     </span>
     <span class='ocr_line' id='line_1_24' title="bbox 220 3193 1401 3280; baseline 0.001 -23"><span class='ocrx_word' id='word_1_182' title='bbox 220 3193 287 3258; x_wconf 88' lang='lat' dir='ltr'>duo</span> <span class='ocrx_word' id='word_1_183' title='bbox 302 3193 435 3259; x_wconf 86' lang='lat' dir='ltr'>veltres</span> <span class='ocrx_word' id='word_1_184' title='bbox 444 3199 562 3274; x_wconf 90' lang='lat' dir='ltr'>testes,</span> <span class='ocrx_word' id='word_1_185' title='bbox 574 3195 633 3280; x_wconf 88' lang='lat' dir='ltr'>qui</span> <span class='ocrx_word' id='word_1_186' title='bbox 644 3213 715 3261; x_wconf 91' lang='lat' dir='ltr'>non</span> <span class='ocrx_word' id='word_1_187' title='bbox 728 3195 848 3262; x_wconf 81' lang='lat' dir='ltr'>lamed</span> <span class='ocrx_word' id='word_1_188' title='bbox 857 3195 1095 3272; x_wconf 84' lang='lat' dir='ltr'>substantiam,</span> <span class='ocrx_word' id='word_1_189' title='bbox 1111 3213 1215 3280; x_wconf 87' lang='lat' dir='ltr'>quam</span> <span class='ocrx_word' id='word_1_190' title='bbox 1227 3194 1270 3259; x_wconf 90' lang='lat' dir='ltr'>ad</span> <span class='ocrx_word' id='word_1_191' title='bbox 1280 3195 1401 3277; x_wconf 89' lang='lat' dir='ltr'>proba-</span> 
     </span>
     <span class='ocr_line' id='line_1_25' title="bbox 219 3301 1399 3389; baseline 0 -25"><span class='ocrx_word' id='word_1_192' title='bbox 219 3301 359 3380; x_wconf 90' lang='lat' dir='ltr'>tionem,</span> <span class='ocrx_word' id='word_1_193' title='bbox 375 3304 598 3386; x_wconf 89' lang='lat' dir='ltr'>requiruntur</span> <span class='ocrx_word' id='word_1_194' title='bbox 611 3306 651 3388; x_wconf 86' lang='lat' dir='ltr'>(c.</span> <span class='ocrx_word' id='word_1_195' title='bbox 669 3305 705 3368; x_wconf 91' lang='grc'>11</span> <span class='ocrx_word' id='word_1_196' title='bbox 726 3305 760 3368; x_wconf 92' lang='lat' dir='ltr'>b.</span> <span class='ocrx_word' id='word_1_197' title='bbox 777 3305 826 3389; x_wconf 84' lang='lat' dir='ltr'>t).</span> <span class='ocrx_word' id='word_1_198' title='bbox 843 3305 941 3370; x_wconf 90' lang='lat' dir='ltr'>Ratio</span> <span class='ocrx_word' id='word_1_199' title='bbox 956 3309 1019 3382; x_wconf 90' lang='lat' dir='ltr'>est,</span> <span class='ocrx_word' id='word_1_200' title='bbox 1037 3304 1118 3389; x_wconf 84' lang='lat' dir='ltr'>quis</span> <span class='ocrx_word' id='word_1_201' title='bbox 1132 3305 1263 3368; x_wconf 91' lang='lat' dir='ltr'>bonum</span> <span class='ocrx_word' id='word_1_202' title='bbox 1276 3302 1399 3366; x_wconf 85' lang='lat' dir='ltr'>snimae</span> 
     </span>
     <span class='ocr_line' id='line_1_26' title="bbox 219 3405 1399 3496; baseline -0.001 -23"><span class='ocrx_word' id='word_1_203' title='bbox 219 3409 462 3475; x_wconf 83' lang='lat' dir='ltr'>subtilitatibus</span> <span class='ocrx_word' id='word_1_204' title='bbox 486 3412 647 3476; x_wconf 87' lang='lat' dir='ltr'>humanis</span> <span class='ocrx_word' id='word_1_205' title='bbox 671 3405 741 3476; x_wconf 89' lang='lat' dir='ltr'>non</span> <span class='ocrx_word' id='word_1_206' title='bbox 769 3411 871 3476; x_wconf 89' lang='lat' dir='ltr'>debet</span> <span class='ocrx_word' id='word_1_207' title='bbox 897 3413 1066 3496; x_wconf 88' lang='lat' dir='ltr'>impediri.</span> <span class='ocrx_word' id='word_1_208' title='bbox 1090 3410 1129 3474; x_wconf 92' lang='lat' dir='ltr'>ln</span> <span class='ocrx_word' id='word_1_209' title='bbox 1156 3412 1233 3476; x_wconf 89' lang='lat' dir='ltr'>hoo</span> <span class='ocrx_word' id='word_1_210' title='bbox 1248 3409 1399 3474; x_wconf 88' lang='lat' dir='ltr'>secundo</span> 
     </span>
     <span class='ocr_line' id='line_1_27' title="bbox 218 3519 1399 3604; baseline -0.002 -22"><span class='ocrx_word' id='word_1_211' title='bbox 218 3535 310 3595; x_wconf 87' lang='lat' dir='ltr'>casu,</span> <span class='ocrx_word' id='word_1_212' title='bbox 323 3521 494 3603; x_wconf 88' lang='lat' dir='ltr'>quumjus</span> <span class='ocrx_word' id='word_1_213' title='bbox 504 3521 708 3584; x_wconf 90' lang='lat' dir='ltr'>canonicum</span> <span class='ocrx_word' id='word_1_214' title='bbox 724 3520 882 3604; x_wconf 89' lang='lat' dir='ltr'>disponat</span> <span class='ocrx_word' id='word_1_215' title='bbox 896 3519 986 3584; x_wconf 85' lang='lat' dir='ltr'>circa</span> <span class='ocrx_word' id='word_1_216' title='bbox 999 3519 1179 3584; x_wconf 88' lang='lat' dir='ltr'>materiam</span> <span class='ocrx_word' id='word_1_217' title='bbox 1195 3537 1238 3582; x_wconf 81' lang='lat' dir='ltr'>ex</span> <span class='ocrx_word' id='word_1_218' title='bbox 1252 3519 1321 3582; x_wconf 91' lang='lat' dir='ltr'>ssne</span> <span class='ocrx_word' id='word_1_219' title='bbox 1337 3535 1399 3581; x_wconf 91' lang='lat' dir='ltr'>suo</span> 
     </span>
     <span class='ocr_line' id='line_1_28' title="bbox 219 3626 1397 3712; baseline 0 -24"><span class='ocrx_word' id='word_1_220' title='bbox 219 3626 442 3708; x_wconf 85' lang='lat' dir='ltr'>spiritualem,</span> <span class='ocrx_word' id='word_1_221' title='bbox 456 3630 532 3711; x_wconf 89' lang='lat' dir='ltr'>ejus</span> <span class='ocrx_word' id='word_1_222' title='bbox 547 3628 757 3712; x_wconf 69' lang='lat' dir='ltr'>praescriptio</span> <span class='ocrx_word' id='word_1_223' title='bbox 771 3629 864 3694; x_wconf 83' lang='lat' dir='ltr'>valet</span> <span class='ocrx_word' id='word_1_224' title='bbox 877 3629 981 3692; x_wconf 87' lang='lat' dir='ltr'>etiam</span> <span class='ocrx_word' id='word_1_225' title='bbox 993 3644 1056 3710; x_wconf 92' lang='lat' dir='ltr'>pro</span> <span class='ocrx_word' id='word_1_226' title='bbox 1070 3628 1145 3693; x_wconf 89' lang='lat' dir='ltr'>foro</span> <span class='ocrx_word' id='word_1_227' title='bbox 1161 3632 1315 3702; x_wconf 87' lang='lat' dir='ltr'>externe,</span> <span class='ocrx_word' id='word_1_228' title='bbox 1327 3641 1397 3688; x_wconf 93' lang='lat' dir='ltr'>non</span> 
     </span>
     <span class='ocr_line' id='line_1_29' title="bbox 217 3734 1227 3820; baseline -0.002 -22"><span class='ocrx_word' id='word_1_229' title='bbox 217 3736 357 3799; x_wconf 86' lang='lat' dir='ltr'>attentis</span> <span class='ocrx_word' id='word_1_230' title='bbox 369 3734 503 3816; x_wconf 86' lang='lat' dir='ltr'>legibus</span> <span class='ocrx_word' id='word_1_231' title='bbox 517 3735 684 3814; x_wconf 85' lang='lat' dir='ltr'>civilibus,</span> <span class='ocrx_word' id='word_1_232' title='bbox 702 3737 731 3800; x_wconf 90' lang='lat' dir='ltr'>si</span> <span class='ocrx_word' id='word_1_233' title='bbox 745 3736 826 3820; x_wconf 89' lang='lat' dir='ltr'>quid</span> <span class='ocrx_word' id='word_1_234' title='bbox 840 3736 1050 3800; x_wconf 83' lang='lat' dir='ltr'>contrarium</span> <span class='ocrx_word' id='word_1_235' title='bbox 1066 3739 1227 3799; x_wconf 87' lang='lat' dir='ltr'>statuant.</span> 
     </span>
    </p>

    <p class='ocr_par' dir='ltr' id='par_1_8' title="bbox 216 3841 1396 4142">
     <span class='ocr_line' id='line_1_30' title="bbox 257 3841 1396 3926; baseline 0.001 -20"><span class='ocrx_word' id='word_1_236' title='bbox 257 3844 284 3924; x_wconf 74' lang='lat' dir='ltr'>et</span> <span class='ocrx_word' id='word_1_237' title='bbox 295 3841 333 3906; x_wconf 96' lang='lat' dir='ltr'>ln</span> <span class='ocrx_word' id='word_1_238' title='bbox 341 3841 517 3925; x_wconf 87' lang='lat' dir='ltr'>jurecivili</span> <span class='ocrx_word' id='word_1_239' title='bbox 533 3843 668 3919; x_wconf 89' lang='lat' dir='ltr'>Gallico,</span> <span class='ocrx_word' id='word_1_240' title='bbox 683 3845 771 3907; x_wconf 89' lang='lat' dir='ltr'>sicut</span> <span class='ocrx_word' id='word_1_241' title='bbox 784 3845 819 3906; x_wconf 97' lang='lat' dir='ltr'>in</span> <span class='ocrx_word' id='word_1_242' title='bbox 831 3845 909 3926; x_wconf 89' lang='lat' dir='ltr'>jure</span> <span class='ocrx_word' id='word_1_243' title='bbox 924 3842 1090 3918; x_wconf 88' lang='lat' dir='ltr'>Romano,</span> <span class='ocrx_word' id='word_1_244' title='bbox 1101 3843 1196 3907; x_wconf 86' lang='lat' dir='ltr'>varia</span> <span class='ocrx_word' id='word_1_245' title='bbox 1210 3847 1263 3906; x_wconf 91' lang='lat' dir='ltr'>est</span> <span class='ocrx_word' id='word_1_246' title='bbox 1276 3844 1396 3918; x_wconf 88' lang='lat' dir='ltr'>forma,</span> 
     </span>
     <span class='ocr_line' id='line_1_31' title="bbox 216 3949 1396 4034; baseline 0.003 -24"><span class='ocrx_word' id='word_1_247' title='bbox 216 3967 278 4031; x_wconf 91' lang='lat' dir='ltr'>pro</span> <span class='ocrx_word' id='word_1_248' title='bbox 301 3949 438 4015; x_wconf 87' lang='lat' dir='ltr'>diversa</span> <span class='ocrx_word' id='word_1_249' title='bbox 461 3952 658 4015; x_wconf 89' lang='lat' dir='ltr'>testamenti</span> <span class='ocrx_word' id='word_1_250' title='bbox 675 3951 799 4034; x_wconf 90' lang='lat' dir='ltr'>specie,</span> <span class='ocrx_word' id='word_1_251' title='bbox 827 3967 904 4033; x_wconf 82' lang='lat' dir='ltr'>quae</span> <span class='ocrx_word' id='word_1_252' title='bbox 920 3955 972 4014; x_wconf 90' lang='lat' dir='ltr'>est</span> <span class='ocrx_word' id='word_1_253' title='bbox 993 3949 1127 4033; x_wconf 85' lang='lat' dir='ltr'>triplex,</span> <span class='ocrx_word' id='word_1_254' title='bbox 1143 3955 1182 4012; x_wconf 91' lang='lat' dir='ltr'>ut</span> <span class='ocrx_word' id='word_1_255' title='bbox 1196 3953 1298 4014; x_wconf 89' lang='lat' dir='ltr'>antea</span> <span class='ocrx_word' id='word_1_256' title='bbox 1312 3949 1396 4013; x_wconf 86' lang='lat' dir='ltr'>dixi-</span> 
     </span>
     <span class='ocr_line' id='line_1_32' title="bbox 216 4059 453 4142; baseline 0.013 -22"><span class='ocrx_word' id='word_1_257' title='bbox 216 4074 295 4122; x_wconf 91' lang='lat' dir='ltr'>mus</span> <span class='ocrx_word' id='word_1_258' title='bbox 312 4079 319 4121; x_wconf 90' lang='lat'><strong>:</strong></span> <span class='ocrx_word' id='word_1_259' title='bbox 338 4059 453 4142; x_wconf 86' lang='lat' dir='ltr'>itaque</span> 
     </span>
    </p>

    <p class='ocr_par' dir='ltr' id='par_1_9' title="bbox 214 4167 1398 4794">
     <span class='ocr_line' id='line_1_33' title="bbox 257 4167 1398 4254; baseline 0.001 -23"><span class='ocrx_word' id='word_1_260' title='bbox 257 4169 289 4231; x_wconf 75' lang='grc' dir='ltr'>1ο</span> <span class='ocrx_word' id='word_1_261' title='bbox 298 4167 556 4234; x_wconf 84' lang='lat' dir='ltr'>Testamentum</span> <span class='ocrx_word' id='word_1_262' title='bbox 567 4167 804 4254; x_wconf 70' lang='lat' dir='ltr'>olograpbum,</span> <span class='ocrx_word' id='word_1_263' title='bbox 815 4169 906 4253; x_wconf 90' lang='lat' dir='ltr'>quod</span> <span class='ocrx_word' id='word_1_264' title='bbox 916 4168 964 4233; x_wconf 89' lang='lat' dir='ltr'>ita</span> <span class='ocrx_word' id='word_1_265' title='bbox 974 4173 1192 4251; x_wconf 85' lang='lat' dir='ltr'>nuncupatur</span> <span class='ocrx_word' id='word_1_266' title='bbox 1207 4167 1286 4252; x_wconf 85' lang='lat' dir='ltr'>quia</span> <span class='ocrx_word' id='word_1_267' title='bbox 1296 4169 1398 4252; x_wconf 82' lang='lat' dir='ltr'>scrip-</span> 
     </span>
     <span class='ocr_line' id='line_1_34' title="bbox 217 4277 1397 4362; baseline 0.002 -22"><span class='ocrx_word' id='word_1_268' title='bbox 217 4281 291 4340; x_wconf 94' lang='lat' dir='ltr'>tum</span> <span class='ocrx_word' id='word_1_269' title='bbox 305 4283 358 4342; x_wconf 90' lang='lat' dir='ltr'>est</span> <span class='ocrx_word' id='word_1_270' title='bbox 370 4279 504 4360; x_wconf 88' lang='lat' dir='ltr'>integre</span> <span class='ocrx_word' id='word_1_271' title='bbox 519 4297 625 4344; x_wconf 90' lang='lat' dir='ltr'>manu</span> <span class='ocrx_word' id='word_1_272' title='bbox 641 4280 824 4355; x_wconf 89' lang='lat' dir='ltr'>testatoris,</span> <span class='ocrx_word' id='word_1_273' title='bbox 842 4284 911 4343; x_wconf 91' lang='lat' dir='ltr'>tres</span> <span class='ocrx_word' id='word_1_274' title='bbox 926 4283 1061 4343; x_wconf 91' lang='lat' dir='ltr'>tantum</span> <span class='ocrx_word' id='word_1_275' title='bbox 1075 4277 1218 4362; x_wconf 86' lang='lat' dir='ltr'>requirit</span> <span class='ocrx_word' id='word_1_276' title='bbox 1231 4277 1397 4342; x_wconf 88' lang='lat' dir='ltr'>conditio-</span> 
     </span>
     <span class='ocr_line' id='line_1_35' title="bbox 216 4386 1397 4470; baseline 0.003 -22"><span class='ocrx_word' id='word_1_277' title='bbox 216 4403 289 4462; x_wconf 92' lang='lat' dir='ltr'>nes,</span> <span class='ocrx_word' id='word_1_278' title='bbox 306 4405 350 4450; x_wconf 80' lang='lat' dir='ltr'>ex</span> <span class='ocrx_word' id='word_1_279' title='bbox 368 4393 431 4451; x_wconf 87' lang='lat' dir='ltr'>art.</span> <span class='ocrx_word' id='word_1_280' title='bbox 447 4387 507 4451; x_wconf 81' lang='lat'>970</span> <span class='ocrx_word' id='word_1_281' title='bbox 528 4386 607 4452; x_wconf 86' lang='lat' dir='ltr'>Cod.</span> <span class='ocrx_word' id='word_1_282' title='bbox 630 4387 695 4452; x_wconf 89' lang='lat' dir='ltr'>civ.</span> <span class='ocrx_word' id='word_1_283' title='bbox 717 4387 861 4452; x_wconf 88' lang='lat' dir='ltr'>Necesse</span> <span class='ocrx_word' id='word_1_284' title='bbox 886 4393 938 4450; x_wconf 91' lang='lat' dir='ltr'>est</span> <span class='ocrx_word' id='word_1_285' title='bbox 962 4393 1001 4450; x_wconf 91' lang='lat' dir='ltr'>ut</span> <span class='ocrx_word' id='word_1_286' title='bbox 1021 4387 1065 4450; x_wconf 92' lang='lat' dir='ltr'>sit</span> <span class='ocrx_word' id='word_1_287' title='bbox 1086 4387 1248 4470; x_wconf 82' lang='lat' dir='ltr'>scriptum</span> <span class='ocrx_word' id='word_1_288' title='bbox 1268 4387 1397 4470; x_wconf 77' lang='lat' dir='ltr'>intepre</span> 
     </span>
     <span class='ocr_line' id='line_1_36' title="bbox 214 4494 1397 4578; baseline 0.002 -22"><span class='ocrx_word' id='word_1_289' title='bbox 214 4511 321 4557; x_wconf 80' lang='lat' dir='ltr'>mauu</span> <span class='ocrx_word' id='word_1_290' title='bbox 331 4495 513 4572; x_wconf 83' lang='lat' dir='ltr'>testatoris,</span> <span class='ocrx_word' id='word_1_291' title='bbox 522 4511 561 4560; x_wconf 86' lang='lat' dir='ltr'>ac</span> <span class='ocrx_word' id='word_1_292' title='bbox 570 4495 714 4578; x_wconf 89' lang='lat' dir='ltr'>proinde</span> <span class='ocrx_word' id='word_1_293' title='bbox 727 4495 801 4558; x_wconf 88' lang='lat' dir='ltr'>sine</span> <span class='ocrx_word' id='word_1_294' title='bbox 812 4494 997 4569; x_wconf 85' lang='lat' dir='ltr'>additione,</span> <span class='ocrx_word' id='word_1_295' title='bbox 1009 4494 1281 4576; x_wconf 86' lang='lat' dir='ltr'>interpositione,</span> <span class='ocrx_word' id='word_1_296' title='bbox 1294 4494 1397 4558; x_wconf 86' lang='lat' dir='ltr'>litura</span> 
     </span>
     <span class='ocr_line' id='line_1_37' title="bbox 214 4600 1396 4680; baseline 0 -14"><span class='ocrx_word' id='word_1_297' title='bbox 214 4619 319 4666; x_wconf 89' lang='lat' dir='ltr'>manu</span> <span class='ocrx_word' id='word_1_298' title='bbox 336 4600 448 4667; x_wconf 86' lang='lat' dir='ltr'>aliena</span> <span class='ocrx_word' id='word_1_299' title='bbox 461 4602 574 4680; x_wconf 87' lang='lat' dir='ltr'>iaetis;</span> <span class='ocrx_word' id='word_1_300' title='bbox 590 4600 701 4667; x_wconf 73' lang='lat' dir='ltr'>liturae</span> <span class='ocrx_word' id='word_1_301' title='bbox 721 4602 826 4666; x_wconf 87' lang='lat' dir='ltr'>etiam</span> <span class='ocrx_word' id='word_1_302' title='bbox 845 4619 951 4668; x_wconf 86' lang='lat' dir='ltr'>manu</span> <span class='ocrx_word' id='word_1_303' title='bbox 973 4603 1148 4666; x_wconf 81' lang='lat' dir='ltr'>testatoris</span> <span class='ocrx_word' id='word_1_304' title='bbox 1169 4603 1266 4666; x_wconf 76' lang='lat' dir='ltr'>fecte</span> <span class='ocrx_word' id='word_1_305' title='bbox 1288 4602 1396 4666; x_wconf 88' lang='lat' dir='ltr'>irrita-</span> 
     </span>
     <span class='ocr_line' id='line_1_38' title="bbox 214 4710 1392 4794; baseline 0 -21"><span class='ocrx_word' id='word_1_306' title='bbox 214 4715 291 4774; x_wconf 89' lang='lat' dir='ltr'>rent</span> <span class='ocrx_word' id='word_1_307' title='bbox 306 4710 546 4793; x_wconf 90' lang='lat' dir='ltr'>dispositiones</span> <span class='ocrx_word' id='word_1_308' title='bbox 562 4711 702 4789; x_wconf 85' lang='lat' dir='ltr'>deletas,</span> <span class='ocrx_word' id='word_1_309' title='bbox 715 4711 743 4775; x_wconf 87' lang='lat' dir='ltr'>si</span> <span class='ocrx_word' id='word_1_310' title='bbox 758 4730 828 4775; x_wconf 91' lang='lat' dir='ltr'>non</span> <span class='ocrx_word' id='word_1_311' title='bbox 844 4717 960 4778; x_wconf 87' lang='lat' dir='ltr'>essent</span> <span class='ocrx_word' id='word_1_312' title='bbox 974 4711 1169 4794; x_wconf 72' lang='lat' dir='ltr'>approbata</span> <span class='ocrx_word' id='word_1_313' title='bbox 1187 4729 1206 4774; x_wconf 86' lang='lat' dir='ltr'>a</span> <span class='ocrx_word' id='word_1_314' title='bbox 1219 4714 1392 4774; x_wconf 84' lang='lat' dir='ltr'>testatore.</span> 
     </span>
    </p>
   </div>
   <div class='ocr_carea' id='block_1_6' title="bbox 0 0 1756 5572">
    <p class='ocr_par' dir='ltr' id='par_1_10' title="bbox 0 0 1756 5572">
     <span class='ocr_line' id='line_1_39' title="bbox 0 0 1756 5572; baseline 0 3"><span class='ocrx_word' id='word_1_315' title='bbox 0 0 1756 5572; x_wconf 95' lang='lat' dir='ltr'> </span> 
     </span>
    </p>
   </div>
  </div>
 </body>
</html>
