3504 5572
361 547 421 612 354
820 561 872 608 ros
894 557 1074 608 cnvomcov.

360 680 569 757 adventitiis,
595 679 716 744 mortis
741 695 859 756 causa,
885 678 1029 753 donare,
1054 693 1125 740 non
1148 680 1275 740 tamem
1302 673 1432 750 testari,
1461 669 1540 756 quin
1592 754 1595 764 .

359 790 515 856 conditor
538 789 734 855 testamenti
758 788 860 854 debet
881 805 957 852 esse
982 786 1033 850 eui
1055 785 1153 868 juris.
1176 783 1226 850 lta
1243 784 1280 847 in
1301 781 1461 850 omnibus
1481 781 1539 863 jus

359 899 387 962 R
411 918 457 963 m.

389 917 428 1086 0e)
448 1003 592 1070 Donetio
613 1001 734 1066 mortis
748 1019 853 1068 causa
873 1001 981 1066 tribus
1000 995 1112 1062 modis
1130 995 1314 1080 exspirare,
1331 993 1419 1058 sicut
1433 991 1540 1055 tribus

358 1111 470 1176 modis
502 1109 587 1187 fieri,
611 1114 726 1193 potest
754 1129 761 1172 ε
794 1111 825 1172 1ο
845 1107 878 1174 Si
898 1107 1037 1173 donatio
1063 1106 1134 1182 ssat,
1160 1122 1231 1170 non
1252 1103 1379 1168 intuitu
1402 1099 1538 1172 mortis,

360 1220 420 1286 sed
441 1219 547 1285 solius
568 1217 795 1295 mortalitatis,
814 1217 1006 1300 generatim
1027 1215 1093 1281 ista
1118 1231 1189 1279 non
1210 1213 1372 1296 exspirat,
1392 1209 1458 1274 nisi
1481 1225 1542 1291 per

360 1329 613 1395 revocationem
630 1326 825 1412 positivam,
844 1324 900 1391 vel
914 1323 979 1389 nisi
997 1322 1195 1390 donatarius
1211 1319 1467 1406 praemoriretur
1483 1316 1542 1380 do-

362 1437 468 1502 nenti.

400 1545 432 1610 2⁰
447 1545 481 1609 Si
495 1545 556 1611 fiat
573 1544 699 1612 intuitu
714 1543 926 1610 imminentis
943 1541 1094 1627 periculi,
1118 1559 1152 1606 v.
1173 1547 1206 1622 g.
1233 1537 1412 1618 naufragii,
1428 1535 1476 1600 ita
1494 1537 1542 1598 te-

358 1670 439 1718 men
453 1658 493 1717 nt
515 1671 571 1718 res
596 1653 724 1719 donate
744 1670 815 1718 non
835 1649 896 1716 sset
910 1651 1026 1715 statim
1046 1647 1254 1732 accipientis,
1276 1648 1431 1710 cessante
1452 1641 1540 1725 peri-

297 1817 299 1823 .
357 1759 444 1838 culo,
461 1746 628 1844 ipsojure
644 1760 793 1844 exspiret
807 1757 956 1835 donatio,
974 1774 1053 1824 cum
1062 1757 1152 1821 fecte
1161 1755 1264 1820 inerit
1271 1753 1335 1818 sub
1347 1749 1551 1846 conditione

356 1867 553 1935 resolutiva.

397 1976 431 2040 3⁰
445 1977 479 2040 Si
497 1977 587 2042 fecte
609 1981 663 2041 est
683 1975 809 2040 intuitu
828 1973 980 2059 periculi,
1002 1974 1050 2038 ita
1071 1970 1242 2038 utstatim
1263 1987 1319 2034 res
1343 1968 1469 2034 donata
1483 1965 1543 2030 fiet

356 2085 562 2169 accipientis,
587 2084 721 2150 sublato
739 2083 902 2167 periculo,
926 2084 1001 2168 ipso
1023 2085 1101 2166 jure
1120 2099 1191 2146 non
1214 2079 1374 2163 exspirat,
1398 2075 1459 2142 sed
1486 2093 1541 2139 res

356 2195 541 2260 constituta
557 2193 594 2263 in
608 2193 763 2258 dominio
780 2192 948 2258 donatarii
962 2190 1156 2257 revocanda
1168 2195 1221 2256 est
1245 2187 1470 2261 condictione,
1487 2181 1541 2248 vel

357 2301 431 2365 utili
446 2303 482 2366 in
496 2320 571 2367 rem
585 2303 733 2368 actione.

358 2516 1539 2556 W

742 2772 966 2864 TERTIA
1005 2771 1157 2862 PARS

404 2989 460 3041 DE
485 2989 667 3040 DOMINIO
693 2989 748 3038 m·
773 2987 976 3038 CAETERIS
999 2987 1187 3038 summus
1211 2985 1493 3036 GLERIGORUM

844 3192 1056 3206 -κ-ιι-μ-ι-

398 3385 493 3452 Nom.
532 3387 564 3450 1⁰
587 3386 615 3450 A
637 3384 869 3450 contractibus
898 3383 1101 3450 clericorum
1132 3389 1167 3448 et
1191 3383 1337 3451 eliorum
1365 3386 1537 3460 omnium,

358 3493 649 3576 progrediendum
662 3497 716 3558 est
734 3491 777 3557 ad
795 3491 998 3557 elericorum
1008 3494 1099 3575 jura,
1118 3509 1265 3575 quorum
1275 3493 1342 3558 elia
1355 3498 1436 3557 sunt
1449 3511 1541 3557 com-

359 3602 478 3666 munia
493 3602 652 3668 omnibus
667 3601 809 3676 clericis,
826 3599 893 3664 alia
911 3599 1047 3682 propria
1069 3601 1237 3683 parochis.
1259 3600 1383 3666 Prioris
1404 3601 1540 3683 generis

340 3716 343 3722 '
361 3716 442 3773 sunt
452 3713 510 3794 jus
528 3709 652 3793 peculii
673 3714 709 3774 et
724 3709 961 3784 successionis,
985 3713 1060 3772 tum
1082 3709 1347 3774 testamentariae
1368 3715 1443 3774 tum
1459 3709 1541 3791 legi-

362 3817 464 3896 timae,
492 3838 568 3903 quae
596 3820 811 3884 constituunt
833 3819 1013 3883 materiem
1035 3817 1212 3883 titulorum
1235 3815 1462 3895 XXV-mlh
1489 3836 1541 3881 se-

358 3927 462 3992 cundi
475 3927 613 4008 generis
628 3931 709 3992 sunt
719 3929 778 4010 jus
792 3925 987 4008 sepulturae,
1006 3925 1198 3990 decimandi
1213 3931 1248 3989 et
1264 3924 1331 3991 alia
1348 3927 1428 4008 jure
1445 3944 1541 4009 paro-

359 4033 490 4113 chialia,
508 4034 549 4098 de
566 4035 690 4118 quibus
705 4033 819 4114 agitur
833 4033 868 4096 in
884 4033 935 4096 tit.
951 4031 1192 4096 XXVIII-XXX.

398 4144 430 4206 9⁰
450 4143 548 4210 Retio
571 4143 698 4207 ordinis
719 4161 778 4208 seu
798 4143 1011 4206 successionis
1034 4141 1221 4207 titulorum.
1246 4141 1415 4208 Hactenus
1436 4139 1540 4208 locuti

358 4270 478 4316 sumus
493 4252 534 4316 de
543 4253 772 4318 contractibus
788 4271 850 4335 per
864 4271 950 4336 quos
961 4253 1112 4317 debonis
1124 4253 1316 4338 disponitur
1327 4253 1539 4327 intervivos;

358 4360 433 4424 istis
447 4361 558 4425 modis
574 4361 777 4444 disponendi
793 4361 1050 4444 subjunguntur
1066 4366 1271 4428 testamenta
1291 4366 1326 4426 et
1341 4360 1470 4426 ultimae
1483 4379 1540 4426 vo-

357 4470 519 4546 luntates,
537 4469 660 4552 quihus
674 4469 717 4534 de
732 4469 832 4534 honis
847 4469 1039 4553 disponitur
1051 4471 1173 4535 mortis
1186 4487 1300 4535 causa.
1322 4469 1390 4534 Sed
1408 4475 1447 4534 ut
1460 4488 1540 4534 con-

360 4583 428 4642 stet
441 4577 483 4642 de
505 4577 628 4661 quibus
642 4577 742 4642 honis
756 4577 869 4642 clerici
884 4577 1065 4662 disponere
1080 4579 1213 4662 possint
1226 4579 1347 4644 mortis
1362 4596 1476 4654 causa,
1492 4578 1541 4640 in-

362 4687 485 4750 seritur
498 4685 617 4750 titulus
633 4686 674 4750 de
689 4685 822 4769 peculio
837 4685 1048 4752 clericorum.
