3488 5564
507 586 595 634 arara
616 585 766 632 sermons
787 585 1008 634 oecnnmnou.
1309 566 1348 630 ht
1388 552 1392 563 '

215 709 251 772 ll.
271 709 343 790 (tuo
353 707 433 790 jare
445 705 661 792 privilepz'am
676 707 747 786 sori
757 706 862 788 facerat
874 704 1130 769 introductam?

214 819 306 882 Circa
320 817 488 897 originem
510 816 613 897 hujus
636 814 815 897 privilegii,
839 818 907 878 tres
927 818 1008 878 sunt
1022 815 1199 898 praecipuae
1216 819 1350 880 senten-

179 929 228 990 tiae
244 948 251 988 :
263 927 381 1011 prima
401 925 501 988 docet
522 925 774 1006 exemptionem
796 923 997 988 clericorum
1020 941 1095 986 esse
1119 924 1350 1006 tantumjuris

177 1035 308 1118 positivi
322 1034 462 1097 humani
476 1033 660 1115 (Gonzalez,
678 1034 714 1095 in
728 1032 789 1097 cf
806 1033 854 1096 tit.
867 1053 948 1108 xcix,
966 1032 1007 1096 de
1022 1031 1120 1096 Imm.
1138 1031 1241 1110 Eccl,
1258 1053 1290 1095 n.
1300 1033 1348 1112 8);

175 1143 319 1208 sectanda
341 1145 439 1208 docet
462 1143 526 1206 hoc
548 1141 766 1225 privilegium
787 1162 861 1207 esse
889 1142 1077 1206 formaliter
1089 1143 1175 1226 juris
1200 1142 1304 1205 divini
1317 1147 1352 1205 et

177 1253 338 1317 naturalis
346 1250 582 1336 (hayman,lib.
601 1249 650 1328 lv,
668 1255 763 1315 tract.
782 1272 823 1328 rx,
840 1271 868 1316 o.
885 1253 915 1328 8,
927 1272 960 1315 n.
978 1253 1018 1333 l).
1038 1250 1102 1314 Sed
1114 1251 1217 1334 aliqui
1233 1251 1280 1314 sio
1295 1269 1352 1313 ex·
1453 1332 1456 1336 ,
1521 1344 1524 1357 .

176 1362 308 1446 plicant,
319 1366 356 1425 ut
371 1361 414 1424 sit
428 1361 469 1424 de
483 1364 560 1443 jure
572 1361 687 1427 divino
703 1368 836 1426 tanturn
852 1365 887 1428 ia
902 1363 989 1426 thesi
1002 1381 1061 1426 seu
1071 1364 1105 1426 in
1120 1379 1257 1442 genere,
1274 1360 1352 1424 licet

178 1472 415 1536 determinatio
432 1475 506 1554 ejus
514 1471 549 1534 in
564 1471 751 1555 hypothesi,
776 1491 835 1536 seu
852 1473 963 1559 quoad
978 1472 1196 1556 particulares
1212 1471 1353 1534 circurn-

177 1582 318 1645 stantias
341 1587 375 1645 et
393 1599 569 1665 personae,
584 1584 767 1666 pendeata
786 1583 939 1647 Romano
956 1582 1127 1648 Pon‘tiflce.
1147 1580 1258 1647 Tertio
1279 1580 1352 1642 vult

177 1690 238 1753 hoo
251 1690 470 1775 privilegium
487 1711 561 1758 esse
577 1689 879 1756 fundamentaliter
899 1711 959 1756 seu
974 1693 1139 1758 initiative
1155 1697 1189 1756 et
1209 1693 1354 1774 origina-

177 1799 251 1862 liter
270 1799 360 1881 juris
383 1798 489 1864 divini
509 1806 543 1864 et
557 1799 730 1878 naturalis,
759 1801 841 1866 dum
865 1801 1052 1868 formaliter
1079 1806 1170 1866 esset
1188 1802 1275 1886 juris
1294 1803 1353 1864 hu-

175 1907 276 1970 mani.

215 2013 291 2079 llaec
303 2014 424 2080 ultima
435 2018 615 2093 sententia,
626 2037 700 2102 quae
716 2019 763 2083 sic
780 2018 944 2103 explicata
961 2019 1019 2083 vix
1037 2018 1180 2083 differta
1193 2020 1351 2094 secunda,

177 2121 313 2186 videtur
334 2125 518 2189 comannis
542 2125 714 2191 traditioni
736 2133 769 2191 et
791 2129 887 2210 praxi
907 2127 1074 2192 Ecclesiae.
1089 2128 1259 2202 Attamen,
1276 2145 1354 2192 oum

176 2229 289 2312 plures
305 2231 419 2312 magni
436 2235 585 2296 nominis
601 2233 682 2298 alias
698 2236 884 2299 sententias
896 2240 1123 2318 propugnant,
1142 2235 1355 2316 uuiuscujus-

179 2357 241 2422 que
256 2345 435 2405 momenta
446 2341 595 2406 breviter
608 2343 806 2406 referemus.
826 2343 919 2407 Unde

215 2448 249 2530 a)
264 2447 330 2524 Qui
361 2452 479 2512 tenent
504 2451 756 2515 immunitatem
776 2470 851 2515 esse
872 2450 1063 2516 formaliter
1079 2452 1166 2534 juris
1192 2452 1297 2516 divini
1322 2455 1356 2516 ot

178 2556 353 2630 naturalis,
376 2555 602 2621 diversimode
628 2558 662 2620 id
685 2558 863 2642 explicant.
889 2558 990 2622 Juxta
1014 2559 1193 2641 quosdam,
1210 2560 1252 2622 ab
1280 2560 1355 2640 ipso

178 2663 309 2726 Christo
340 2663 535 2728 immediate
561 2665 678 2730 datum
705 2667 769 2729 fuit
796 2665 1022 2748 exemptionis
1051 2666 1267 2748 privilegium
1292 2666 1353 2730 soli

178 2771 286 2846 Petro,
304 2790 383 2836 cum
397 2777 565 2854 potestate
581 2778 615 2835 et
630 2779 799 2854 praecepto
818 2774 900 2837 illud
916 2774 1190 2838 communicandi
1207 2776 1267 2838 toti
1290 2774 1355 2838 ele·
1420 2811 1423 2819 ·

178 2878 266 2944 ricali
289 2880 402 2942 statui.
419 2880 571 2944 —Juxta
595 2879 691 2952 alios,
707 2881 772 2944 hoc
786 2880 1003 2963 privilegium
1025 2885 1076 2944 est
1090 2901 1110 2944 a
1125 2881 1265 2958 Christo,
1285 2901 1355 2946 nou

179 2987 290 3051 solnm
311 2987 518 3069 promissum
542 2992 601 3050 aut
618 2989 765 3070 jussum,
794 2988 852 3050 sed
879 2989 982 3051 etiam
1006 2993 1082 3053 actu
1106 2993 1139 3052 et
1162 2989 1355 3054 immediate

178 3094 525 3168 clericisconcessum,
535 3113 613 3158 oum
625 3096 901 3160 subordinatione
910 3096 953 3158 ad
961 3095 1099 3159 Petrum
1112 3117 1119 3171 ;
1133 3101 1224 3160 esset
1239 3097 1356 3162 nihilo-

178 3205 291 3268 minus
306 3205 408 3268 etiam
423 3224 443 3268 a
461 3207 537 3286 jure
550 3206 715 3269 canonico
734 3203 924 3268 declarante
944 3206 1002 3286 jus
1018 3204 1181 3278 divinum,
1200 3209 1234 3268 et
1259 3204 1353 3280 illud,

178 3317 277 3392 prout
294 3311 430 3394 expedit
443 3330 504 3375 seu
519 3313 553 3378 in
566 3312 756 3395 hypothesi,
770 3311 960 3393 applicante
973 3316 1006 3375 et
1014 3312 1226 3376 moderante.
1239 3312 1357 3376 Utrum

178 3438 257 3485 vero
270 3419 424 3482 Christus
438 3419 598 3504 peculiari
614 3424 648 3483 et
664 3420 813 3503 positive
826 3419 1002 3483 voluntate
1017 3421 1106 3484 hane
1122 3422 1357 3504 exceptionem

178 3527 306 3593 clericis
320 3531 538 3605 concesserit,
562 3529 618 3594 vel
643 3549 705 3614 per
719 3529 914 3592 nattcrolem
937 3533 971 3591 et
994 3530 1222 3594 necessariam
1241 3549 1357 3594 conse-

180 3637 351 3702 cutionem
364 3635 454 3700 istud
468 3635 685 3719 privilegium
702 3641 873 3719 sequatur,
890 3636 1001 3719 posita
1017 3635 1131 3700 divina
1145 3637 1356 3702 institutione

181 3749 288 3808 status
303 3743 907 3809 ecclesiastici?NonoonoordantDD.
920 3743 977 3824 (Cf.
988 3744 1122 3819 Suarez,
1137 3745 1272 3826 Deserta.
1282 3747 1355 3826 fid„

181 3850 201 3912 l.
218 3851 269 3929 tv,
287 3870 314 3916 o.
330 3853 370 3932 9).
388 3853 430 3915 ht
445 3851 608 3936 quidquid
623 3853 666 3915 sit
677 3853 722 3946 ¹de
736 3853 811 3926 hoc,
828 3853 875 3915 ita
889 3853 1035 3936 probant
1055 3853 1144 3936 quod
1160 3854 1357 3918 immunitas

182 3963 231 4022 est
246 3962 278 4023 1⁰
295 3959 489 4041 formaliter
497 3959 587 4040 juris
598 3961 707 4023 divini
724 3979 735 4022 :

220 4065 605 4150 P1·ob.l.ExScriptura,
616 4067 840 4151 etquidemex
849 4069 1360 4150 paritateonmsacerdotibuset

184 4171 293 4237 levitis
304 4175 429 4238 veteris
437 4175 533 4255 legis,
546 4175 602 4258 qui
609 4177 687 4258 jure
699 4175 813 4238 divino
826 4177 974 4258 exempti
985 4183 1081 4240 erant
1095 4177 1359 4258 ajurisdiotione

184 4281 333 4347 saeculari
348 4281 490 4346 aliarum
506 4283 655 4346 tribuum
675 4287 709 4346 et
729 4281 839 4364 alege
860 4283 1014 4347 solvendi
1034 4285 1169 4359 tributa,
1186 4290 1224 4348 ut
1237 4284 1361 4366 legitur

185 4389 279 4465 Gen,
301 4408 373 4472 cap.
390 4409 483 4464 xnvu,
503 4387 523 4470 it
546 4391 596 4466 hh,
610 4395 644 4452 et
665 4390 823 4462 Levitico,
845 4409 916 4473 cap.
937 4390 1009 4466 ult,
1027 4391 1047 4472 it
1068 4392 1117 4466 28,
1136 4397 1169 4455 et
1192 4393 1358 4472 Numeris,

185 4515 254 4579 cap.
275 4495 391 4578 xvrrni
405 4499 436 4574 8,
452 4499 481 4561 9.
502 4498 605 4564 Porro
620 4499 703 4564 illud
714 4507 924 4585 preceptum
939 4502 1085 4566 nonfuit
1097 4497 1359 4567 mereeaeremo·

189 4603 284 4678 niale,
305 4605 364 4668 sed
387 4611 438 4668 est
461 4607 574 4690 potius
595 4607 735 4683 morale,
758 4609 924 4692 siquidem
940 4609 1049 4690 tangit
1069 4609 1289 4674 directionem
1304 4611 1359 4674 ho·

187 4729 307 4780 norum
321 4731 458 4779 morum
469 4719 502 4778 et
513 4719 681 4802 praecavet
691 4717 945 4788 irreverentiam
959 4719 993 4782 in
1009 4719 1151 4784 christos
1167 4737 1228 4782 seu
1240 4725 1358 4783 unctos
