3498 5572
361 579 421 643 436
822 595 872 641 sus
893 593 1075 640 canonican.

362 714 575 779 desideratur
597 719 632 777 et
651 714 721 797 peti
745 689 861 788 debet;
879 713 951 777 sine
967 711 1080 796 aliqua
1093 711 1348 796 approbatione,
1373 711 1542 794 praedicta

359 821 544 904 religiones
564 821 681 886 forsan
703 838 772 886 non
791 821 959 886 baberent
979 820 1165 886 essentiam
1180 823 1288 886 status
1306 817 1468 900 religiosi.
1487 817 1542 880 lit-

361 929 465 1007 enim,
477 928 555 995 ideo
571 929 651 1014 quia
661 927 728 1004 lex,
745 933 915 1013 quatenus
930 927 1384 1012 prohibens,consuatudine
1401 925 1540 1000 tollitur,

361 1055 432 1101 non
444 1037 560 1102 statim
574 1039 730 1122 sequitur
744 1037 835 1121 quod
850 1035 908 1100 lex
933 1037 997 1100 sub
1013 1036 1109 1102 omni
1123 1039 1283 1119 respectu
1308 1035 1352 1098 sit
1366 1034 1540 1114 abrogata.

363 1144 490 1210 Deinde
505 1151 661 1211 remanet
674 1146 764 1229 apud
785 1145 816 1210 S.
837 1145 961 1210 Sedem
985 1145 1099 1228 praxis
1123 1143 1332 1228 approbandi
1356 1159 1543 1224 congrega·

364 1253 474 1317 tiones
488 1259 645 1318 recenter
666 1260 807 1330 erectas,
833 1259 868 1318 et
880 1253 953 1318 baec
967 1253 1166 1336 approbatio
1182 1251 1320 1316 videtur
1339 1250 1450 1334 prima
1464 1266 1543 1314 con-

363 1359 494 1426 stitutio
530 1361 674 1444 alicujus
712 1361 857 1426 instituti
886 1362 922 1424 iu
948 1360 1117 1425 rationem
1149 1378 1240 1426 verae
1267 1357 1543 1440 congregationis

363 1467 542 1550 religiosae.
578 1469 716 1535 Modum
747 1469 901 1550 erigendi
936 1487 1044 1534 novas
1071 1468 1357 1550 congregationes
1384 1472 1544 1532 votorum

363 1575 569 1659 simplicium
583 1577 744 1642 describit
758 1577 848 1641 card.
866 1575 1008 1642 Rizzarri
1023 1577 1058 1642 in
1071 1595 1133 1642 sua
1147 1575 1374 1642 Collectoaeu.

401 1686 428 1766 c)
455 1683 573 1761 Quoad
602 1683 779 1760 moniales,
811 1684 988 1768 speciatim
1014 1684 1205 1750 nomndum
1236 1686 1267 1748 l⁰
1291 1683 1382 1768 quod
1412 1683 1544 1747 Bonifa-

362 1793 435 1856 cius
458 1791 528 1856 vill
553 1797 694 1857 etconc.
720 1793 808 1857 Trid.
826 1793 987 1858 omnibus
1011 1793 1337 1876 congregationibus
1361 1791 1546 1856 mulierum

232 1940 234 1948 ,
361 1895 555 1964 clausuram
581 1899 828 1983 imposuerunt.
853 1899 919 1964 Sed
938 1899 995 1964 lex
1015 1900 1073 1965 illa
1086 1901 1225 1966 videtur
1245 1900 1348 1964 etiam
1363 1899 1543 1980 abrogata;

362 2025 444 2072 nam
459 2006 491 2069 S.
507 2007 611 2072 Sedes
636 2008 748 2072 varias
762 2009 969 2092 approbavit
993 2007 1279 2090 congregationes
1294 2001 1495 2072 monialium
1511 2006 1546 2068 in

362 2114 486 2197 quibus
499 2114 657 2180 clausura
670 2133 740 2180 non
755 2115 912 2181 babetur.

401 2223 434 2286 l·
458 2222 489 2285 S.
506 2221 585 2286 Pius
600 2222 625 2285 v
639 2222 813 2306 prohibuit
828 2225 932 2288 etiam
947 2224 1115 2308 quasdam
1129 2223 1416 2305 congregationes
1432 2220 1547 2286 tertia-

362 2330 491 2394 n'arum
505 2330 634 2414 absque
644 2329 802 2396 clausura
811 2332 944 2395 etvotis
958 2331 1169 2396 solemnibus
1185 2331 1418 2404 existentium,
1437 2334 1470 2392 et
1481 2328 1546 2391 hoc

364 2437 539 2502 decretum
563 2437 755 2518 generatim
771 2437 962 2518 habebatur
982 2459 1003 2502 a
1024 2439 1210 2505 canonistis
1226 2443 1265 2502 ut
1281 2435 1487 2510 universale,
1513 2439 1548 2497 et

362 2544 440 2610 ideo
470 2543 625 2626 obligans
653 2563 774 2610 omnes
802 2548 1087 2628 congregationes
1113 2545 1325 2612 monialium.
1357 2545 1437 2608 ldeo
1466 2547 1548 2607 vota

364 2652 531 2717 solemnia
555 2671 693 2734 semper
712 2653 969 2736 requirerentur
988 2673 1049 2736 pro
1071 2653 1396 2736 congregationibus
1416 2650 1547 2714 monia·

363 2758 459 2824 lium.
477 2759 544 2824 Sed
557 2759 649 2824 idem
664 2759 846 2825 dicendum
862 2767 914 2826 est
928 2761 971 2825 dc
993 2762 1083 2826 votis
1109 2761 1321 2828 solemnibus
1343 2779 1382 2825 ac
1399 2759 1442 2824 de
1458 2757 1548 2822 clau-

364 2889 454 2934 sura.
484 2870 552 2932 Lex
580 2869 828 2934 consuetudine
856 2869 1027 2934 contraria
1052 2876 1105 2934 est
1129 2870 1304 2952 abrogata,
1335 2868 1545 2952 approbante

271 3037 274 3048 ,
365 2976 397 3040 S.
413 2976 511 3051 Sede,
529 2975 781 3060 cumlaudatet
791 2977 972 3042 confirmat
983 2978 1269 3059 congregationes
1285 2995 1360 3060 quae
1373 2980 1455 3040 vota
1470 2975 1548 3037 sim-

364 3085 464 3168 plicia
478 3089 613 3150 tantum
636 3087 806 3150 emittunt.
831 3085 971 3150 Constat
991 3087 1201 3150 sufficienter
1215 3105 1259 3150 ex
1273 3103 1376 3168 supra
1391 3083 1489 3148 dictis
1502 3083 1544 3146 de

363 3194 608 3258 constitutione
621 3195 928 3276 congregationum
942 3195 1078 3277 propria
1092 3194 1269 3259 dictarum.

708 3561 712 3568 ¹
778 3577 964 3651 TITULUS
994 3577 1139 3650 xxxii.

648 3754 690 3797 ΒΕ
717 3753 963 3800 convnasloltn
990 3752 1279 3798 coatudlroabll.

415 4060 451 4124 ln
467 4059 632 4143 superiori
650 4059 747 4124 titulo
765 4063 879 4124 actum
893 4065 947 4123 cet
961 4059 1002 4122 de
1017 4059 1275 4123 transeuntibus
1290 4059 1334 4123 ad
1348 4057 1551 4140 religionem

371 4167 592 4250 generalitar;
607 4186 699 4232 nunc
712 4168 748 4230 in
763 4167 874 4250 specie
889 4167 1063 4253 agendum
1078 4171 1131 4230 est
1146 4166 1187 4230 de
1202 4165 1244 4230 iis
1264 4167 1322 4250 qui
1336 4172 1415 4248 post
1434 4167 1550 4230 matri-

372 4278 527 4342 monium
541 4282 655 4342 ratum
669 4277 725 4340 vel
736 4282 1015 4341 consummatum
1029 4279 1209 4340 transeunt
1222 4275 1266 4340 ad
1279 4273 1493 4356 religionem.

523 4477 530 4485 ·
563 4469 582 4518 l.
600 4467 640 4518 De
655 4465 797 4532 religionis
811 4465 940 4530 ingressu
955 4467 1019 4529 post
1030 4465 1247 4519 matrimonium
1262 4466 1365 4518 ratum.

412 4601 444 4680 ol
459 4597 598 4680 Sponsis
616 4596 658 4661 de
676 4595 836 4678 praesenti
850 4597 960 4678 ajure
975 4595 1174 4659 conceditur
1189 4596 1353 4659 bimestre
1368 4595 1410 4660 ad
1425 4593 1550 4659 delibe-

372 4706 515 4770 randum
541 4704 582 4767 de
606 4703 763 4783 ingressu
786 4701 975 4781 religionis:
992 4703 1082 4766 intra
1102 4701 1184 4766 illud
1211 4708 1355 4784 tempus.
1375 4703 1550 4766 matrimo-
