<?xml version="1.0" encoding="UTF-8"?>
<!DOCTYPE html PUBLIC "-//W3C//DTD XHTML 1.0 Transitional//EN"
    "http://www.w3.org/TR/xhtml1/DTD/xhtml1-transitional.dtd">
<html xmlns="http://www.w3.org/1999/xhtml" xml:lang="en" lang="en">
 <head>
  <title>
</title>
<meta http-equiv="Content-Type" content="text/html;charset=utf-8" />
  <meta name='ocr-system' content='tesseract 3.04.00' />
  <meta name='ocr-capabilities' content='ocr_page ocr_carea ocr_par ocr_line ocrx_word'/>
</head>
<body>
  <div class='ocr_page' id='page_1' title='image "./juscanonicumjux00grangoog_0017.png"; bbox 0 0 3488 5564; ppageno 0'>
   <div class='ocr_carea' id='block_1_1' title="bbox 499 583 1341 640">
    <p class='ocr_par' dir='ltr' id='par_1_1' title="bbox 499 583 1341 640">
     <span class='ocr_line' id='line_1_1' title="bbox 499 583 1341 640; baseline 0.008 -7"><span class='ocrx_word' id='word_1_1' title='bbox 499 589 584 634; x_wconf 82' lang='lat' dir='ltr'><strong>LIBER</strong></span> <span class='ocrx_word' id='word_1_2' title='bbox 607 589 758 637; x_wconf 79' lang='lat' dir='ltr'>SECUNDUS</span> <span class='ocrx_word' id='word_1_3' title='bbox 780 594 1001 639; x_wconf 72' lang='lat' dir='ltr'>nncnsrstrun.</span> <span class='ocrx_word' id='word_1_4' title='bbox 1321 583 1341 640; x_wconf 66' lang='grc'><strong>5</strong></span> 
     </span>
    </p>
   </div>
   <div class='ocr_carea' id='block_1_2' title="bbox 201 707 1342 798">
    <p class='ocr_par' dir='ltr' id='par_1_2' title="bbox 201 707 1342 798">
     <span class='ocr_line' id='line_1_2' title="bbox 201 707 1342 798; baseline 0.004 -24"><span class='ocrx_word' id='word_1_5' title='bbox 201 713 229 792; x_wconf 86' lang='lat' dir='ltr'>o)</span> <span class='ocrx_word' id='word_1_6' title='bbox 244 710 387 774; x_wconf 80' lang='lat' dir='ltr'><em>Ratione</em></span> <span class='ocrx_word' id='word_1_7' title='bbox 401 707 629 772; x_wconf 73' lang='lat' dir='ltr'>materna&#39;lot</span> <span class='ocrx_word' id='word_1_8' title='bbox 643 715 723 773; x_wconf 90' lang='lat' dir='ltr'>sunt</span> <span class='ocrx_word' id='word_1_9' title='bbox 738 710 923 775; x_wconf 84' lang='lat' dir='ltr'>divisiones</span> <span class='ocrx_word' id='word_1_10' title='bbox 933 715 1016 796; x_wconf 91' lang='lat' dir='ltr'>quot</span> <span class='ocrx_word' id='word_1_11' title='bbox 1031 713 1193 788; x_wconf 78' lang='lat' dir='ltr'>actiones,</span> <span class='ocrx_word' id='word_1_12' title='bbox 1212 734 1254 778; x_wconf 90' lang='lat' dir='ltr'>ex</span> <span class='ocrx_word' id='word_1_13' title='bbox 1270 716 1342 798; x_wconf 89' lang='lat' dir='ltr'>qoi-</span> 
     </span>
    </p>
   </div>
   <div class='ocr_carea' id='block_1_3' title="bbox 155 816 1373 1768">
    <p class='ocr_par' dir='ltr' id='par_1_3' title="bbox 156 816 1341 1324">
     <span class='ocr_line' id='line_1_3' title="bbox 161 816 1338 906; baseline 0.006 -26"><span class='ocrx_word' id='word_1_14' title='bbox 161 820 226 882; x_wconf 87' lang='lat' dir='ltr'>bus</span> <span class='ocrx_word' id='word_1_15' title='bbox 241 819 422 902; x_wconf 71' lang='lat' dir='ltr'>praecipuae</span> <span class='ocrx_word' id='word_1_16' title='bbox 437 816 641 882; x_wconf 78' lang='lat' dir='ltr'>referuntur.</span> <span class='ocrx_word' id='word_1_17' title='bbox 657 816 751 881; x_wconf 85' lang='lat' dir='ltr'><strong>Unde</strong></span> <span class='ocrx_word' id='word_1_18' title='bbox 768 819 799 882; x_wconf 83' lang='lat' dir='ltr'>l⁰</span> <span class='ocrx_word' id='word_1_19' title='bbox 816 823 867 882; x_wconf 91' lang='lat' dir='ltr'>est</span> <span class='ocrx_word' id='word_1_20' title='bbox 876 819 1063 904; x_wconf 79' lang='lat' dir='ltr'>spirituale,</span> <span class='ocrx_word' id='word_1_21' title='bbox 1078 819 1133 884; x_wconf 89' lang='lat' dir='ltr'>vel</span> <span class='ocrx_word' id='word_1_22' title='bbox 1143 824 1338 906; x_wconf 83' lang='lat' dir='ltr'>temporale,</span> 
     </span>
     <span class='ocr_line' id='line_1_4' title="bbox 158 927 1340 1011; baseline 0.001 -17"><span class='ocrx_word' id='word_1_23' title='bbox 158 933 263 1011; x_wconf 88' lang='lat' dir='ltr'>prout</span> <span class='ocrx_word' id='word_1_24' title='bbox 277 928 313 990; x_wconf 87' lang='lat' dir='ltr'>in</span> <span class='ocrx_word' id='word_1_25' title='bbox 325 945 367 991; x_wconf 87' lang='lat' dir='ltr'>eo</span> <span class='ocrx_word' id='word_1_26' title='bbox 383 930 546 992; x_wconf 84' lang='lat' dir='ltr'>tractatur</span> <span class='ocrx_word' id='word_1_27' title='bbox 557 945 659 992; x_wconf 87' lang='lat' dir='ltr'>consa</span> <span class='ocrx_word' id='word_1_28' title='bbox 678 927 860 1011; x_wconf 85' lang='lat' dir='ltr'>spiritualis</span> <span class='ocrx_word' id='word_1_29' title='bbox 874 928 930 992; x_wconf 88' lang='lat' dir='ltr'>vel</span> <span class='ocrx_word' id='word_1_30' title='bbox 944 929 1023 994; x_wconf 90' lang='lat' dir='ltr'>huic</span> <span class='ocrx_word' id='word_1_31' title='bbox 1038 947 1183 1006; x_wconf 83' lang='lat' dir='ltr'>annexa,</span> <span class='ocrx_word' id='word_1_32' title='bbox 1204 937 1264 994; x_wconf 88' lang='lat' dir='ltr'>aut</span> <span class='ocrx_word' id='word_1_33' title='bbox 1285 951 1340 998; x_wconf 83' lang='lat' dir='ltr'>res</span> 
     </span>
     <span class='ocr_line' id='line_1_5' title="bbox 158 1028 1340 1119; baseline 0.005 -19"><span class='ocrx_word' id='word_1_34' title='bbox 158 1057 255 1102; x_wconf 88' lang='lat' dir='ltr'>mere</span> <span class='ocrx_word' id='word_1_35' title='bbox 271 1035 477 1119; x_wconf 84' lang='lat' dir='ltr'>temporalis.</span> <span class='ocrx_word' id='word_1_36' title='bbox 492 1028 716 1101; x_wconf 64' lang='lat' dir='ltr'>Differunt‘a&#39;b</span> <span class='ocrx_word' id='word_1_37' title='bbox 727 1037 954 1104; x_wconf 85' lang='lat' dir='ltr'>ecclesiastico</span> <span class='ocrx_word' id='word_1_38' title='bbox 970 1043 1004 1101; x_wconf 91' lang='lat' dir='ltr'>et</span> <span class='ocrx_word' id='word_1_39' title='bbox 1020 1037 1192 1114; x_wconf 80' lang='lat' dir='ltr'>saecnlari3</span> <span class='ocrx_word' id='word_1_40' title='bbox 1210 1059 1290 1104; x_wconf 90' lang='lat' dir='ltr'>nam</span> <span class='ocrx_word' id='word_1_41' title='bbox 1304 1041 1340 1108; x_wconf 89' lang='lat' dir='ltr'>in</span> 
     </span>
     <span class='ocr_line' id='line_1_6' title="bbox 158 1147 1341 1233; baseline 0.001 -20"><span class='ocrx_word' id='word_1_42' title='bbox 158 1148 389 1213; x_wconf 84' lang='lat' dir='ltr'>eeclesiastico</span> <span class='ocrx_word' id='word_1_43' title='bbox 401 1147 456 1230; x_wconf 78' lang='lat' dir='ltr'>agi</span> <span class='ocrx_word' id='word_1_44' title='bbox 469 1153 613 1232; x_wconf 87' lang='lat' dir='ltr'>possunt</span> <span class='ocrx_word' id='word_1_45' title='bbox 622 1148 725 1213; x_wconf 86' lang='lat' dir='ltr'>etiam</span> <span class='ocrx_word' id='word_1_46' title='bbox 738 1167 849 1214; x_wconf 73' lang='lat' dir='ltr'>causae</span> <span class='ocrx_word' id='word_1_47' title='bbox 863 1152 1023 1233; x_wconf 79' lang='lat' dir='ltr'>profane,</span> <span class='ocrx_word' id='word_1_48' title='bbox 1040 1169 1100 1214; x_wconf 90' lang='lat' dir='ltr'>sen</span> <span class='ocrx_word' id='word_1_49' title='bbox 1115 1149 1231 1216; x_wconf 84' lang='lat' dir='ltr'>civiles</span> <span class='ocrx_word' id='word_1_50' title='bbox 1246 1149 1341 1216; x_wconf 81' lang='lat' dir='ltr'>cleri-</span> 
     </span>
     <span class='ocr_line' id='line_1_7' title="bbox 156 1277 291 1324; baseline -0.037 0"><span class='ocrx_word' id='word_1_51' title='bbox 156 1277 291 1324; x_wconf 87' lang='lat' dir='ltr'>corum.</span> 
     </span>
    </p>

    <p class='ocr_par' dir='ltr' id='par_1_4' title="bbox 155 1369 1373 1768">
     <span class='ocr_line' id='line_1_8' title="bbox 197 1369 1340 1454; baseline 0.005 -22"><span class='ocrx_word' id='word_1_52' title='bbox 197 1369 231 1432; x_wconf 71' lang='lat'>9·</span> <span class='ocrx_word' id='word_1_53' title='bbox 247 1369 306 1432; x_wconf 90' lang='lat' dir='ltr'>Est</span> <span class='ocrx_word' id='word_1_54' title='bbox 328 1369 430 1447; x_wconf 86' lang='lat' dir='ltr'>reale,</span> <span class='ocrx_word' id='word_1_55' title='bbox 450 1369 485 1432; x_wconf 89' lang='lat' dir='ltr'>in</span> <span class='ocrx_word' id='word_1_56' title='bbox 508 1387 574 1453; x_wconf 85' lang='lat' dir='ltr'>quo</span> <span class='ocrx_word' id='word_1_57' title='bbox 592 1370 678 1434; x_wconf 90' lang='lat' dir='ltr'>actio</span> <span class='ocrx_word' id='word_1_58' title='bbox 694 1369 793 1433; x_wconf 87' lang='lat' dir='ltr'>realis</span> <span class='ocrx_word' id='word_1_59' title='bbox 812 1371 1010 1446; x_wconf 87' lang='lat' dir='ltr'>intentatur,</span> <span class='ocrx_word' id='word_1_60' title='bbox 1024 1389 1084 1434; x_wconf 89' lang='lat' dir='ltr'>sen</span> <span class='ocrx_word' id='word_1_61' title='bbox 1100 1371 1230 1454; x_wconf 87' lang='lat' dir='ltr'>dejure</span> <span class='ocrx_word' id='word_1_62' title='bbox 1249 1371 1284 1435; x_wconf 91' lang='lat' dir='ltr'>in</span> <span class='ocrx_word' id='word_1_63' title='bbox 1303 1392 1340 1438; x_wconf 90' lang='lat' dir='ltr'>re</span> 
     </span>
     <span class='ocr_line' id='line_1_9' title="bbox 158 1479 1336 1564; baseline 0.003 -23"><span class='ocrx_word' id='word_1_64' title='bbox 158 1479 365 1561; x_wconf 86' lang='lat' dir='ltr'>disputatur,</span> <span class='ocrx_word' id='word_1_65' title='bbox 389 1483 423 1542; x_wconf 90' lang='lat' dir='ltr'>et</span> <span class='ocrx_word' id='word_1_66' title='bbox 439 1479 630 1562; x_wconf 85' lang='lat' dir='ltr'>personale,</span> <span class='ocrx_word' id='word_1_67' title='bbox 656 1480 780 1561; x_wconf 85' lang='lat' dir='ltr'>inquo</span> <span class='ocrx_word' id='word_1_68' title='bbox 802 1479 1004 1562; x_wconf 78' lang='lat' dir='ltr'>proponitur</span> <span class='ocrx_word' id='word_1_69' title='bbox 1024 1480 1112 1544; x_wconf 89' lang='lat' dir='ltr'>actio</span> <span class='ocrx_word' id='word_1_70' title='bbox 1136 1481 1336 1564; x_wconf 88' lang='lat' dir='ltr'>personalis,</span> 
     </span>
     <span class='ocr_line' id='line_1_10' title="bbox 157 1586 1373 1671; baseline 0.006 -23"><span class='ocrx_word' id='word_1_71' title='bbox 157 1605 220 1650; x_wconf 86' lang='lat' dir='ltr'>seu</span> <span class='ocrx_word' id='word_1_72' title='bbox 252 1586 440 1650; x_wconf 87' lang='lat' dir='ltr'>instituitur</span> <span class='ocrx_word' id='word_1_73' title='bbox 466 1587 553 1650; x_wconf 90' lang='lat' dir='ltr'>actio</span> <span class='ocrx_word' id='word_1_74' title='bbox 576 1587 611 1649; x_wconf 92' lang='lat' dir='ltr'>in</span> <span class='ocrx_word' id='word_1_75' title='bbox 638 1605 831 1669; x_wconf 87' lang='lat' dir='ltr'>personam,</span> <span class='ocrx_word' id='word_1_76' title='bbox 857 1606 981 1671; x_wconf 90' lang='lat' dir='ltr'>nempe</span> <span class='ocrx_word' id='word_1_77' title='bbox 1003 1606 1045 1650; x_wconf 85' lang='lat' dir='ltr'>ex</span> <span class='ocrx_word' id='word_1_78' title='bbox 1067 1593 1254 1666; x_wconf 83' lang='lat' dir='ltr'>contractu,</span> <span class='ocrx_word' id='word_1_79' title='bbox 1284 1592 1339 1656; x_wconf 90' lang='lat' dir='ltr'>de·</span> <span class='ocrx_word' id='word_1_80' title='bbox 1370 1633 1373 1640; x_wconf 91' lang='lat'>-</span> 
     </span>
     <span class='ocr_line' id='line_1_11' title="bbox 155 1691 336 1768; baseline 0.006 -14"><span class='ocrx_word' id='word_1_81' title='bbox 155 1691 252 1768; x_wconf 80' lang='lat' dir='ltr'>licta,</span> <span class='ocrx_word' id='word_1_82' title='bbox 273 1697 336 1758; x_wconf 84' lang='lat' dir='ltr'>ete.</span> 
     </span>
    </p>
   </div>
   <div class='ocr_carea' id='block_1_4' title="bbox 198 1803 1443 1892">
    <p class='ocr_par' dir='ltr' id='par_1_5' title="bbox 198 1803 1443 1892">
     <span class='ocr_line' id='line_1_12' title="bbox 198 1803 1443 1892; baseline 0.007 -27"><span class='ocrx_word' id='word_1_83' title='bbox 198 1806 232 1867; x_wconf 79' lang='lat'>3⁰</span> <span class='ocrx_word' id='word_1_84' title='bbox 249 1803 307 1866; x_wconf 85' lang='lat' dir='ltr'>Est</span> <span class='ocrx_word' id='word_1_85' title='bbox 312 1804 511 1886; x_wconf 81' lang='lat' dir='ltr'>petitorium</span> <span class='ocrx_word' id='word_1_86' title='bbox 526 1807 560 1866; x_wconf 86' lang='lat' dir='ltr'>et</span> <span class='ocrx_word' id='word_1_87' title='bbox 568 1806 809 1889; x_wconf 79' lang='lat' dir='ltr'>possessorium</span> <span class='ocrx_word' id='word_1_88' title='bbox 824 1825 835 1869; x_wconf 95' lang='lat'><em>:</em></span> <span class='ocrx_word' id='word_1_89' title='bbox 845 1807 1046 1890; x_wconf 82' lang='lat' dir='ltr'>petitorium</span> <span class='ocrx_word' id='word_1_90' title='bbox 1062 1811 1204 1872; x_wconf 88' lang='lat' dir='ltr'>vocatur</span> <span class='ocrx_word' id='word_1_91' title='bbox 1218 1809 1252 1872; x_wconf 91' lang='lat' dir='ltr'>iu</span> <span class='ocrx_word' id='word_1_92' title='bbox 1270 1829 1338 1892; x_wconf 91' lang='lat' dir='ltr'>quo</span> <span class='ocrx_word' id='word_1_93' title='bbox 1439 1868 1443 1889; x_wconf 73' lang='grc'>,</span> 
     </span>
    </p>
   </div>
   <div class='ocr_carea' id='block_1_5' title="bbox 155 1912 1338 3200">
    <p class='ocr_par' dir='ltr' id='par_1_6' title="bbox 156 1912 1338 2215">
     <span class='ocr_line' id='line_1_13' title="bbox 156 1912 1338 2000; baseline 0.003 -24"><span class='ocrx_word' id='word_1_94' title='bbox 156 1914 276 1995; x_wconf 87' lang='lat' dir='ltr'>agitur</span> <span class='ocrx_word' id='word_1_95' title='bbox 299 1912 340 1976; x_wconf 91' lang='lat' dir='ltr'>de</span> <span class='ocrx_word' id='word_1_96' title='bbox 365 1913 570 1996; x_wconf 80' lang='lat' dir='ltr'>proprietate</span> <span class='ocrx_word' id='word_1_97' title='bbox 588 1915 647 1990; x_wconf 89' lang='lat' dir='ltr'>rei,</span> <span class='ocrx_word' id='word_1_98' title='bbox 674 1933 735 1978; x_wconf 91' lang='lat' dir='ltr'>sen</span> <span class='ocrx_word' id='word_1_99' title='bbox 751 1915 793 1978; x_wconf 89' lang='lat' dir='ltr'>de</span> <span class='ocrx_word' id='word_1_100' title='bbox 808 1934 911 1980; x_wconf 87' lang='lat' dir='ltr'>causa</span> <span class='ocrx_word' id='word_1_101' title='bbox 931 1917 1162 1999; x_wconf 80' lang='lat' dir='ltr'>proprietatis3</span> <span class='ocrx_word' id='word_1_102' title='bbox 1172 1935 1338 2000; x_wconf 85' lang='lat' dir='ltr'>possesso-</span> 
     </span>
     <span class='ocr_line' id='line_1_14' title="bbox 156 2023 1337 2109; baseline 0.005 -25"><span class='ocrx_word' id='word_1_103' title='bbox 156 2025 250 2085; x_wconf 84' lang='lat' dir='ltr'>rium</span> <span class='ocrx_word' id='word_1_104' title='bbox 263 2023 399 2096; x_wconf 89' lang='lat' dir='ltr'>vcr0,in</span> <span class='ocrx_word' id='word_1_105' title='bbox 413 2041 480 2106; x_wconf 92' lang='lat' dir='ltr'>qno</span> <span class='ocrx_word' id='word_1_106' title='bbox 493 2023 607 2104; x_wconf 80' lang='lat' dir='ltr'>agitur</span> <span class='ocrx_word' id='word_1_107' title='bbox 616 2023 658 2087; x_wconf 92' lang='lat' dir='ltr'>de</span> <span class='ocrx_word' id='word_1_108' title='bbox 671 2023 744 2088; x_wconf 84' lang='lat' dir='ltr'>sola</span> <span class='ocrx_word' id='word_1_109' title='bbox 754 2025 970 2108; x_wconf 87' lang='lat' dir='ltr'>possessione</span> <span class='ocrx_word' id='word_1_110' title='bbox 979 2023 1090 2089; x_wconf 88' lang='lat' dir='ltr'>reivel</span> <span class='ocrx_word' id='word_1_111' title='bbox 1097 2025 1184 2109; x_wconf 87' lang='lat' dir='ltr'>juris</span> <span class='ocrx_word' id='word_1_112' title='bbox 1195 2025 1337 2108; x_wconf 86' lang='lat' dir='ltr'>alicujus</span> 
     </span>
     <span class='ocr_line' id='line_1_15' title="bbox 156 2131 888 2215; baseline 0.005 -23"><span class='ocrx_word' id='word_1_113' title='bbox 156 2131 377 2215; x_wconf 88' lang='lat' dir='ltr'>acquirenda,</span> <span class='ocrx_word' id='word_1_114' title='bbox 388 2131 567 2196; x_wconf 85' lang='lat' dir='ltr'>retinenda</span> <span class='ocrx_word' id='word_1_115' title='bbox 579 2131 632 2195; x_wconf 92' lang='lat' dir='ltr'>vel</span> <span class='ocrx_word' id='word_1_116' title='bbox 648 2133 888 2214; x_wconf 87' lang='lat' dir='ltr'>recuperanda.</span> 
     </span>
    </p>

    <p class='ocr_par' dir='ltr' id='par_1_7' title="bbox 156 2241 1338 2656">
     <span class='ocr_line' id='line_1_16' title="bbox 194 2241 1337 2325; baseline 0.003 -19"><span class='ocrx_word' id='word_1_117' title='bbox 194 2243 230 2306; x_wconf 69' lang='lat'>4⁹</span> <span class='ocrx_word' id='word_1_118' title='bbox 246 2241 304 2306; x_wconf 87' lang='lat' dir='ltr'>Est</span> <span class='ocrx_word' id='word_1_119' title='bbox 315 2242 481 2324; x_wconf 88' lang='lat' dir='ltr'>judicium</span> <span class='ocrx_word' id='word_1_120' title='bbox 503 2243 596 2307; x_wconf 73' lang='lat' dir='ltr'>honre</span> <span class='ocrx_word' id='word_1_121' title='bbox 610 2243 694 2324; x_wconf 79' lang='lat' dir='ltr'>fidel</span> <span class='ocrx_word' id='word_1_122' title='bbox 713 2247 747 2306; x_wconf 91' lang='lat' dir='ltr'>et</span> <span class='ocrx_word' id='word_1_123' title='bbox 767 2244 876 2307; x_wconf 83' lang='lat' dir='ltr'>stricti</span> <span class='ocrx_word' id='word_1_124' title='bbox 894 2244 1006 2325; x_wconf 84' lang='lat' dir='ltr'>jnrr&#39;s,·</span> <span class='ocrx_word' id='word_1_125' title='bbox 1028 2246 1126 2310; x_wconf 74' lang='lat' dir='ltr'>hona</span> <span class='ocrx_word' id='word_1_126' title='bbox 1142 2245 1220 2310; x_wconf 84' lang='lat' dir='ltr'>lnlei</span> <span class='ocrx_word' id='word_1_127' title='bbox 1236 2252 1289 2311; x_wconf 88' lang='lat' dir='ltr'>est</span> <span class='ocrx_word' id='word_1_128' title='bbox 1303 2247 1337 2310; x_wconf 89' lang='lat' dir='ltr'>in</span> 
     </span>
     <span class='ocr_line' id='line_1_17' title="bbox 156 2352 1337 2438; baseline 0.003 -22"><span class='ocrx_word' id='word_1_129' title='bbox 156 2371 225 2435; x_wconf 86' lang='lat' dir='ltr'>quo</span> <span class='ocrx_word' id='word_1_130' title='bbox 240 2352 347 2436; x_wconf 79' lang='lat' dir='ltr'>judex</span> <span class='ocrx_word' id='word_1_131' title='bbox 359 2357 470 2436; x_wconf 89' lang='lat' dir='ltr'>potest</span> <span class='ocrx_word' id='word_1_132' title='bbox 483 2353 652 2418; x_wconf 81' lang='lat' dir='ltr'>aestimare</span> <span class='ocrx_word' id='word_1_133' title='bbox 664 2371 707 2416; x_wconf 85' lang='lat' dir='ltr'>ex</span> <span class='ocrx_word' id='word_1_134' title='bbox 722 2370 820 2437; x_wconf 79' lang='lat' dir='ltr'>aquo</span> <span class='ocrx_word' id='word_1_135' title='bbox 836 2359 870 2418; x_wconf 91' lang='lat' dir='ltr'>et</span> <span class='ocrx_word' id='word_1_136' title='bbox 884 2355 974 2418; x_wconf 91' lang='lat' dir='ltr'>bono</span> <span class='ocrx_word' id='word_1_137' title='bbox 990 2354 1071 2438; x_wconf 87' lang='lat' dir='ltr'>quid</span> <span class='ocrx_word' id='word_1_138' title='bbox 1086 2356 1190 2419; x_wconf 86' lang='lat' dir='ltr'>actori</span> <span class='ocrx_word' id='word_1_139' title='bbox 1204 2356 1337 2420; x_wconf 88' lang='lat' dir='ltr'>restitui</span> 
     </span>
     <span class='ocr_line' id='line_1_18' title="bbox 158 2459 1338 2546; baseline 0.005 -24"><span class='ocrx_word' id='word_1_140' title='bbox 158 2460 298 2534; x_wconf 85' lang='lat' dir='ltr'>debeat;</span> <span class='ocrx_word' id='word_1_141' title='bbox 315 2461 423 2524; x_wconf 80' lang='lat' dir='ltr'>stricti</span> <span class='ocrx_word' id='word_1_142' title='bbox 435 2461 526 2542; x_wconf 87' lang='lat' dir='ltr'>jnris</span> <span class='ocrx_word' id='word_1_143' title='bbox 547 2465 598 2524; x_wconf 86' lang='lat' dir='ltr'>est</span> <span class='ocrx_word' id='word_1_144' title='bbox 616 2461 651 2524; x_wconf 89' lang='lat' dir='ltr'>in</span> <span class='ocrx_word' id='word_1_145' title='bbox 665 2480 733 2544; x_wconf 89' lang='lat' dir='ltr'>qno</span> <span class='ocrx_word' id='word_1_146' title='bbox 747 2459 890 2525; x_wconf 84' lang='lat' dir='ltr'>facultas</span> <span class='ocrx_word' id='word_1_147' title='bbox 903 2461 1026 2546; x_wconf 87' lang='lat' dir='ltr'>judicis</span> <span class='ocrx_word' id='word_1_148' title='bbox 1041 2467 1093 2526; x_wconf 90' lang='lat' dir='ltr'>est</span> <span class='ocrx_word' id='word_1_149' title='bbox 1108 2463 1272 2540; x_wconf 86' lang='lat' dir='ltr'>restricta,</span> <span class='ocrx_word' id='word_1_150' title='bbox 1291 2465 1338 2532; x_wconf 85' lang='lat' dir='ltr'>ita</span> 
     </span>
     <span class='ocr_line' id='line_1_19' title="bbox 160 2569 1335 2656; baseline 0.003 -25"><span class='ocrx_word' id='word_1_151' title='bbox 160 2574 198 2632; x_wconf 90' lang='lat' dir='ltr'>nt</span> <span class='ocrx_word' id='word_1_152' title='bbox 211 2570 304 2634; x_wconf 90' lang='lat' dir='ltr'>ultra</span> <span class='ocrx_word' id='word_1_153' title='bbox 320 2569 545 2636; x_wconf 88' lang='lat' dir='ltr'>determinata</span> <span class='ocrx_word' id='word_1_154' title='bbox 558 2589 578 2635; x_wconf 87' lang='lat' dir='ltr'>a</span> <span class='ocrx_word' id='word_1_155' title='bbox 593 2571 669 2652; x_wconf 85' lang='lat' dir='ltr'>lege</span> <span class='ocrx_word' id='word_1_156' title='bbox 685 2589 754 2636; x_wconf 88' lang='lat' dir='ltr'>non</span> <span class='ocrx_word' id='word_1_157' title='bbox 774 2571 881 2654; x_wconf 85' lang='lat' dir='ltr'>possit</span> <span class='ocrx_word' id='word_1_158' title='bbox 903 2590 965 2636; x_wconf 90' lang='lat' dir='ltr'>sua</span> <span class='ocrx_word' id='word_1_159' title='bbox 982 2573 1151 2636; x_wconf 87' lang='lat' dir='ltr'>sententia</span> <span class='ocrx_word' id='word_1_160' title='bbox 1164 2573 1335 2656; x_wconf 77' lang='lat' dir='ltr'>progredi.</span> 
     </span>
    </p>

    <p class='ocr_par' dir='ltr' id='par_1_8' title="bbox 155 2679 1337 3200">
     <span class='ocr_line' id='line_1_20' title="bbox 198 2679 1336 2765; baseline 0.001 -22"><span class='ocrx_word' id='word_1_161' title='bbox 198 2679 235 2760; x_wconf 80' lang='lat' dir='ltr'>d)</span> <span class='ocrx_word' id='word_1_162' title='bbox 271 2679 414 2743; x_wconf 82' lang='lat' dir='ltr'>Ratione</span> <span class='ocrx_word' id='word_1_163' title='bbox 436 2681 568 2762; x_wconf 78' lang='lat' dir='ltr'>former,</span> <span class='ocrx_word' id='word_1_164' title='bbox 601 2681 767 2764; x_wconf 88' lang='lat' dir='ltr'>judicium</span> <span class='ocrx_word' id='word_1_165' title='bbox 801 2681 961 2744; x_wconf 88' lang='lat' dir='ltr'>dividitur</span> <span class='ocrx_word' id='word_1_166' title='bbox 992 2683 1027 2744; x_wconf 89' lang='lat' dir='ltr'>in</span> <span class='ocrx_word' id='word_1_167' title='bbox 1052 2680 1248 2765; x_wconf 82' lang='lat' dir='ltr'>plenarium</span> <span class='ocrx_word' id='word_1_168' title='bbox 1275 2699 1336 2746; x_wconf 91' lang='lat' dir='ltr'>seu</span> 
     </span>
     <span class='ocr_line' id='line_1_21' title="bbox 155 2787 1337 2872; baseline 0.005 -26"><span class='ocrx_word' id='word_1_169' title='bbox 155 2787 317 2864; x_wconf 81' lang='lat' dir='ltr'>solemne,</span> <span class='ocrx_word' id='word_1_170' title='bbox 334 2789 393 2851; x_wconf 88' lang='lat' dir='ltr'>aut</span> <span class='ocrx_word' id='word_1_171' title='bbox 408 2787 631 2868; x_wconf 81' lang='lat' dir='ltr'>ordinarium,</span> <span class='ocrx_word' id='word_1_172' title='bbox 655 2789 690 2851; x_wconf 90' lang='lat' dir='ltr'>in</span> <span class='ocrx_word' id='word_1_173' title='bbox 715 2807 783 2872; x_wconf 91' lang='lat' dir='ltr'>quo</span> <span class='ocrx_word' id='word_1_174' title='bbox 799 2807 919 2853; x_wconf 89' lang='lat' dir='ltr'>omnes</span> <span class='ocrx_word' id='word_1_175' title='bbox 934 2789 1167 2854; x_wconf 85' lang='lat' dir='ltr'>solemnitates</span> <span class='ocrx_word' id='word_1_176' title='bbox 1178 2789 1265 2872; x_wconf 79' lang='lat' dir='ltr'>J&#39;uris</span> <span class='ocrx_word' id='word_1_177' title='bbox 1280 2789 1337 2852; x_wconf 89' lang='lat' dir='ltr'>oh-</span> 
     </span>
     <span class='ocr_line' id='line_1_22' title="bbox 157 2897 1334 2982; baseline 0.003 -26"><span class='ocrx_word' id='word_1_178' title='bbox 157 2899 362 2970; x_wconf 63' lang='lat' dir='ltr'>servantum</span> <span class='ocrx_word' id='word_1_179' title='bbox 390 2901 424 2960; x_wconf 89' lang='lat' dir='ltr'>et</span> <span class='ocrx_word' id='word_1_180' title='bbox 442 2900 678 2973; x_wconf 80' lang='lat' dir='ltr'>summarium,</span> <span class='ocrx_word' id='word_1_181' title='bbox 696 2899 732 2961; x_wconf 92' lang='lat' dir='ltr'>in</span> <span class='ocrx_word' id='word_1_182' title='bbox 755 2917 822 2982; x_wconf 91' lang='lat' dir='ltr'>quo</span> <span class='ocrx_word' id='word_1_183' title='bbox 849 2899 1041 2982; x_wconf 78' lang='lat' dir='ltr'>proceditur</span> <span class='ocrx_word' id='word_1_184' title='bbox 1066 2897 1107 2962; x_wconf 92' lang='lat' dir='ltr'>de</span> <span class='ocrx_word' id='word_1_185' title='bbox 1128 2897 1240 2982; x_wconf 83' lang='lat' dir='ltr'>plano,</span> <span class='ocrx_word' id='word_1_186' title='bbox 1262 2897 1334 2960; x_wconf 90' lang='lat' dir='ltr'>sino</span> 
     </span>
     <span class='ocr_line' id='line_1_23' title="bbox 158 3005 1334 3092; baseline 0.004 -25"><span class='ocrx_word' id='word_1_187' title='bbox 158 3005 303 3088; x_wconf 88' lang='lat' dir='ltr'>strepitu</span> <span class='ocrx_word' id='word_1_188' title='bbox 327 3009 361 3069; x_wconf 91' lang='lat' dir='ltr'>et</span> <span class='ocrx_word' id='word_1_189' title='bbox 382 3007 491 3087; x_wconf 79' lang='lat' dir='ltr'>ligura</span> <span class='ocrx_word' id='word_1_190' title='bbox 508 3007 636 3089; x_wconf 88' lang='lat' dir='ltr'>judicii,</span> <span class='ocrx_word' id='word_1_191' title='bbox 661 3012 695 3071; x_wconf 92' lang='lat' dir='ltr'>et</span> <span class='ocrx_word' id='word_1_192' title='bbox 717 3005 864 3092; x_wconf 88' lang='lat' dir='ltr'>quodam</span> <span class='ocrx_word' id='word_1_193' title='bbox 894 3009 996 3073; x_wconf 90' lang='lat' dir='ltr'>modo</span> <span class='ocrx_word' id='word_1_194' title='bbox 1022 3007 1094 3073; x_wconf 89' lang='lat' dir='ltr'>sola</span> <span class='ocrx_word' id='word_1_195' title='bbox 1119 3009 1168 3072; x_wconf 89' lang='lat' dir='ltr'>rei</span> <span class='ocrx_word' id='word_1_196' title='bbox 1193 3007 1334 3072; x_wconf 83' lang='lat' dir='ltr'>veritate</span> 
     </span>
     <span class='ocr_line' id='line_1_24' title="bbox 156 3115 548 3200; baseline -0.013 -22"><span class='ocrx_word' id='word_1_197' title='bbox 156 3117 289 3179; x_wconf 83' lang='lat' dir='ltr'>attenta</span> <span class='ocrx_word' id='word_1_198' title='bbox 301 3115 548 3200; x_wconf 88' lang='lat' dir='ltr'>pronuntiatur.</span> 
     </span>
    </p>
   </div>
   <div class='ocr_carea' id='block_1_6' title="bbox 648 3313 845 3376">
    <p class='ocr_par' dir='ltr' id='par_1_9' title="bbox 648 3313 845 3376">
     <span class='ocr_line' id='line_1_25' title="bbox 648 3313 845 3376; baseline 0.01 -2"><span class='ocrx_word' id='word_1_199' title='bbox 648 3313 783 3376; x_wconf 73' lang='lat' dir='ltr'>sedric</span> <span class='ocrx_word' id='word_1_200' title='bbox 805 3313 845 3376; x_wconf 89' lang='grc' dir='ltr'>ΙΙ.</span> 
     </span>
    </p>
   </div>
   <div class='ocr_carea' id='block_1_7' title="bbox 384 3457 1108 3524">
    <p class='ocr_par' dir='ltr' id='par_1_10' title="bbox 384 3457 1108 3524">
     <span class='ocr_line' id='line_1_26' title="bbox 384 3457 1108 3524; baseline -0.001 -14"><span class='ocrx_word' id='word_1_201' title='bbox 384 3457 431 3510; x_wconf 78' lang='lat' dir='ltr'>Do</span> <span class='ocrx_word' id='word_1_202' title='bbox 447 3457 600 3524; x_wconf 72' lang='lat' dir='ltr'>personis</span> <span class='ocrx_word' id='word_1_203' title='bbox 616 3471 692 3524; x_wconf 75' lang='lat' dir='ltr'>quse</span> <span class='ocrx_word' id='word_1_204' title='bbox 709 3459 921 3512; x_wconf 71' lang='lat' dir='ltr'>conculcant</span> <span class='ocrx_word' id='word_1_205' title='bbox 936 3457 1108 3522; x_wconf 73' lang='lat' dir='ltr'>judicium.</span> 
     </span>
    </p>
   </div>
   <div class='ocr_carea' id='block_1_8' title="bbox 454 3615 1036 3688">
    <p class='ocr_par' dir='ltr' id='par_1_11' title="bbox 454 3615 1036 3688">
     <span class='ocr_line' id='line_1_27' title="bbox 454 3615 1036 3688; baseline 0.002 -16"><span class='ocrx_word' id='word_1_206' title='bbox 454 3615 471 3688; x_wconf 66' lang='grc' dir='ltr'>ς</span> <span class='ocrx_word' id='word_1_207' title='bbox 490 3617 510 3672; x_wconf 90' lang='lat'>1.</span> <span class='ocrx_word' id='word_1_208' title='bbox 532 3617 732 3675; x_wconf 79' lang='lat' dir='ltr'>Personarum</span> <span class='ocrx_word' id='word_1_209' title='bbox 751 3615 875 3675; x_wconf 80' lang='lat' dir='ltr'>itionem</span> <span class='ocrx_word' id='word_1_210' title='bbox 893 3617 1036 3674; x_wconf 77' lang='lat' dir='ltr'>recensio.</span> 
     </span>
    </p>
   </div>
   <div class='ocr_carea' id='block_1_9' title="bbox 154 3757 1357 4815">
    <p class='ocr_par' dir='ltr' id='par_1_12' title="bbox 156 3757 1334 4060">
     <span class='ocr_line' id='line_1_28' title="bbox 197 3757 1331 3846; baseline 0.002 -25"><span class='ocrx_word' id='word_1_211' title='bbox 197 3757 355 3822; x_wconf 71' lang='lat' dir='ltr'>Personae</span> <span class='ocrx_word' id='word_1_212' title='bbox 369 3757 412 3822; x_wconf 90' lang='lat' dir='ltr'>ad</span> <span class='ocrx_word' id='word_1_213' title='bbox 422 3757 589 3840; x_wconf 86' lang='lat' dir='ltr'>judicium</span> <span class='ocrx_word' id='word_1_214' title='bbox 598 3764 816 3835; x_wconf 88' lang='lat' dir='ltr'>concurrunt,</span> <span class='ocrx_word' id='word_1_215' title='bbox 832 3761 863 3822; x_wconf 75' lang='grc' dir='ltr'>1ο</span> <span class='ocrx_word' id='word_1_216' title='bbox 874 3758 948 3822; x_wconf 79' lang='lat' dir='ltr'>aliea</span> <span class='ocrx_word' id='word_1_217' title='bbox 964 3758 1132 3822; x_wconf 78' lang='lat' dir='ltr'>ordinarie</span> <span class='ocrx_word' id='word_1_218' title='bbox 1146 3758 1331 3846; x_wconf 87' lang='lat' dir='ltr'>etpublice,</span> 
     </span>
     <span class='ocr_line' id='line_1_29' title="bbox 158 3865 1334 3950; baseline 0.004 -23"><span class='ocrx_word' id='word_1_219' title='bbox 158 3870 191 3927; x_wconf 89' lang='lat' dir='ltr'>et</span> <span class='ocrx_word' id='word_1_220' title='bbox 206 3869 286 3929; x_wconf 88' lang='lat' dir='ltr'>sunt</span> <span class='ocrx_word' id='word_1_221' title='bbox 297 3865 353 3930; x_wconf 88' lang='lat' dir='ltr'>vel</span> <span class='ocrx_word' id='word_1_222' title='bbox 377 3865 581 3950; x_wconf 87' lang='lat' dir='ltr'>principales</span> <span class='ocrx_word' id='word_1_223' title='bbox 596 3869 853 3943; x_wconf 76' lang='lat' dir='ltr'>etnccessariee,</span> <span class='ocrx_word' id='word_1_224' title='bbox 869 3867 924 3932; x_wconf 89' lang='lat' dir='ltr'>vel</span> <span class='ocrx_word' id='word_1_225' title='bbox 941 3869 1136 3933; x_wconf 77' lang='lat' dir='ltr'>accessoria</span> <span class='ocrx_word' id='word_1_226' title='bbox 1159 3887 1220 3932; x_wconf 89' lang='lat' dir='ltr'>seu</span> <span class='ocrx_word' id='word_1_227' title='bbox 1241 3869 1334 3932; x_wconf 82' lang='lat' dir='ltr'>auxi-</span> 
     </span>
     <span class='ocr_line' id='line_1_30' title="bbox 156 3971 1216 4060; baseline 0.004 -24"><span class='ocrx_word' id='word_1_228' title='bbox 156 3971 275 4048; x_wconf 80' lang='lat' dir='ltr'>liares3</span> <span class='ocrx_word' id='word_1_229' title='bbox 289 3973 322 4036; x_wconf 52' lang='grc' dir='ltr'>θ’</span> <span class='ocrx_word' id='word_1_230' title='bbox 338 3972 415 4038; x_wconf 82' lang='lat' dir='ltr'>aliae</span> <span class='ocrx_word' id='word_1_231' title='bbox 430 3973 698 4038; x_wconf 84' lang='lat' dir='ltr'>extraordinarie</span> <span class='ocrx_word' id='word_1_232' title='bbox 716 3979 751 4038; x_wconf 88' lang='lat' dir='ltr'>et</span> <span class='ocrx_word' id='word_1_233' title='bbox 764 3975 867 4040; x_wconf 89' lang='lat' dir='ltr'>modo</span> <span class='ocrx_word' id='word_1_234' title='bbox 882 3976 1082 4060; x_wconf 84' lang='lat' dir='ltr'>accessorio.</span> <span class='ocrx_word' id='word_1_235' title='bbox 1100 3973 1216 4058; x_wconf 87' lang='lat' dir='ltr'>ltaque</span> 
     </span>
    </p>

    <p class='ocr_par' dir='ltr' id='par_1_13' title="bbox 154 4075 1357 4815">
     <span class='ocr_line' id='line_1_31' title="bbox 197 4075 1357 4164; baseline 0.003 -22"><span class='ocrx_word' id='word_1_236' title='bbox 197 4079 231 4160; x_wconf 86' lang='lat' dir='ltr'>n)</span> <span class='ocrx_word' id='word_1_237' title='bbox 243 4077 401 4144; x_wconf 76' lang='lat' dir='ltr'>Persona</span> <span class='ocrx_word' id='word_1_238' title='bbox 426 4080 627 4163; x_wconf 78' lang='lat' dir='ltr'>principales</span> <span class='ocrx_word' id='word_1_239' title='bbox 650 4087 730 4145; x_wconf 89' lang='lat' dir='ltr'>sunt</span> <span class='ocrx_word' id='word_1_240' title='bbox 751 4083 869 4164; x_wconf 83' lang='lat' dir='ltr'>judex,</span> <span class='ocrx_word' id='word_1_241' title='bbox 886 4075 982 4146; x_wconf 88' lang='lat' dir='ltr'>actor</span> <span class='ocrx_word' id='word_1_242' title='bbox 1000 4086 1034 4145; x_wconf 90' lang='lat' dir='ltr'>et</span> <span class='ocrx_word' id='word_1_243' title='bbox 1046 4099 1126 4146; x_wconf 91' lang='lat' dir='ltr'>reus</span> <span class='ocrx_word' id='word_1_244' title='bbox 1141 4101 1148 4144; x_wconf 76' lang='grc' dir='ltr'><em>τ</em></span> <span class='ocrx_word' id='word_1_245' title='bbox 1166 4083 1198 4144; x_wconf 87' lang='lat' dir='ltr'>l⁰</span> <span class='ocrx_word' id='word_1_246' title='bbox 1210 4082 1330 4159; x_wconf 79' lang='lat' dir='ltr'>Jndee,</span> <span class='ocrx_word' id='word_1_247' title='bbox 1352 4127 1357 4138; x_wconf 83' lang='lat'>.</span> 
     </span>
     <span class='ocr_line' id='line_1_32' title="bbox 158 4185 1332 4280; baseline 0.005 -32"><span class='ocrx_word' id='word_1_248' title='bbox 158 4186 204 4249; x_wconf 89' lang='lat' dir='ltr'>sic</span> <span class='ocrx_word' id='word_1_249' title='bbox 219 4185 339 4262; x_wconf 88' lang='lat' dir='ltr'>dictus,</span> <span class='ocrx_word' id='word_1_250' title='bbox 357 4188 436 4280; x_wconf 88' lang='lat' dir='ltr'>quia</span> <span class='ocrx_word' id='word_1_251' title='bbox 447 4190 504 4270; x_wconf 89' lang='lat' dir='ltr'>jus</span> <span class='ocrx_word' id='word_1_252' title='bbox 520 4187 608 4264; x_wconf 91' lang='lat' dir='ltr'>dicit,</span> <span class='ocrx_word' id='word_1_253' title='bbox 627 4193 679 4252; x_wconf 86' lang='lat' dir='ltr'>est</span> <span class='ocrx_word' id='word_1_254' title='bbox 702 4207 848 4271; x_wconf 87' lang='lat' dir='ltr'>persono</span> <span class='ocrx_word' id='word_1_255' title='bbox 876 4209 951 4273; x_wconf 78' lang='lat' dir='ltr'>qnae</span> <span class='ocrx_word' id='word_1_256' title='bbox 977 4189 1112 4272; x_wconf 89' lang='lat' dir='ltr'>publica</span> <span class='ocrx_word' id='word_1_257' title='bbox 1132 4191 1332 4254; x_wconf 86' lang='lat' dir='ltr'>auctoritate</span> 
     </span>
     <span class='ocr_line' id='line_1_33' title="bbox 154 4293 1332 4378; baseline 0.003 -21"><span class='ocrx_word' id='word_1_258' title='bbox 154 4293 282 4375; x_wconf 84' lang='lat' dir='ltr'>judicio</span> <span class='ocrx_word' id='word_1_259' title='bbox 296 4299 429 4377; x_wconf 76' lang='lat' dir='ltr'>praeest,</span> <span class='ocrx_word' id='word_1_260' title='bbox 446 4299 480 4358; x_wconf 90' lang='lat' dir='ltr'>et</span> <span class='ocrx_word' id='word_1_261' title='bbox 494 4296 590 4378; x_wconf 88' lang='lat' dir='ltr'>quasi</span> <span class='ocrx_word' id='word_1_262' title='bbox 604 4296 829 4360; x_wconf 87' lang='lat' dir='ltr'>mediatorem</span> <span class='ocrx_word' id='word_1_263' title='bbox 844 4299 915 4378; x_wconf 82' lang='lat' dir='ltr'>agit</span> <span class='ocrx_word' id='word_1_264' title='bbox 928 4299 1018 4361; x_wconf 88' lang='lat' dir='ltr'>inter</span> <span class='ocrx_word' id='word_1_265' title='bbox 1031 4297 1204 4378; x_wconf 81' lang='lat' dir='ltr'>litigantes</span> <span class='ocrx_word' id='word_1_266' title='bbox 1222 4317 1228 4360; x_wconf 93' lang='lat'><strong>:</strong></span> <span class='ocrx_word' id='word_1_267' title='bbox 1252 4299 1332 4360; x_wconf 90' lang='lat' dir='ltr'>utri-</span> 
     </span>
     <span class='ocr_line' id='line_1_34' title="bbox 158 4401 1332 4486; baseline 0.003 -22"><span class='ocrx_word' id='word_1_268' title='bbox 158 4420 222 4483; x_wconf 85' lang='lat' dir='ltr'>que</span> <span class='ocrx_word' id='word_1_269' title='bbox 239 4401 331 4465; x_wconf 89' lang='lat' dir='ltr'>enim</span> <span class='ocrx_word' id='word_1_270' title='bbox 345 4402 432 4486; x_wconf 91' lang='lat' dir='ltr'>parti</span> <span class='ocrx_word' id='word_1_271' title='bbox 444 4404 502 4484; x_wconf 81' lang='lat' dir='ltr'>jus</span> <span class='ocrx_word' id='word_1_272' title='bbox 527 4402 616 4467; x_wconf 92' lang='lat' dir='ltr'>dicit.</span> <span class='ocrx_word' id='word_1_273' title='bbox 639 4440 678 4450; x_wconf 94' lang='lat'>—</span> <span class='ocrx_word' id='word_1_274' title='bbox 692 4404 724 4467; x_wconf 65' lang='lat'>9⁰</span> <span class='ocrx_word' id='word_1_275' title='bbox 746 4403 859 4483; x_wconf 84' lang='lat' dir='ltr'>Actor,</span> <span class='ocrx_word' id='word_1_276' title='bbox 884 4405 926 4469; x_wconf 89' lang='lat' dir='ltr'>ab</span> <span class='ocrx_word' id='word_1_277' title='bbox 950 4405 1084 4486; x_wconf 79' lang='lat' dir='ltr'>agendo</span> <span class='ocrx_word' id='word_1_278' title='bbox 1100 4404 1220 4480; x_wconf 90' lang='lat' dir='ltr'>dictus,</span> <span class='ocrx_word' id='word_1_279' title='bbox 1238 4409 1291 4469; x_wconf 88' lang='lat' dir='ltr'>est</span> <span class='ocrx_word' id='word_1_280' title='bbox 1304 4405 1332 4467; x_wconf 91' lang='lat' dir='ltr'>is</span> 
     </span>
     <span class='ocr_line' id='line_1_35' title="bbox 157 4509 1332 4595; baseline 0.003 -25"><span class='ocrx_word' id='word_1_281' title='bbox 157 4510 212 4590; x_wconf 86' lang='lat' dir='ltr'>qui</span> <span class='ocrx_word' id='word_1_282' title='bbox 227 4509 397 4574; x_wconf 89' lang='lat' dir='ltr'>actionem</span> <span class='ocrx_word' id='word_1_283' title='bbox 411 4509 570 4592; x_wconf 90' lang='lat' dir='ltr'>proponit</span> <span class='ocrx_word' id='word_1_284' title='bbox 592 4511 683 4575; x_wconf 89' lang='lat' dir='ltr'>etad</span> <span class='ocrx_word' id='word_1_285' title='bbox 703 4511 870 4592; x_wconf 87' lang='lat' dir='ltr'>judicium</span> <span class='ocrx_word' id='word_1_286' title='bbox 890 4516 1069 4595; x_wconf 86' lang='lat' dir='ltr'>provocet;</span> <span class='ocrx_word' id='word_1_287' title='bbox 1096 4513 1131 4576; x_wconf 92' lang='lat' dir='ltr'>in</span> <span class='ocrx_word' id='word_1_288' title='bbox 1153 4511 1332 4577; x_wconf 89' lang='lat' dir='ltr'>criminali-</span> 
     </span>
     <span class='ocr_line' id='line_1_36' title="bbox 158 4615 1333 4702; baseline 0.004 -25"><span class='ocrx_word' id='word_1_289' title='bbox 158 4615 219 4680; x_wconf 87' lang='lat' dir='ltr'>bus</span> <span class='ocrx_word' id='word_1_290' title='bbox 234 4615 558 4692; x_wconf 79' lang='lat' dir='ltr'>dicituraccueator3</span> <span class='ocrx_word' id='word_1_291' title='bbox 571 4617 674 4702; x_wconf 86' lang='lat' dir='ltr'>hujus</span> <span class='ocrx_word' id='word_1_292' title='bbox 688 4618 799 4682; x_wconf 89' lang='lat' dir='ltr'>vicem</span> <span class='ocrx_word' id='word_1_293' title='bbox 815 4637 904 4702; x_wconf 81' lang='lat' dir='ltr'>saepe</span> <span class='ocrx_word' id='word_1_294' title='bbox 915 4619 1004 4700; x_wconf 82' lang='lat' dir='ltr'>gerit</span> <span class='ocrx_word' id='word_1_295' title='bbox 1015 4619 1121 4700; x_wconf 86' lang='lat' dir='ltr'>judex</span> <span class='ocrx_word' id='word_1_296' title='bbox 1142 4619 1333 4684; x_wconf 79' lang='lat' dir='ltr'>incrimine</span> 
     </span>
     <span class='ocr_line' id='line_1_37' title="bbox 158 4725 1331 4815; baseline 0.005 -30"><span class='ocrx_word' id='word_1_297' title='bbox 158 4725 343 4809; x_wconf 87' lang='lat' dir='ltr'>inquirens.</span> <span class='ocrx_word' id='word_1_298' title='bbox 366 4765 404 4774; x_wconf 95' lang='lat'>-</span> <span class='ocrx_word' id='word_1_299' title='bbox 424 4727 565 4802; x_wconf 86' lang='lat' dir='ltr'>3⁰Rens‚</span> <span class='ocrx_word' id='word_1_300' title='bbox 581 4727 629 4792; x_wconf 85' lang='lat' dir='ltr'>ita</span> <span class='ocrx_word' id='word_1_301' title='bbox 652 4729 771 4804; x_wconf 86' lang='lat' dir='ltr'>dictus,</span> <span class='ocrx_word' id='word_1_302' title='bbox 789 4749 858 4794; x_wconf 89' lang='lat' dir='ltr'>non</span> <span class='ocrx_word' id='word_1_303' title='bbox 874 4748 894 4794; x_wconf 88' lang='lat' dir='ltr'>a</span> <span class='ocrx_word' id='word_1_304' title='bbox 910 4735 1017 4806; x_wconf 88' lang='lat' dir='ltr'>reatu,</span> <span class='ocrx_word' id='word_1_305' title='bbox 1042 4729 1101 4794; x_wconf 89' lang='lat' dir='ltr'>sed</span> <span class='ocrx_word' id='word_1_306' title='bbox 1120 4731 1232 4815; x_wconf 89' lang='lat' dir='ltr'>potius</span> <span class='ocrx_word' id='word_1_307' title='bbox 1254 4748 1274 4793; x_wconf 87' lang='lat' dir='ltr'>a</span> <span class='ocrx_word' id='word_1_308' title='bbox 1296 4747 1331 4792; x_wconf 90' lang='lat' dir='ltr'>re</span> 
     </span>
    </p>
   </div>
   <div class='ocr_carea' id='block_1_10' title="bbox 0 0 1748 5564">
    <p class='ocr_par' dir='ltr' id='par_1_14' title="bbox 0 0 1748 5564">
     <span class='ocr_line' id='line_1_38' title="bbox 0 0 1748 5564; baseline 0 2"><span class='ocrx_word' id='word_1_309' title='bbox 0 0 1748 5564; x_wconf 95' lang='lat' dir='ltr'> </span> 
     </span>
    </p>
   </div>
  </div>
 </body>
</html>
