3510 5574
335 553 397 620 aar
509 587 511 595 Α
794 571 847 617 rus
865 571 1049 619 csromourr.

337 693 470 758 diderit.
485 689 528 774 Et
547 709 591 756 aa
605 689 712 756 altera
732 695 840 776 parte,
862 691 1089 777 depositarius
1105 709 1175 757 non
1198 695 1335 756 tenetur
1355 689 1515 754 adhibere

337 805 505 886 majorem
530 799 743 883 diligentiam
768 802 1039 887 unumquisque
1067 803 1103 866 in
1132 802 1235 866 rebus
1263 800 1335 865 suis
1355 799 1515 864 adhibere

338 910 434 974 solet.
453 909 700 992 Attamen,‚per
714 909 882 986 accidens,
899 909 1036 994 culpam
1050 910 1164 975 levem
1184 912 1347 993 prestare
1367 909 1513 980 tenetur,

337 1017 428 1102 quod
439 1016 624 1082 haheturl⁰
635 1017 918 1103 quotiescumque
928 1017 1122 1082 mercedem
1131 1033 1193 1100 pro
1200 1017 1250 1082 rei
1259 1015 1414 1081 custodia
1423 1033 1501 1080 acce
1515 1031 1517 1038 ·

336 1125 396 1210 pit;
408 1125 435 1188 si
447 1124 489 1189 od
501 1123 695 1209 dopositum
704 1125 938 1209 recipiendum
946 1125 1098 1210 seipsum
1107 1121 1337 1200 obtulerit‚vel
1347 1123 1375 1188 si
1383 1123 1516 1187 itacon·

336 1231 1517 1317 ventumsit:hocultimooasu,nempeviconventionis,possetetiam

337 1339 447 1405 teneri
457 1339 500 1404 ad
510 1340 740 1424 praestandam
754 1340 890 1424 culpam
901 1340 1123 1406 levissimam.
1137 1340 1283 1405 Deberet
1297 1340 1401 1408 etiam
1411 1357 1514 1422 praes·

338 1453 410 1513 tare
424 1449 560 1532 culpem
574 1448 796 1526 levissimam,
808 1450 836 1514 si
852 1451 926 1534 ipsa
938 1450 1093 1515 custodia
1102 1443 1236 1514 adnexa
1249 1453 1341 1513 esset
1350 1450 1426 1532 ejus
1441 1446 1515 1513 otil-

337 1557 401 1634 cio,
414 1557 462 1621 sio
476 1577 508 1620 v.
521 1576 555 1639 g.
571 1555 756 1640 caupones,
769 1557 943 1623 stabularii
958 1563 1121 1624 tenentur
1128 1577 1184 1624 res
1194 1557 1366 1623 viatorum
1378 1555 1518 1637 diligen·

337 1663 467 1728 tissime
482 1665 664 1729 custodire.
690 1664 740 1730 Ita
760 1665 797 1730 in
815 1668 873 1750 Jus
891 1666 987 1746 Gall,
1006 1671 1068 1731 art.
1093 1666 1172 1730 1939
1192 1669 1226 1730 et
1250 1665 1339 1730 1957.
1359 1663 1515 1746 llospitas

251 1817 256 1827 .
336 1775 464 1848 tamen,
481 1775 619 1855 accepta
632 1771 719 1837 clavi
733 1774 897 1855 assignati
906 1773 1063 1850 cubiculi,
1076 1775 1112 1838 in
1122 1793 1159 1839 se
1175 1775 1348 1856 suscipere
1356 1771 1517 1836 videntur

336 1880 526 1945 custodiam
550 1899 666 1945 rerum
682 1900 832 1948 suarum.

376 1987 464 2070 dlln
486 2007 568 2054 casu
581 1989 735 2073 periculi,
749 2010 782 2055 v.
799 2010 833 2073 g,
848 1993 1007 2069 incendii,
1023 1993 1204 2075 naufragii,
1221 1994 1250 2056 si
1274 2009 1330 2056 res
1351 1990 1515 2074 depositae

336 2101 417 2162 sunt
429 2097 649 2182 pretiosiores
663 2117 768 2184 quam
782 2101 939 2184 propriae,
952 2106 987 2165 et
995 2105 1157 2186 utrasque
1168 2100 1300 2167 salvare
1310 2117 1380 2164 non
1394 2099 1512 2183 possit,

336 2211 473 2271 tenetur
493 2205 719 2290 depositarius
734 2208 866 2274 salvare
881 2227 937 2274 res
952 2210 1171 2293 pretiosiores
1186 2229 1255 2293 prae
1272 2210 1353 2273 suis.
1370 2208 1404 2272 Si
1417 2225 1514 2291 aeque

334 2315 494 2400 pretiosae
507 2321 634 2392 essent,
647 2335 726 2382 suas
742 2317 874 2384 salvare
887 2321 1013 2404 poterit
1025 2339 1095 2404 prae
1111 2319 1286 2404 depositis.
1297 2318 1347 2383 lta
1358 2318 1515 2399 agitpru-

337 2423 422 2490 dens
437 2425 692 2508 paterfamilias,
708 2433 799 2492 etex
818 2429 925 2494 altera
941 2433 1037 2514 parte
1058 2429 1143 2495 ordo
1166 2429 1339 2494 charitatis
1360 2427 1459 2511 jubet
1477 2431 1515 2489 ut

337 2533 480 2616 quisque
495 2532 606 2617 primo
621 2534 683 2598 sihi
696 2536 888 2620 prospiciet,
906 2537 1030 2602 deinde
1044 2537 1213 2621 proximo.
1230 2535 1295 2601 Sed
1311 2535 1340 2600 si
1359 2553 1414 2600 res
1435 2533 1515 2600 alie·

337 2657 400 2704 nas
421 2640 567 2705 salvavit
588 2641 660 2706 suis
679 2645 903 2728 consumptis,
917 2649 1032 2730 potest
1054 2648 1171 2728 petere
1186 2643 1512 2728 compensationem.

339 2747 533 2814 Generatim
556 2751 783 2835 depositarius
806 2772 877 2818 non
902 2753 1071 2836 obligatur
1085 2753 1128 2818 ad
1141 2751 1374 2837 praestandum
1396 2764 1514 2814 casum

336 2856 526 2936 fortuitum,
542 2860 608 2924 nisi
623 2862 810 2946 susceperit
822 2879 923 2926 casus
935 2863 1094 2927 fortuitos
1107 2862 1163 2926 vel
1176 2861 1279 2926 fuerit
1292 2860 1329 2923 in
1340 2877 1438 2924 mora
1447 2857 1514 2922 cul-

336 2966 440 3050 pabili
454 2967 674 3046 restituendi;
690 2987 781 3046 nam,
796 2971 909 3054 quoad
921 2971 1083 3055 primum,
1095 2971 1203 3054 pactis
1222 2968 1383 3035 standum
1402 2973 1464 3044 est,
1480 2971 1515 3032 et

337 3075 448 3158 quoad
463 3077 663 3154 secundum,
678 3097 775 3144 mora
789 3097 851 3144 sua
864 3080 1003 3145 cuilibet
1017 3085 1069 3146 est
1083 3081 1215 3146 nociva.

586 3268 627 3320 lv.
646 3270 685 3322 De
699 3270 761 3324 ioco
775 3270 804 3323 et
817 3270 903 3324 modo
917 3270 1053 3326 faciende
1068 3272 1265 3326 restitutionis.

378 3406 410 3484 a)
427 3403 504 3468 llaee
526 3407 718 3486 generatim
745 3408 898 3473 notanda
916 3413 997 3474 sunt
1017 3409 1130 3494 quoad
1150 3409 1263 3475 locum
1285 3413 1320 3474 et
1341 3407 1483 3473 modum
1505 3425 1511 3468 :

378 3513 410 3575 1ο
420 3511 487 3578 Res
501 3512 656 3598 deposita
666 3517 712 3580 ibi
722 3517 935 3583 restituenda
945 3524 1007 3595 est,
1025 3519 1082 3583 ubi
1093 3519 1248 3603 deposita
1257 3516 1421 3600 luitttlod.
1434 3516 1511 3592 civ,

338 3624 400 3684 art·
420 3621 521 3704 1913).
540 3621 606 3688 Sed
621 3623 648 3688 si
663 3624 760 3692 loeus
775 3627 841 3690 fuit
858 3629 1052 3710 assignatus
1067 3628 1103 3692 iu
1117 3631 1304 3702 contractu,
1320 3625 1445 3709 deponi
1458 3623 1515 3688 de·

337 3729 396 3793 bet
409 3729 445 3793 in
458 3731 524 3795 hoo
537 3729 629 3810 loco;
646 3733 770 3800 sivero
784 3735 948 3801 faciendae
962 3739 1079 3800 essent
1093 3753 1264 3819 expensae,
1276 3733 1467 3800 reciderent
1478 3733 1513 3796 in

339 3837 570 3922 deponentem
581 3839 674 3923 (Cod.
695 3843 773 3918 civ,
792 3849 854 3908 art.
868 3843 957 3927 1918)
977 3864 984 3907 ;
1005 3863 1085 3908 nam
1105 3843 1255 3909 officium
1272 3861 1292 3907 a
1309 3840 1513 3926 depositorio

337 3945 530 4028 praestitum
538 3967 608 4014 non
618 3949 720 4016 debet
730 3971 805 4016 esse
815 3951 863 4015 illi
874 3950 1451 4018 damnosum.lnimadvertendum
1462 3952 1515 4012 est

338 4053 430 4136 quod
439 4055 536 4120 reddi
546 4055 707 4123 debeatei
716 4061 858 4144 quieam
867 4061 1035 4146 deposuit,
1047 4059 1104 4125 vel
1114 4058 1409 4144 ejusmandatario
1421 4055 1511 4140 (Cod.

338 4161 416 4239 civ.,
435 4170 496 4227 art.
518 4165 619 4246 1997).
637 4165 671 4229 Si
692 4166 869 4250 deponens
892 4175 1049 4234 mortuus
1071 4169 1115 4232 sit
1128 4166 1328 4232 naturaliter
1340 4165 1397 4231 vel
1410 4163 1514 4229 civili-

339 4275 401 4348 ter,
417 4271 512 4337 reddi
528 4273 630 4341 dehet
641 4279 717 4360 ejus
731 4277 923 4343 heredibus
938 4299 945 4355 ;
961 4279 989 4342 si
1001 4279 1116 4364 plures
1131 4279 1200 4342 sint
1212 4277 1377 4351 haeredes,
1391 4273 1514 4339 modus

339 4381 564 4448 restitutionis
586 4385 675 4468 apud
690 4405 754 4452 nos
771 4391 928 4471 receptus
945 4389 1115 4453 indicatur
1128 4387 1164 4450 in
1178 4389 1241 4451 art.
1256 4385 1335 4449 1939
1347 4383 1426 4449 (lod.
1448 4383 1511 4448 eiv.

380 4490 414 4552 2⁰
425 4489 491 4555 Ros
501 4491 656 4576 deposita
664 4495 877 4560 restituenda
888 4501 942 4560 est
950 4497 1095 4578 integro,
1107 4515 1178 4561 uon
1190 4495 1409 4567 deteriorare
1421 4509 1511 4566 nam,

343 4601 382 4660 ut
394 4598 442 4662 ait
450 4599 509 4682 jus
521 4599 724 4678 Romanum,
736 4621 791 4669 res
805 4603 954 4670 deterior
967 4607 1021 4670 est
1034 4603 1130 4689 quasi
1142 4621 1212 4669 non
1225 4601 1377 4667 reddita:
1391 4597 1514 4665 deinde

341 4705 471 4772 tructus
485 4709 546 4785 rei,
560 4710 588 4774 si
603 4714 730 4790 essent,
744 4713 780 4778 in
793 4713 1045 4782 restitutionem
1060 4715 1162 4780 etiam
1177 4713 1330 4780 veniunt.
