3510 5574
546 598 633 644 crasa
654 599 783 646 renerus
805 597 1026 644 occasurum.
1318 563 1378 644 tid

198 715 303 784 betas.
323 715 467 782 Possent
486 721 601 782 umen
616 717 742 800 apponi
756 715 970 782 conditiones
991 715 1095 780 etiam
1111 716 1181 798 juri
1202 717 1378 782 communi

198 825 385 902 contraria,
416 825 603 891 dummodo
626 845 697 892 non
719 827 788 892 sint
806 831 934 910 turpes,
961 825 1189 910 impossibiles
1208 831 1243 892 et
1260 831 1380 892 contra
1423 898 1425 906 ,

199 936 425 1001 substantiam
440 936 607 1012 benellcii,
624 955 663 1001 ac
678 937 748 1001 siut
767 937 810 1000 ab
826 935 986 1028 episcopo
1001 953 1162 1019 expresse
1178 939 1214 1002 et
1227 935 1380 1020 speciali·
1496 1014 1499 1022 ¹
1524 923 1526 940 ’

201 1049 251 1110 ter
261 1045 435 1120 admissae3
452 1045 522 1110 imo
537 1044 717 1128 episcopus
733 1045 1071 1128 teneturapprobare
1084 1043 1255 1126 ejusmodi
1266 1045 1381 1110 condi-

201 1154 320 1235 tiones.
333 1153 399 1218 Sed
412 1153 484 1235 ipse
499 1155 679 1236 episcopus
694 1153 815 1236 nequit
828 1154 1034 1218 heneficium
1049 1152 1214 1218 oneribus
1224 1171 1379 1234 gravare,
1436 1147 1438 1150 ’

199 1266 238 1324 ut
256 1259 384 1344 pluries
409 1259 593 1326 declaravit
609 1260 732 1342 Congr.
760 1259 859 1326 Gonc.
876 1261 907 1342 (3
926 1260 999 1324 dec.
1018 1261 1109 1336 1831,
1123 1261 1163 1324 30
1180 1261 1260 1324 maii
1278 1261 1378 1342 1835).

197 1368 320 1452 Nequit
342 1367 446 1432 etiam
467 1383 573 1432 onera
597 1367 771 1442 reducere,
789 1367 851 1432 sed
874 1367 918 1432 ad
943 1365 1115 1449 ejusmodi
1145 1367 1390 1434 reductionem,

198 1477 383 1562 requiritur
392 1495 552 1544 recursus
565 1477 608 1542 ad
623 1477 747 1542 Sedem
760 1475 1000 1560 Apostolicam.

239 1585 268 1664 b)
283 1584 443 1650 Nonnulli
453 1584 586 1668 juristae
602 1584 809 1648 recentiores
823 1583 1038 1649 contendunt
1058 1583 1267 1650 erectionem
1282 1587 1384 1650 hene·

199 1695 355 1759 liciorum
369 1713 439 1759 uon
454 1712 530 1760 esse
548 1693 802 1776 competibilem
816 1712 896 1759 cum
907 1695 1043 1776 juribus
1058 1693 1174 1760 Status
1195 1694 1285 1760 circa
1303 1711 1380 1780 pro-

202 1803 389 1884 prietatem.
402 1799 549 1866 Ecclesia
561 1801 654 1866 enim
664 1803 723 1884 jus
737 1800 936 1884 possidendi
949 1801 1005 1866 vel
1017 1801 1280 1868 administrandi
1293 1804 1384 1868 bona

203 1911 402 1994 temporalia
418 1927 489 1974 uon
512 1911 654 1974 haberet
671 1909 916 1992 primigenium
935 1927 997 1974 seu
1018 1911 1256 1994 independens
1271 1929 1386 1978 acon·

146 2001 148 2006 ’
200 2020 413 2085 cessionibus
440 2019 611 2084 societatis
637 2019 761 2094 civilis3
787 2024 995 2104 quapropter
1018 2020 1133 2086 Status
1152 2021 1309 2104 personis
1331 2020 1386 2084 vel

142 2179 148 2190 .
201 2128 484 2194 associationibus
504 2127 741 2192 ecclesiasticis
764 2127 821 2192 vel
844 2127 1013 2210 religiosis
1039 2130 1211 2194 conterret
1235 2135 1309 2194 tum
1326 2131 1385 2212 jus

203 2236 412 2320 possidendi,
439 2241 513 2302 tum
542 2235 741 2302 facultatem
766 2235 1026 2302 administrandi
1054 2237 1147 2302 hona
1170 2236 1381 2320 temporalia,

202 2349 265 2411 sub
283 2347 485 2412 necessariis
505 2345 710 2430 quibusdam
733 2345 1036 2423 reservationibus,
1054 2351 1093 2410 ut
1111 2347 1246 2412 tributis
1265 2365 1389 2410 macres

203 2461 358 2534 mortua,
369 2459 432 2520 etc.
445 2453 530 2520 Hinc
540 2454 751 2538 perpetuitas
766 2454 803 2518 in
815 2453 1045 2537 possessione,
1059 2453 1225 2520 stabilitas
1240 2459 1275 2519 et
1287 2454 1387 2532 liher-

202 2567 253 2627 tas
271 2564 308 2628 in
325 2563 631 2640 administratione,
649 2581 827 2646 uunquam
847 2563 1040 2640 haberetur,
1062 2583 1139 2647 qua
1163 2568 1280 2628 umen
1305 2567 1387 2628 sunt

203 2672 394 2736 necessaria
417 2671 459 2736 ad
481 2689 603 2736 verum
626 2671 832 2735 heneficium
857 2670 1148 2736 constituendum.
1175 2673 1387 2768 Quapropter

202 2784 324 2845 natura
337 2780 492 2846 beneficii
505 2784 678 2864 pugnaret
694 2797 774 2844 cum
793 2780 961 2861 regimine
976 2779 1143 2847 hodierno
1156 2781 1383 2864 proprietatis.

244 2891 310 2955 Sed
324 2891 397 2956 haec
410 2891 557 2974 objectio
574 2889 728 2966 solvitur,
743 2890 825 2954 dum
840 2890 1033 2956 ostenditur
1044 2890 1297 2974 Ecclesiamjus
1309 2907 1387 2974 pos-

203 2999 335 3066 sidendi
347 3001 485 3078 hahere,
499 3018 570 3064 non
581 3004 778 3064 mutuatum
788 3001 830 3064 ab
842 2999 957 3084 aliqua
970 3001 1192 3067 concessione
1207 3001 1387 3084 potestatis

201 3109 325 3184 civilis,
342 3113 381 3172 ut
405 3113 540 3174 constat
567 3129 611 3174 ex
636 3109 819 3175 traditione
846 3114 881 3176 et
903 3110 1074 3174 constanti
1097 3109 1254 3174 Ecclesiae
1275 3111 1384 3194 praxi,

201 3223 325 3300 praeter
344 3222 480 3300 apertas
499 3215 747 3282 declarationes
764 3218 864 3300 juris.
884 3215 1046 3282 Rationes
1064 3217 1268 3300 juristarum
1286 3215 1386 3280 desu-

202 3331 344 3390 muntur
363 3342 484 3390 omnes
506 3345 549 3390 ex
571 3324 658 3390 falso
679 3330 870 3408 ¹systemate
894 3325 936 3390 de
960 3325 1119 3390 absoluta
1141 3331 1177 3390 et
1201 3323 1387 3390 universali

202 3436 398 3518 praestantia
412 3435 526 3501 Status
540 3453 610 3518 prae
626 3435 788 3500 societate
808 3433 980 3516 religiosa,
996 3453 1073 3518 quae
1092 3439 1184 3500 esset
1197 3432 1288 3498 civili
1305 3433 1385 3497 sim-

203 3541 334 3626 pliciter
346 3543 567 3609 subordinate
581 3543 674 3626 (Vide
690 3543 769 3627 Syll.
787 3562 905 3620 error„
922 3544 973 3621 26,
988 3545 1050 3626 tl).

243 3651 378 3718 Falsum
401 3657 454 3718 est
474 3671 556 3734 ergo
574 3653 741 3718 beuellcia
755 3653 937 3718 evanuisse
947 3653 983 3717 in
997 3651 1112 3728 Gallia,
1126 3651 1304 3732 inBelgio,
1314 3669 1389 3734 pro-

204 3764 278 3842 pter
295 3766 467 3826 mutatum
481 3761 708 3826 essentialiter
725 3764 854 3826 statum
872 3759 1089 3844 proprietatis
1108 3763 1143 3824 et
1160 3757 1389 3842 possessionis

204 3869 373 3935 bonorum
389 3864 707 3936 ecclesiasticorum.

577 4051 608 4101 11.
626 4051 666 4102 lte
679 4048 787 4104 unlone
802 4047 1016 4103 beneficiorum.

245 4187 277 4272 a)
290 4187 382 4268 Quid
394 4194 426 4250 et
441 4185 626 4270 quotuplac
640 4184 706 4249 sit?
716 4184 800 4250 Unio
821 4189 875 4249 est
889 4185 1036 4250 duorum
1051 4183 1114 4248 lvel
1127 4184 1278 4268 plurium
1291 4185 1393 4248 bene·

206 4295 361 4360 liciorum
379 4298 440 4359 aut
460 4292 679 4358 ecclesiarum
698 4293 741 4357 ab
764 4293 923 4376 episcopo
945 4291 1000 4356 vel
1024 4291 1091 4356 alio
1113 4290 1267 4374 legitimo
1292 4309 1393 4375 supe-

204 4403 293 4468 riore
308 4401 536 4468 ecclesiastico
550 4402 639 4466 lacta
652 4401 811 4466 annexio.
829 4400 973 4466 Nomine
998 4399 1220 4464 ecclesiarum
1239 4417 1392 4482 compre-

205 4511 403 4577 henduntur
424 4511 654 4594 episcopatus;
670 4509 916 4574 beneficiorum
937 4513 1054 4574 autem
1081 4509 1222 4572 nomine
1245 4509 1393 4574 veniunt

206 4619 272 4682 alia
294 4618 474 4696 beneficia,
494 4618 693 4699 dignitates,
712 4623 919 4702 personatus
943 4621 978 4681 et
1003 4616 1125 4682 officia.
1144 4615 1230 4682 Unio
1254 4615 1390 4700 proprie

207 4727 295 4794 dicta
314 4732 366 4794 est
385 4728 419 4792 in
438 4731 660 4812 perpetuum
677 4728 802 4796 sivero
818 4727 1116 4810 essetadtempus
1131 4731 1166 4794 et
1183 4726 1219 4791 in
1236 4727 1390 4792 favorem
