3504 5572
374 539 434 603 :lto
832 559 883 605 rus
903 557 1082 606 csuourcuu.

372 673 529 752 familias,
546 675 574 739 si
589 675 653 759 ipsi
667 675 845 758 exigendis
854 675 1007 759 pecuniis
1016 673 1189 758 praepcsiti
1207 674 1286 738 sint.
1297 671 1426 738 3·Solvi
1436 679 1550 758 potest

371 781 530 847 creditori
543 782 731 861 creditoris,
749 783 778 846 si
798 783 828 846 is
850 783 1063 858 consentiat;
1080 781 1141 846 sed
1160 781 1189 846 si
1211 781 1284 848 baec
1307 781 1431 846 solutio
1450 782 1550 847 tieret

373 889 446 954 sine
464 897 636 956 consensu
661 895 696 956 et
714 889 876 956 mandato
898 890 1074 956 creditoris
1096 889 1296 968 immediati,
1323 889 1457 957 debitor
1474 890 1549 974 ipso

369 998 447 1080 J'ure
469 1004 587 1064 manet
605 997 775 1081 obligatus
795 999 965 1065 creditori.
985 999 1123 1076 Tamen,
1147 999 1183 1064 in
1204 997 1270 1064 boc
1293 1015 1389 1076 orsu,
1417 998 1550 1066 debitor

372 1123 544 1191 opponere
557 1110 672 1190 potest
686 1108 923 1192 exceptionem
938 1106 1016 1184 doli,
1032 1113 1202 1192 quatenns
1216 1107 1364 1174 creditor
1373 1107 1452 1175 dolo
1464 1107 1550 1194 petit

373 1213 464 1298 quod
471 1233 555 1280 mox
567 1214 726 1281 creditori
740 1233 803 1281 suo
818 1217 998 1282 restituere
1014 1215 1125 1282 debet.

412 1321 442 1406 b)
457 1321 688 1400 Quandosunt
697 1323 813 1407 plures
823 1323 1019 1400 creditores,
1036 1341 1104 1408 quo
1113 1323 1232 1389 ordine
1240 1323 1397 1390 facienda
1404 1323 1449 1388 sit
1460 1322 1549 1388 solu-

371 1430 443 1496 tio?
456 1429 490 1494 Si
504 1432 596 1496 bona
608 1429 771 1496 debitoris
786 1437 867 1496 sunt
881 1431 977 1514 paria
995 1432 1155 1496 omnibus
1169 1431 1394 1496 creditoribus
1415 1430 1550 1496 solven—

372 1537 434 1617 dis,
451 1537 545 1605 nulla
559 1544 612 1606 est
625 1539 817 1606 difllcultos.
839 1540 872 1605 Si
894 1557 976 1605 vero
1006 1558 1077 1604 uon
1097 1541 1272 1605 sufficiunt
1298 1541 1458 1606 omnibus
1478 1557 1550 1604 cre-

370 1646 556 1714 ditoribus:
573 1651 604 1725 l·
619 1654 699 1716 aute
714 1649 830 1715 omnia
850 1647 1023 1714 solvendas
1040 1654 1122 1712 sunt
1143 1667 1303 1732 expensae
1316 1647 1497 1732 judiciales
1515 1652 1550 1712 et

368 1753 551 1834 iunernles,
567 1761 602 1822 et
612 1774 687 1840 quae
701 1756 843 1822 medicis
860 1756 1043 1832 debentur;
1060 1755 1120 1822 sed
1137 1774 1279 1822 necesse
1295 1761 1399 1820 estut
1413 1755 1547 1833 modici,

368 1861 617 1948 pharmacopaei
639 1868 796 1948 repetent
819 1864 909 1928 intra
922 1881 1063 1940 annum,
1085 1881 1184 1928 secus
1205 1864 1358 1929 debitum
1373 1863 1550 1947 praecrip-

369 1970 462 2038 tione
471 1973 746 2055 exstingueretur
753 1973 828 2054 (urtss
843 1961 1243 2054 laetetutttucodssciv.).
1255 1972 1442 2038 Licetactio
1452 1974 1549 2037 iune-

369 2079 459 2146 raria
476 2081 521 2144 sit
536 2079 736 2164 personalis,
756 2087 791 2145 et
809 2081 896 2146 ectio
915 2080 1016 2146 realis
1037 2100 1082 2147 ex
1096 2081 1240 2164 pignore
1260 2077 1451 2162 'generatim
1464 2099 1550 2164 prae-

369 2187 498 2254 ieratur
524 2189 715 2254 actionibus
734 2187 983 2272 personalibus,
1005 2191 1186 2256 tamenab
1209 2191 1275 2254 istc
1290 2189 1367 2271 lege
1396 2188 1548 2271 generali

369 2296 534 2380 excipitur
553 2298 641 2363 actio
663 2297 838 2362 funerarin
856 2315 918 2380 pro
934 2297 1128 2380 sumptibus
1145 2298 1181 2362 in
1203 2296 1325 2362 ultima
1350 2297 1548 2362 intlrmitste

369 2404 561 2470 contractis.
571 2403 668 2470 Retio
678 2411 741 2482 est,
755 2405 1038 2489 quiabumanitas
1048 2405 1343 2471 etcommiseratio
1352 2403 1546 2486 idexigunt

368 2529 413 2576 ne
428 2509 542 2577 nullus
549 2511 744 2578 inveniatur
754 2513 813 2597 qui
821 2512 905 2578 velit
912 2531 1044 2596 aegrum
1051 2531 1170 2580 curare
1184 2511 1550 2578 autmortuumcondi-

368 2619 580 2706 guobonoro
600 2621 755 2706 sepelire.
773 2619 833 2686 tus
849 2619 930 2686 Gall.
947 2621 1051 2687 babet
1066 2627 1104 2686 ut
1127 2620 1360 2704 privilegiatos
1378 2619 1455 2685 illos
1478 2637 1549 2684 eree

369 2725 514 2805 ditores,
540 2727 601 2795 sed
626 2735 760 2796 tantum
786 2728 900 2814 quoad
923 2729 1015 2794 bona
1040 2727 1191 2794 mobilia.
1221 2729 1265 2792 At
1283 2731 1342 2812 jus
1361 2727 1473 2805 Rom,
1504 2725 1547 2792 ab

368 2835 528 2901 omnibus
537 2837 722 2904 canonistis
736 2837 937 2914 admissum,
954 2837 1109 2903 extendit
1118 2837 1162 2903 ad
1173 2837 1289 2904 omnia
1298 2837 1400 2913 bona,
1413 2840 1448 2901 et
1462 2853 1548 2919 prae-

368 2943 504 3027 scriptio
518 2945 591 3011 haec
600 2946 737 3012 videtur
748 2947 858 3029 magis
866 2947 1175 3030 consentaneajmi
1184 2944 1341 3024 naturali,
1351 2963 1390 3012 ac
1403 2943 1547 3028 proinde

367 3051 482 3118 valere
493 3053 530 3117 in
543 3055 618 3122 loro
632 3057 779 3122 interno.

407 3161 440 3225 θ’
454 3160 615 3228 Solvendi
637 3169 719 3229 sunt
738 3163 860 3230 deiude
879 3163 1066 3230 creditores
1088 3163 1330 3248 hypothecarii,
1356 3161 1547 3230 secuudum

368 3268 524 3335 ordinem
532 3271 740 3356 prelationis
754 3279 815 3338 aut
828 3275 993 3358 temporis
1006 3280 1066 3340 aut
1076 3273 1317 3356 inscriptionis.

406 3375 650 3444 renuerunt
671 3379 860 3446 creditores
879 3380 1079 3464 personales
1100 3399 1161 3446 seu
1186 3379 1463 3464 chirograpbarii,
1487 3377 1545 3462 qui

247 3542 248 3546 ,
368 3481 462 3550 nullo
474 3485 683 3570 praelationis
697 3493 757 3553 cut
771 3489 935 3574 temporis
951 3488 1069 3554 ordine
1081 3490 1258 3572 juvantur.

407 3591 587 3676 Disputent
601 3595 661 3660 T'l.
678 3601 714 3662 et
732 3595 898 3675 civilistae,
915 3615 958 3662 an
976 3598 1020 3662 sit
1039 3596 1123 3663 ordo
1137 3593 1347 3680 praelationis
1365 3594 1456 3660 iuter
1474 3611 1546 3658 cre-

367 3699 494 3766 ditores
505 3702 602 3770 titulo
616 3721 763 3770 oneroso
774 3711 810 3771 et
823 3706 922 3770 titulo
937 3706 1098 3788 gratuito,
1110 3721 1280 3788 pauperes
1291 3709 1326 3768 et
1335 3703 1469 3778 divites,
1485 3706 1546 3766 cut

366 3805 455 3874 iuter
469 3809 583 3878 debita
595 3812 719 3878 diversi
732 3815 920 3898 temporis?
933 3814 1000 3880 Sed
1012 3815 1102 3879 iutra
1117 3814 1285 3880 ambitum
1299 3809 1545 3896 probabilitatis

365 3925 521 3986 remanet
535 3925 653 3986 nostra
666 3921 850 4000 conclusio,
873 3922 965 4006 quod
979 3921 1095 3986 nuilus
1109 3921 1310 3987 admittatur
1328 3919 1411 3986 ordo
1427 3915 1545 4002 praela-

367 4023 468 4090 tionis
482 4027 572 4094 inter
588 4029 758 4097 debitores
773 4031 1079 4115 chirograpbarios.

403 4132 436 4196 4⁰
452 4131 616 4209 Quaernnt
636 4137 695 4201 ΤΤ.
712 4157 757 4203 an
770 4138 879 4222 possit
890 4137 1037 4215 debitor,
1054 4139 1216 4203 omnibus
1231 4135 1355 4203 debitis
1370 4132 1543 4200 solvendis

365 4239 484 4324 impar,
495 4244 554 4308 uni
567 4245 726 4312 creditori
735 4264 805 4330 prae
821 4245 895 4311 aliis
909 4245 1065 4312 solvere?
1079 4245 1317 4330 despondetur
1326 4261 1396 4307 uno
1410 4240 1516 4306 verbo
1533 4260 1540 4302 :

366 4345 399 4410 Si
422 4349 532 4416 adbuc
552 4371 660 4437 penes
682 4353 871 4420 debitorem
893 4354 938 4418 sit
956 4353 1111 4436 legitima
1130 4353 1301 4436 possessio
1322 4351 1544 4415 bonorumet

365 4459 461 4520 aolus
470 4458 582 4543 reipsa
594 4461 651 4526 vel
660 4461 894 4545 legaliternon
909 4463 953 4526 sit
966 4461 1215 4538 fraudulentus,
1227 4465 1317 4526 etex
1331 4457 1438 4524 altera
1447 4461 1542 4540 parte

364 4564 512 4632 creditor
530 4567 702 4638 bone'flde
716 4573 884 4657 receperit
897 4571 1105 4638 solutionem
1120 4569 1225 4636 debiti
1240 4569 1305 4645 sui,
1321 4585 1391 4634 uon
1406 4567 1543 4630 tenetur

365 4674 544 4740 restituere
560 4677 634 4742 aliis
648 4680 883 4746 creditoribus.
