3488 5564
411 577 431 640 l
869 601 921 646 rus
941 599 1125 646 canonicor.

411 719 654 796 solemnitates,
673 727 753 784 sunt
769 721 857 804 Jurie
879 723 997 787 civilis.
1014 723 1110 788 Ratio
1125 723 1225 806 primi
1240 727 1292 786 cst
1313 722 1403 805 quod
1415 725 1472 806 jus
1489 728 1585 788 natu-

408 827 477 891 rale
498 827 601 892 dictat
623 828 659 891 in
680 829 852 912 republica
887 849 963 896 esee
988 831 1111 896 debere
1138 847 1304 914 personas
1328 829 1479 914 publicas
1508 850 1584 916 quaa

407 935 619 1016 litigantibus
637 939 696 1020 jus
711 937 834 1015 dicant,
858 957 902 1004 ne
925 957 1036 1004 causeo
1060 957 1122 1023 per
1144 937 1342 1004 violentiam
1370 939 1582 1004 dirimantur.

410 1043 565 1110 Secunde
574 1064 653 1129 pare
668 1049 770 1129 patet,
788 1051 860 1112 tum
876 1049 955 1132 quia
969 1047 1202 1114 solemnitates
1219 1046 1426 1130 judiciorum
1437 1049 1514 1130 jure
1525 1065 1584 1130 po-

409 1153 509 1218 sitivo
523 1154 669 1220 inductor
681 1161 770 1232 sunt,
783 1161 821 1220 ut
835 1161 969 1222 constat
983 1175 1026 1220 ex
1040 1155 1142 1222 variis
1157 1155 1305 1220 textibus
1316 1156 1403 1238 Juris
1418 1155 1536 1233 civilis,
1550 1160 1584 1218 et

408 1261 575 1328 tatolibro
587 1263 864 1339 llDeorctalium;
883 1270 956 1328 tum
968 1267 1056 1349 quia,
1074 1264 1227 1330 absolute
1243 1263 1425 1348 loquendo,
1442 1265 1583 1347 aequitae

408 1371 570 1437 naturalis
581 1372 806 1455 injudicando
816 1378 929 1457 potest
939 1375 1066 1438 servari
1080 1374 1207 1457 absque
1221 1371 1286 1436 illis
1299 1372 1579 1438 solemnitatibus.

448 1477 485 1544 ln
493 1481 629 1563 judiciis
644 1501 737 1563 erga
756 1483 912 1566 quaedam
927 1488 1009 1546 sunt
1017 1483 1103 1565 juris
1116 1481 1291 1557 naturalis,
1309 1486 1346 1545 ut
1358 1482 1476 1564 petitio
1492 1485 1579 1544 acto-

407 1591 465 1667 ris,
483 1591 596 1656 citatio
612 1593 672 1668 rei,
690 1593 845 1676 probatio
862 1599 897 1658 et
919 1593 1071 1658 defensio
1097 1611 1220 1669 causer,
1237 1594 1414 1656 sentcntiae
1432 1609 1582 1674 pronun-

407 1698 512 1776 tiatio,
530 1719 606 1783 quae
630 1702 744 1764 omnia
761 1702 934 1785 pertinent
956 1701 1000 1766 ad
1015 1701 1239 1766 substantiam
1256 1700 1389 1783 judicii;
1413 1699 1478 1764 alia
1501 1704 1581 1764 sunt

403 1809 490 1891 juris
504 1809 641 1892 positivi
654 1811 805 1874 humani.
828 1810 909 1876 lnde
924 1811 1106 1894 aliquanda
1130 1809 1323 1894 proceditur
1347 1809 1531 1874 summarie
1547 1815 1582 1872 ct

307 1905 311 1920 '
407 1919 447 1982 de
462 1919 574 2002 plano,
596 1939 657 1984 eeu
680 1919 805 1985 relictis
827 1921 947 1986 formis
974 1921 1237 1986 accidentalibus
1249 1919 1384 2002 judicii3
1409 1918 1470 1982 sed
1487 1917 1580 1984 solus

405 2026 589 2108 legislator,
610 2028 665 2092 vel
684 2029 738 2094 cui
760 2027 937 2110 legislator
959 2029 1047 2093 banc
1065 2027 1262 2093 laenitatem
1284 2026 1385 2102 dedit,
1400 2031 1515 2110 potest
1534 2027 1580 2090 sic

400 2135 597 2218 procedere,
614 2154 693 2200 cum
707 2137 818 2218 ligura
832 2135 951 2219 judicii
975 2137 1171 2220 imponatur
1190 2135 1372 2218 judicibus,
1399 2139 1438 2198 ut
1462 2133 1580 2215 regula

406 2243 546 2308 omnino
561 2243 738 2309 servanda.

809 2421 839 2470 ll.
857 2421 897 2471 be
910 2418 1011 2484 iudicii
1028 2417 1172 2471 varietate.

444 2569 459 2634 J
464 2570 612 2636 odicium
626 2570 718 2635 varie
733 2570 908 2646 dividitur,
935 2575 970 2634 ct
984 2575 1035 2634 tot
1047 2572 1118 2634 iere
1132 2575 1212 2632 sunt
1226 2571 1366 2652 species,
1384 2577 1466 2654 quot
1479 2571 1578 2636 actio-

406 2699 490 2744 num
505 2699 580 2764 quaa
592 2681 626 2744 in
639 2680 805 2762 judicium
822 2680 1046 2744 deducuntur.
1063 2681 1221 2744 Attamen
1237 2680 1340 2744 dividi
1352 2687 1496 2764 possunt
1508 2701 1578 2765 prm

407 2789 601 2853 diversitate
616 2807 806 2854 causarum.
829 2788 946 2872 ltaque

445 2901 478 2980 a)
491 2897 632 2963 Ratione
654 2899 742 2978 fiais,
755 2896 922 2980 judicium
940 2896 1100 2961 dividitur
1114 2898 1149 2960 in
1163 2896 1260 2962 civile
1277 2903 1311 2961 et
1321 2897 1505 2964 criminale.
1528 2897 1581 2962 Ci-

405 3006 470 3070 uile
487 3007 587 3070 estin
604 3023 671 3090 quo
689 3009 852 3068 tractatur
865 3021 968 3068 causa
988 3004 1107 3081 civilia,
1135 3004 1191 3068 vel
1209 3005 1392 3070 criminalis
1412 3005 1578 3070 civiliter:
1738 3069 1739 3082 ,

323 3191 325 3196 Ι
405 3120 569 3178 causaest
582 3113 689 3178 civilis
702 3114 737 3177 in
753 3133 820 3197 qua
833 3112 1064 3196 principaliter
1077 3113 1265 3177 intenditur
1282 3114 1501 3179 commodum
1516 3111 1622 3200 pri-¹
1738 3087 1739 3164 l

406 3227 523 3286 vatum
537 3223 670 3288 actoris.

447 3328 631 3396 Crr'rm'aalc
646 3337 699 3395 eet
713 3331 749 3395 in
764 3350 832 3415 quo
848 3331 960 3412 agitur
983 3330 1023 3394 de
1042 3331 1182 3396 onnune
1203 3331 1432 3408 criminaliter,
1456 3350 1579 3414 nempe

405 3441 447 3505 ad
461 3441 645 3506 vindictam
657 3441 843 3525 publicam3
861 3446 895 3504 et
908 3439 991 3505 illud
1008 3440 1234 3505 subdividitur
1249 3441 1284 3504 in
1298 3441 1440 3524 capitale
1460 3447 1493 3504 et
1507 3458 1578 3504 non

404 3549 557 3633 capitale,
573 3555 675 3633 prout
686 3551 798 3632 agitur
812 3549 853 3613 de
868 3549 1009 3614 crimine
1024 3548 1167 3632 capitali,
1184 3568 1245 3613 seu
1259 3551 1301 3614 ob
1313 3550 1403 3634 quod
1416 3569 1517 3632 poena
1529 3567 1580 3612 aa·

406 3657 518 3740 pitalis
535 3663 586 3722 est
600 3659 792 3740 irroganda,
807 3658 863 3723 vel
877 3659 918 3724 de
934 3659 1074 3722 crimine
1089 3677 1160 3722 non
1172 3657 1315 3741 capitali,
1329 3659 1419 3741 quod
1434 3677 1504 3722 non
1518 3659 1581 3720 im-

406 3773 519 3850 portat
530 3786 667 3850 poenam
681 3765 869 3850 capitalem.
883 3765 942 3831 ilic
954 3766 1143 3830 notandum
1155 3771 1207 3830 est
1217 3765 1307 3849 quod
1318 3784 1420 3848 poene
1429 3765 1579 3848 capitalis

406 3879 459 3938 est
471 3875 608 3958 triplicis
622 3875 758 3956 generis
775 3895 782 3937 :
799 3893 869 3938 una
882 3873 1049 3938 amittitur
1062 3879 1163 3956 caput
1182 3873 1347 3950 naturale,
1364 3879 1579 3955 permortem

406 3983 614 4061 naturalem;
631 3983 747 4060 altera,
765 3984 930 4047 amittitur
944 3989 1046 4066 caput
1057 3982 1167 4060 civile,
1190 4001 1252 4066 per
1265 3982 1521 4046 damnationem
1537 3983 1579 4046 ad

407 4094 578 4170 triremes;
606 4094 726 4158 ultima
748 4111 809 4177 per
829 4092 1112 4175 deportationem,
1139 4110 1206 4174 qua
1231 4096 1331 4173 caput
1354 4091 1515 4153 eximitur
1537 4091 1578 4154 de

406 4203 552 4268 civitate.

446 4311 475 4394 b)
500 4313 642 4376 Ratione
663 4331 772 4377 aarasae
798 4313 986 4395 efficientis,
1015 4311 1203 4376 dividitur:
1231 4312 1261 4374 1ο
1289 4311 1322 4373 in
1356 4311 1589 4389 ordinariam,

406 4420 497 4504 quod
511 4421 699 4486 instituitur
720 4439 835 4485 coram
855 4420 969 4502 judice
984 4419 1165 4494 ordinario,
1188 4423 1221 4482 ct
1243 4419 1278 4482 in
1301 4419 1493 4503 delepatum
1518 4437 1579 4482 seu

406 4527 722 4604 extraordinarium,
738 4527 828 4612 quod
843 4529 881 4590 sst
895 4546 914 4591 a
922 4527 1034 4610 judice
1046 4525 1217 4608 delegat03
1233 4527 1265 4590 Ψ
1278 4527 1313 4589 in
1325 4527 1579 4591 ecclesiasticum

406 4639 439 4699 et
454 4637 623 4717 sectatore,
639 4643 741 4720 prout
756 4635 901 4719 ajudice
917 4635 1142 4700 ecclesiastico
1158 4634 1212 4702 vel
1237 4654 1258 4700 a
1276 4635 1389 4718 judice
1412 4634 1576 4714 saeculari,

406 4765 472 4831 qua
487 4746 555 4824 tali,
571 4748 757 4830 expeditur.
