3510 5574
557 573 644 619 11111
665 571 792 620 marrus
813 573 1036 620 oacnrrsuuu.
1328 553 1389 618 133

210 693 355 775 quiritur
366 691 409 758 ad
423 704 583 776 quaenam
602 695 755 776 potestas
770 689 920 775 capituli,
942 691 1140 774 episcopum
1161 706 1262 754 suum
1276 707 1390 771 repre-

209 801 388 877 sentantis,
406 801 621 866 extendatur.

249 909 281 972 i·
291 909 499 974 Beneficium
513 909 570 974 vel
580 909 679 974 sedes
692 928 813 976 vacare
825 910 956 985 dicitur,
968 927 1048 974 cum
1062 908 1235 973 titularem
1244 905 1390 991 amplius

208 1035 279 1081 non
294 1018 408 1096 habet,
420 1037 459 1084 ac
473 1017 616 1102 proinde
632 1037 703 1082 non
718 1020 842 1102 estqui
855 1021 912 1102 jus
927 1017 1116 1102 episcopale
1125 1016 1182 1081 vel
1194 1015 1389 1080 beneficiale

208 1126 382 1207 possideat
397 1127 435 1210 (c.
453 1128 469 1190 1
485 1128 519 1190 11.
536 1127 583 1208 t).
601 1125 716 1203 Porro,
736 1130 836 1210 juxta
857 1129 1028 1192 rubricam
1050 1127 1154 1209 hujus
1180 1123 1283 1200 tituli,
1308 1121 1389 1186 sede

207 1239 364 1310 vacante,
390 1233 642 1298 interdicuntur
670 1251 792 1298 omnes
815 1235 1056 1314 innovationes
1083 1251 1158 1318 quae
1177 1236 1327 1314 vergunt
1354 1231 1390 1294 in

207 1341 454 1406 detrimentum
470 1340 621 1406 ecclesiae
636 1345 671 1406 et
685 1342 841 1406 beneficii
855 1342 1019 1418 vacantis,
1035 1341 1091 1406 vel
1105 1341 1141 1405 in
1153 1339 1390 1423 prejudicium

206 1447 338 1530 praelati
353 1447 409 1513 vel
422 1449 631 1514 beneficiarii
650 1449 766 1512 iuturi.
784 1449 863 1514 ldco
883 1451 1070 1514 canonistse
1086 1449 1141 1513 bic
1157 1451 1266 1529 agunt
1284 1445 1326 1510 dc
1349 1445 1389 1509 iis

207 1576 284 1642 quae
299 1559 408 1641 possit
428 1558 484 1624 vel
505 1549 575 1624 uon
596 1559 706 1640 possit
725 1559 923 1642 capitulum,
939 1559 1020 1626 sede
1036 1555 1219 1642 episcopali
1233 1559 1387 1622 vacante.

451 1751 471 1802 l.
489 1749 626 1810 Quanam
643 1747 733 1812 possit
746 1748 912 1813 capitulum,
928 1748 996 1802 sede
1012 1748 1149 1802 vacante?
1280 1815 1286 1824 ¹

249 1888 283 1968 a)
298 1883 336 1949 ln
350 1904 489 1967 genere,
507 1889 621 1968 potest
640 1885 766 1963 omnia,
784 1887 935 1969 exceptis
949 1885 990 1950 iis
1006 1903 1082 1969 quae
1098 1888 1178 1948 sunt
1195 1881 1242 1948 illi
1263 1879 1391 1964 specia-

204 1993 286 2057 liter
298 1995 467 2076 probibita
480 1997 581 2079 juxta
595 1997 782 2062 secundam
800 1995 957 2077 regulam
973 2013 980 2058 :
997 2011 1079 2058 nam
1093 1994 1137 2057 ob
1151 1991 1391 2056 necessitatem

206 2109 242 2167 et
257 2103 439 2169 utilitatem
460 2105 627 2183 Ecclesiae,
644 2105 837 2189 jurisdictio
855 2103 1057 2187 episcopalis
1077 2097 1202 2166 'transit
1215 2102 1250 2165 in
1264 2101 1392 2184 capitu-

204 2212 290 2276 lum.
312 2213 524 2298 Quapropter
547 2215 658 2299 prima
674 2215 804 2298 regula,
827 2233 888 2278 seu
908 2213 1042 2277 rubrica
1055 2213 1159 2295 hujus
1175 2208 1274 2285 tituli,
1292 2208 1390 2272 intel-

204 2320 267 2402 ligi
284 2321 386 2386 debet
402 2323 438 2386 iu
456 2318 522 2388 lioc
544 2310 659 2402 sensu,
684 2324 775 2408 quod
794 2321 879 2388 nihil
900 2321 1085 2386 innovetur
1101 2321 1138 2384 in
1154 2317 1390 2402 praejudicium

204 2429 363 2494 Ecclesiae
383 2435 418 2494 et
435 2432 542 2495 luturi
562 2433 721 2517 episcopi,
738 2438 841 2516 atque
861 2431 903 2496 de
925 2431 978 2495 his
1000 2447 1077 2514 quae
1098 2430 1297 2511 competunt
1321 2425 1390 2509 epi-

205 2557 312 2622 scopo
341 2557 385 2604 ex
411 2539 548 2622 speciali
569 2519 812 2606 commissione
833 2541 922 2624 juris
942 2538 999 2604 vel
1021 2537 1182 2614 hominis,
1204 2535 1390 2620 capitulum

205 2645 293 2712 nihil
307 2647 370 2712 sibi
384 2647 520 2712 tribuat.

247 2753 441 2843 Notandum
457 2760 641 2821 esttamen
661 2755 753 2840 quod
767 2756 803 2819 in
816 2753 900 2820 locis
920 2756 1136 2830 missionum,
1155 2755 1213 2818 ubi
1225 2771 1296 2818 non
1310 2757 1391 2816 sunt

205 2863 366 2946 capitula,
383 2865 551 2929 defunctis
574 2865 709 2930 vicariis
734 2863 929 2948 apostolicis
953 2863 1105 2929 succedit
1121 2862 1268 2927 vicarius
1289 2877 1391 2942 gene-

205 2971 299 3048 ralis,
312 2973 370 3055 qui
383 2974 497 3051 habet,
512 2993 583 3039 non
596 2973 701 3039 modo
719 2973 898 3051 facultates
919 2973 1126 3038 vicariorum
1138 2959 1389 3054 capitularium,
1439 2981 1442 2987 ’

206 3081 269 3144 sed
292 3080 486 3164 ampliores,
503 3087 542 3146 ut
565 3087 646 3148 sunt
668 3087 821 3166 potestas
844 3081 1067 3146 consecrandi
1087 3078 1220 3154 calices,
1235 3081 1387 3160 patenas,

187 3183 516 3274 'altariaportatilia
530 3193 590 3258 sed
601 3211 680 3258 cum
689 3193 824 3258 oleisab
836 3193 995 3276 episcopo
1006 3189 1193 3256 benedictis
1202 3193 1235 3253 et
1245 3191 1389 3268 urgente

205 3299 422 3364 necessitate.
450 3315 454 3326 ·

249 3407 278 3488 b)
294 3407 332 3470 ln
347 3408 471 3492 specie,
488 3409 686 3492 capitulum,
702 3410 782 3475 sede
800 3412 955 3487 vacante,
970 3408 1151 3492 sequentia
1166 3405 1305 3486 negotia
1316 3423 1391 3488 per-

207 3521 352 3582 tractare
370 3521 485 3599 potest
500 3538 508 3580 ε
524 3520 556 3582 1ο
570 3518 722 3584 Condere
735 3518 831 3600 leges
856 3523 891 3582 et
915 3521 1044 3584 statuta
1062 3533 1125 3600 pro
1148 3518 1220 3579 tota
1240 3511 1389 3588 dioecesi,

207 3643 284 3708 quae
310 3630 426 3690 tamen
457 3645 529 3692 non
553 3627 779 3711 praejudicent
792 3626 1093 3694 constitutionibus
1116 3629 1218 3689 antea
1236 3621 1389 3705 legitime

207 3732 308 3798 editis
335 3737 377 3800 ab
405 3741 634 3814 antecessore,
662 3755 726 3802 nec
743 3736 853 3819 ligent
871 3738 930 3820 jus
952 3734 1009 3800 vel
1029 3733 1269 3800 auctoritatem
1291 3729 1390 3812 legis-

206 3839 346 3908 lativum
361 3845 567 3910 successoris
579 3865 586 3920 3

246 3949 279 4012 2⁰
292 3949 504 4031 Cognoscere
514 3969 635 4017 causas
645 3953 689 4018 ad
698 3953 812 4018 iorum
822 3951 973 4035 episcopi
984 3950 1207 4033 pertinentes,
1218 3947 1389 4032 inquirere

206 4057 243 4122 iu
256 4059 457 4124 criminosae
471 4079 602 4144 poenas,
615 4077 778 4125 censuras
792 4060 948 4140 infligere
964 4061 998 4121 et
1014 4059 1056 4122 ab
1072 4057 1121 4121 eis
1135 4055 1314 4126 absolvere
1327 4075 1334 4130 ;

245 4167 278 4230 3⁰
293 4167 496 4251 Dispensare
512 4170 547 4234 in
560 4169 870 4252 irregularitatibus
886 4186 930 4233 ex
944 4165 1067 4231 delicto
1087 4165 1230 4240 occulte,
1249 4167 1389 4246 excepta

206 4291 248 4338 ea
262 4293 338 4357 quse
353 4275 461 4340 oritur
476 4295 519 4340 111
532 4276 733 4354 homicidio;

140 4451 142 4458 ,
244 4385 278 4448 1ο
291 4385 487 4468 Approbare
506 4386 550 4451 ad
568 4405 687 4452 curam
701 4387 895 4452 animarum
910 4389 946 4450 et
958 4384 1138 4448 instituere
1146 4382 1182 4445 in
1197 4379 1386 4456 beneflciis3

244 4493 277 4558 5⁰
290 4493 459 4560 Assistere
492 4496 728 4572 matrimonio;
766 4495 965 4578 dispensare
1000 4493 1036 4556 in
1073 4489 1388 4556 denuntiationibus

206 4593 576 4682 matrimonialibus,in
600 4605 841 4674 observatione
862 4604 1030 4669 festorum
1052 4605 1087 4664 et
1108 4599 1332 4682 jeJuniorum,
1352 4597 1400 4682 in

208 4711 295 4774 votis
309 4716 344 4774 et
353 4712 570 4793 iuramentis,
586 4713 690 4778 modo
712 4731 783 4778 non
803 4712 873 4776 sint
888 4713 1074 4786 reservata,
1093 4709 1129 4772 in
1145 4707 1279 4772 defectu
1294 4712 1387 4772 nata-
