3504 5572
596 636 683 680 11666
705 637 831 682 resrrus
852 633 1075 680 necaerlmurr.
1368 619 1427 680 357

248 757 439 832 trabuntur,
465 775 504 821 ao
528 755 671 839 proinde
698 760 779 820 sunt
799 755 996 841 simpliciter
1017 774 1124 840 penes
1144 755 1306 820 olerioum
1329 776 1428 842 parea

247 865 423 931 viventem
434 869 472 948 (o.
491 866 520 940 1,
534 865 566 940 5,
583 866 624 929 de
641 865 811 949 Testem).

288 972 1429 1058 liaetenusdietasunteertaautsaltemeommuniterreeepta;sad

287 1083 316 1164 b)
331 1083 501 1158 Quaeritur
515 1101 559 1148 an
573 1083 686 1148 cleriei
709 1080 890 1147 saeoulares
912 1081 981 1146 sint
995 1079 1099 1145 etiam
1115 1080 1245 1147 domini
1259 1082 1429 1150 bonorum

247 1191 498 1257 beneficialium
529 1210 591 1256 seu
615 1190 812 1256 reddituum
836 1189 908 1254 sive
925 1187 1198 1254 neeessariorum
1222 1191 1295 1255 sive
1314 1209 1430 1276 super-

246 1301 420 1366 fluorum?
523 1334 528 1344 ·

287 1410 319 1474 1ο
330 1408 448 1488 Quoad
461 1410 552 1475 bona
562 1409 766 1488 necessaria,
780 1408 973 1474 eommunis
984 1409 1156 1474 sententia
1168 1409 1321 1494 assignat
1334 1410 1431 1476 eleri-

247 1519 295 1584 616
303 1518 494 1584 dominium
503 1516 709 1583 absolutum.
718 1516 893 1599 Colligitur
906 1535 950 1582 ex
958 1535 1054 1582 6666.
1066 1517 1153 1583 Trid.
1169 1519 1262 1604 quod
1271 1519 1368 1600 (sess.
1377 1521 1428 1598 23,

246 1649 274 1694 6.
292 1629 341 1704 la,
359 1628 401 1692 de
414 1627 502 1710 Res.)
517 1627 808 1712 dioitcanonieum
821 1628 953 1692 fruetus
969 1645 1050 1692 suos
1064 1627 1188 1705 lacere,
1204 1629 1336 1693 ratione
1345 1647 1431 1712 praa-

246 1737 368 1801 bendae
383 1740 417 1801 et
438 1736 651 1812 residentiae3
678 1737 706 1800 si
729 1753 813 1800 vero
834 1754 905 1801 non
925 1735 1084 1810 resideat,
1107 1737 1238 1802 fruetus
1259 1755 1330 1802 non
1351 1738 1432 1802 fauit

248 1864 340 1921 suos,
353 1849 391 1908 ut
405 1845 485 1909 dieit
499 1843 591 1909 idem
608 1842 696 1910 Trid.
713 1837 809 1926 (sess.
826 1844 876 1920 13,
895 1861 924 1908 6.
942 1845 972 1922 1,
989 1844 1030 1908 de
1042 1843 1144 1926 Res.).
1156 1844 1254 1911 Ratio
1269 1849 1331 1922 est,
1349 1846 1429 1929 quia

247 1953 346 2018 miles
370 1958 405 2018 et
418 1953 593 2038 operarius
615 1952 823 2037 stipendium
838 1956 873 2017 et
893 1952 1090 2018 mercedem
1111 1953 1191 2018 laeit
1205 1971 1304 2018 suam
1319 1955 1432 2038 quoad

247 2061 455 2137 dominium;
481 2079 607 2142 ergoa
635 2061 709 2144 pari
730 2060 883 2136 oleribus,
908 2062 967 2145 qui
991 2065 1044 2124 est
1067 2059 1243 2143 operarius
1264 2061 1301 2126 in
1331 2061 1433 2128 vinea

246 2169 392 2236 Domini.
404 2169 545 2244 Deinde,
558 2167 585 2231 si
597 2167 709 2234 elerici
720 2186 790 2234 non
801 2173 917 2233 essent
927 2167 1068 2244 domini,
1083 2168 1144 2232 sed
1159 2169 1288 2233 usuarii
1298 2174 1432 2238 tantum

247 2282 282 2342 et
302 2277 607 2353 administratores,
624 2282 767 2360 possent
789 2279 866 2359 oogi
880 2277 924 2342 ad
948 2277 1140 2342 faciendam
1161 2278 1431 2355 restitutionem

246 2382 341 2465 atqui
355 2399 534 2465 nunquam
553 2379 701 2445 Eeelasia
714 2381 808 2463 cogit
827 2381 870 2446 ad
891 2379 1145 2446 restitutionem
1159 2380 1235 2446 illos
1261 2381 1318 2466 qui
1342 2379 1432 2446 male

247 2509 289 2555 ea
304 2491 395 2557 bona
408 2490 618 2574 expendunt.

287 2600 481 2666 Adversarii
494 2599 623 2665 multos
637 2601 815 2684 proterunt
833 2601 993 2684 antiquos
1010 2617 1161 2665 oanones
1178 2600 1215 2664 in
1230 2599 1353 2684 quibus
1366 2600 1432 2666 ole-

246 2709 305 2775 rioi
318 2709 376 2793 qui
390 2711 521 2775 fruetus
533 2708 609 2775 illos
620 2709 656 2774 in
666 2727 750 2774 usus
758 2709 919 2794 profanos
931 2707 1140 2794 expendunt,
1154 2709 1313 2774 dieuntur
1323 2709 1428 2786 iures,

247 2817 418 2900 saerilegi;
444 2817 504 2883 aad
524 2836 674 2884 6666666
688 2817 737 2882 illi
750 2817 941 2901 procedunt
955 2815 997 2882 de
1013 2820 1167 2900 tempore
1181 2835 1249 2901 quo
1266 2819 1431 2884 beneficia

247 2927 474 2992 ecelesiastica
501 2931 600 2992 erant
625 2927 782 3002 indivisa,
812 2925 1101 2990 administrationi
1124 2929 1160 2990 et
1184 2925 1431 3010 dispensationi

245 3035 447 3100 olarieorum
460 3033 655 3099 commissa.
671 3033 815 3111 Etenim,
828 3033 863 3098 in
875 3033 1048 3117 primitiva
1057 3033 1205 3098 Euolesia
1214 3033 1331 3100 omnia
1340 3036 1431 3100 bona

247 3144 473 3210 ecclesiastiea
481 3145 625 3210 confusa
636 3143 876 3209 etoommunia
886 3149 994 3220 erant,
1010 3144 1074 3207 sub
1090 3143 1343 3227 dispensatione
1362 3145 1430 3227 epi-

246 3255 348 3338 seopi.
362 3253 566 3336 Sedpostea,
576 3252 837 3318 auetossdelium
848 3251 1094 3317 etelerieorum
1103 3269 1261 3327 numero,
1273 3253 1364 3318 bona
1373 3251 1431 3316 illa

246 3357 355 3422 divisa
368 3361 459 3432 sunt,
478 3360 633 3439 tempore
649 3354 782 3432 Gelasii,
800 3355 835 3418 in
851 3360 999 3438 quatuor
1020 3355 1196 3438 portiones
1214 3375 1221 3416 :
1238 3373 1307 3418 una
1327 3356 1432 3438 depu-

247 3470 318 3529 tata
332 3469 385 3529 est
399 3464 569 3548 episeopo,
587 3461 695 3527 altera
708 3462 850 3538 clericis,
867 3463 968 3528 tertia
980 3463 1117 3527 labrieae
1133 3461 1295 3539 ecelesia,
1311 3467 1432 3545 quarta

246 3574 463 3662 pauperibus,
480 3576 519 3636 ut
531 3576 667 3638 eonstat
681 3591 725 3636 ex
736 3591 811 3638 666.
825 3573 876 3650 27,
890 3591 963 3656 seq.
981 3573 1030 3648 11,
1048 3592 1080 3656 q.
1097 3573 1127 3636 1.

286 3683 319 3746 1ο
344 3680 462 3759 Quoad
485 3685 618 3763 partem
649 3681 875 3764 superfluam,
902 3679 1073 3744 sententia
1102 3678 1310 3762 probabilior
1333 3677 1432 3746 docet

247 3789 388 3856 61611666
407 3788 627 3854 benelleiatos
649 3787 776 3852 habere
800 3788 990 3872 perlectum
1013 3786 1205 3852 dominium
1221 3785 1429 3864 reddituum,

248 3898 352 3963 etiam
366 3896 629 3980 superfluorum,
645 3895 802 3960 benefieii
811 3895 875 3958 sui.
887 3895 1101 3976 argumenta
1110 3895 1269 3978 superius
1279 3892 1431 3959 allataad

247 4005 485 4088 probationem
500 4002 614 4087 quoad
627 4008 761 4086 partem
776 4001 1005 4067 neeessariam
1019 4001 1083 4066 rite
1099 4001 1312 4086 applioantur
1321 4001 1433 4066 reddi·

248 4114 338 4178 tibus
356 4111 546 4195 superlluis.
564 4111 704 4187 Deinde,
725 4112 762 4176 in
776 4129 880 4196 supra
892 4110 1061 4175 recensita
1076 4108 1244 4174 divisione
1264 4111 1433 4177 bonorum

249 4221 565 4296 ecelesiasticorum,
582 4219 676 4285 nulla
687 4219 908 4284 fltdistinotio
926 4219 1016 4283 inter
1028 4217 1183 4282 redditus
1198 4217 1389 4301 superfluos
1401 4224 1436 4284 et

248 4330 472 4406 necessarios,
499 4333 534 4393 et
556 4347 635 4412 pars
658 4329 793 4411 integra
816 4327 1031 4412 adjudicatur
1050 4326 1191 4391 olerieis.
1215 4325 1376 4404 Tandem,
1399 4328 1435 4392 in

248 4459 320 4524 oap.
337 4441 357 4504 1
376 4440 417 4504 de
431 4437 556 4520 Fides,
582 4437 776 4522 praecipitur
792 4443 829 4503 ut
854 4437 1078 4504 oreditoribus
1100 4455 1121 4500 a
1145 4433 1277 4501 olerieis
1292 4436 1437 4502 satisfiat

250 4548 353 4613 etiam
368 4568 411 4612 ex
425 4546 613 4612 redditibus
626 4547 891 4622 beneficiorum3
908 4546 1014 4630 atqui,
1027 4546 1055 4609 si
1067 4544 1179 4610 alerici
1188 4563 1259 4610 non
1269 4545 1435 4611 baberent

250 4657 440 4721 dominium
454 4655 610 4730 istorum,
628 4654 756 4738 injusta
770 4659 862 4720 esset
878 4653 953 4720 16116
968 4653 1164 4719 salisleotio.

289 4764 304 4826 J
309 4769 390 4828 unta
404 4761 705 4848 quosdam‚oler·iei
721 4769 838 4830 essent
852 4763 981 4830 domini
991 4761 1081 4827 illius
1095 4761 1200 4844 partis
1211 4761 1342 4827 ratione
1355 4779 1432 4827 666-
