<?xml version="1.0" encoding="UTF-8"?>
<!DOCTYPE html PUBLIC "-//W3C//DTD XHTML 1.0 Transitional//EN"
    "http://www.w3.org/TR/xhtml1/DTD/xhtml1-transitional.dtd">
<html xmlns="http://www.w3.org/1999/xhtml" xml:lang="en" lang="en">
 <head>
  <title>
</title>
<meta http-equiv="Content-Type" content="text/html;charset=utf-8" />
  <meta name='ocr-system' content='tesseract 3.04.00' />
  <meta name='ocr-capabilities' content='ocr_page ocr_carea ocr_par ocr_line ocrx_word'/>
</head>
<body>
  <div class='ocr_page' id='page_1' title='image "./juscanonicumjux00grangoog_0325.png"; bbox 0 0 3504 5572; ppageno 0'>
   <div class='ocr_carea' id='block_1_1' title="bbox 547 543 1377 606">
    <p class='ocr_par' dir='ltr' id='par_1_1' title="bbox 547 543 1377 606">
     <span class='ocr_line' id='line_1_1' title="bbox 547 543 1377 606; baseline 0.004 -3"><span class='ocrx_word' id='word_1_1' title='bbox 547 555 636 604; x_wconf 79' lang='lat' dir='ltr'><strong>urere</strong></span> <span class='ocrx_word' id='word_1_2' title='bbox 657 557 782 604; x_wconf 80' lang='lat' dir='ltr'><strong>rannus</strong></span> <span class='ocrx_word' id='word_1_3' title='bbox 802 557 1023 604; x_wconf 73' lang='lat' dir='ltr'><strong>amnesamnes.</strong></span> <span class='ocrx_word' id='word_1_4' title='bbox 1318 543 1377 606; x_wconf 75' lang='lat'><strong>313</strong></span> 
     </span>
    </p>
   </div>
   <div class='ocr_carea' id='block_1_2' title="bbox 197 673 1377 763">
    <p class='ocr_par' dir='ltr' id='par_1_2' title="bbox 197 673 1377 763">
     <span class='ocr_line' id='line_1_2' title="bbox 197 673 1377 763; baseline -0.002 -19"><span class='ocrx_word' id='word_1_5' title='bbox 197 675 308 763; x_wconf 74' lang='lat' dir='ltr'><strong>Aliqui</strong></span> <span class='ocrx_word' id='word_1_6' title='bbox 335 679 451 742; x_wconf 87' lang='lat' dir='ltr'><strong>lemen</strong></span> <span class='ocrx_word' id='word_1_7' title='bbox 471 673 621 741; x_wconf 83' lang='lat' dir='ltr'><strong>limitent</strong></span> <span class='ocrx_word' id='word_1_8' title='bbox 642 676 677 740; x_wconf 93' lang='lat' dir='ltr'><strong>in</strong></span> <span class='ocrx_word' id='word_1_9' title='bbox 696 693 778 742; x_wconf 87' lang='lat' dir='ltr'><strong>oasa</strong></span> <span class='ocrx_word' id='word_1_10' title='bbox 798 693 866 761; x_wconf 92' lang='lat' dir='ltr'><strong>quo</strong></span> <span class='ocrx_word' id='word_1_11' title='bbox 888 695 932 742; x_wconf 87' lang='lat' dir='ltr'><strong>ex</strong></span> <span class='ocrx_word' id='word_1_12' title='bbox 953 675 1106 742; x_wconf 87' lang='lat' dir='ltr'><strong>diseessn</strong></span> <span class='ocrx_word' id='word_1_13' title='bbox 1132 675 1250 744; x_wconf 80' lang='lat' dir='ltr'><strong>ramuli</strong></span> <span class='ocrx_word' id='word_1_14' title='bbox 1273 679 1377 743; x_wconf 87' lang='lat' dir='ltr'><strong>herus</strong></span> 
     </span>
    </p>
   </div>
   <div class='ocr_carea' id='block_1_3' title="bbox 198 783 1379 1084">
    <p class='ocr_par' dir='ltr' id='par_1_3' title="bbox 198 783 1379 1084">
     <span class='ocr_line' id='line_1_3' title="bbox 199 783 1378 867; baseline -0.003 -14"><span class='ocrx_word' id='word_1_15' title='bbox 199 787 362 852; x_wconf 88' lang='lat' dir='ltr'><strong>damnum</strong></span> <span class='ocrx_word' id='word_1_16' title='bbox 386 801 567 865; x_wconf 77' lang='lat' dir='ltr'><strong>emergens</strong></span> <span class='ocrx_word' id='word_1_17' title='bbox 588 783 645 848; x_wconf 89' lang='lat' dir='ltr'><strong>vel</strong></span> <span class='ocrx_word' id='word_1_18' title='bbox 666 783 801 850; x_wconf 89' lang='lat' dir='ltr'><strong>luorum</strong></span> <span class='ocrx_word' id='word_1_19' title='bbox 822 802 962 850; x_wconf 88' lang='lat' dir='ltr'><strong>oessans</strong></span> <span class='ocrx_word' id='word_1_20' title='bbox 985 785 1147 867; x_wconf 65' lang='lat' dir='ltr'><strong>petiolum·</strong></span> <span class='ocrx_word' id='word_1_21' title='bbox 1174 803 1236 850; x_wconf 92' lang='lat' dir='ltr'><strong>seu</strong></span> <span class='ocrx_word' id='word_1_22' title='bbox 1262 786 1378 852; x_wconf 86' lang='lat' dir='ltr'><strong>statim</strong></span> 
     </span>
     <span class='ocr_line' id='line_1_4' title="bbox 198 891 1378 978; baseline 0 -18"><span class='ocrx_word' id='word_1_23' title='bbox 198 895 304 960; x_wconf 86' lang='lat' dir='ltr'><strong>elium</strong></span> <span class='ocrx_word' id='word_1_24' title='bbox 318 891 487 959; x_wconf 87' lang='lat' dir='ltr'><strong>famulum</strong></span> <span class='ocrx_word' id='word_1_25' title='bbox 500 909 597 977; x_wconf 85' lang='lat' dir='ltr'><strong>aeque</strong></span> <span class='ocrx_word' id='word_1_26' title='bbox 616 891 780 958; x_wconf 89' lang='lat' dir='ltr'><strong>idoneum</strong></span> <span class='ocrx_word' id='word_1_27' title='bbox 793 894 920 958; x_wconf 87' lang='lat' dir='ltr'><strong>habere</strong></span> <span class='ocrx_word' id='word_1_28' title='bbox 931 897 1090 978; x_wconf 77' lang='lat' dir='ltr'><strong>nequeat.</strong></span> <span class='ocrx_word' id='word_1_29' title='bbox 1104 893 1170 959; x_wconf 87' lang='lat' dir='ltr'><strong>Sed</strong></span> <span class='ocrx_word' id='word_1_30' title='bbox 1184 893 1215 958; x_wconf 88' lang='lat' dir='ltr'><strong>si</strong></span> <span class='ocrx_word' id='word_1_31' title='bbox 1230 913 1273 959; x_wconf 89' lang='lat' dir='ltr'><strong>ex</strong></span> <span class='ocrx_word' id='word_1_32' title='bbox 1283 896 1378 977; x_wconf 84' lang='lat' dir='ltr'><strong>justa</strong></span> 
     </span>
     <span class='ocr_line' id='line_1_5' title="bbox 198 999 1379 1084; baseline -0.003 -14"><span class='ocrx_word' id='word_1_33' title='bbox 198 1020 312 1078; x_wconf 83' lang='lat' dir='ltr'><strong>eausa,</strong></span> <span class='ocrx_word' id='word_1_34' title='bbox 327 1021 360 1066; x_wconf 89' lang='lat' dir='ltr'><strong>v.</strong></span> <span class='ocrx_word' id='word_1_35' title='bbox 374 1019 409 1084; x_wconf 87' lang='lat' dir='ltr'><strong>g.</strong></span> <span class='ocrx_word' id='word_1_36' title='bbox 425 1001 470 1066; x_wconf 92' lang='lat' dir='ltr'><strong>ob</strong></span> <span class='ocrx_word' id='word_1_37' title='bbox 486 1000 654 1066; x_wconf 74' lang='lat' dir='ltr'><strong>sennam</strong></span> <span class='ocrx_word' id='word_1_38' title='bbox 668 999 808 1078; x_wconf 90' lang='lat' dir='ltr'><strong>domini,</strong></span> <span class='ocrx_word' id='word_1_39' title='bbox 830 1001 951 1084; x_wconf 88' lang='lat' dir='ltr'><strong>lugiet,</strong></span> <span class='ocrx_word' id='word_1_40' title='bbox 968 1005 1050 1067; x_wconf 88' lang='lat' dir='ltr'><strong>tune</strong></span> <span class='ocrx_word' id='word_1_41' title='bbox 1067 1001 1228 1067; x_wconf 88' lang='lat' dir='ltr'><strong>dominns</strong></span> <span class='ocrx_word' id='word_1_42' title='bbox 1242 1007 1379 1068; x_wconf 88' lang='lat' dir='ltr'><strong>tenetur</strong></span> 
     </span>
    </p>
   </div>
   <div class='ocr_carea' id='block_1_4' title="bbox 198 1107 1381 1298">
    <p class='ocr_par' dir='ltr' id='par_1_4' title="bbox 198 1107 1381 1298">
     <span class='ocr_line' id='line_1_6' title="bbox 200 1107 1381 1194; baseline -0.002 -17"><span class='ocrx_word' id='word_1_43' title='bbox 200 1111 332 1178; x_wconf 88' lang='lat' dir='ltr'><strong>solvere</strong></span> <span class='ocrx_word' id='word_1_44' title='bbox 352 1107 514 1176; x_wconf 90' lang='lat' dir='ltr'><strong>salarium</strong></span> <span class='ocrx_word' id='word_1_45' title='bbox 535 1108 640 1174; x_wconf 87' lang='lat' dir='ltr'><strong>totius</strong></span> <span class='ocrx_word' id='word_1_46' title='bbox 655 1108 754 1185; x_wconf 88' lang='lat' dir='ltr'><strong>anni,</strong></span> <span class='ocrx_word' id='word_1_47' title='bbox 771 1107 921 1174; x_wconf 82' lang='lat' dir='ltr'><strong>maxime</strong></span> <span class='ocrx_word' id='word_1_48' title='bbox 936 1109 964 1173; x_wconf 90' lang='lat' dir='ltr'><strong>si</strong></span> <span class='ocrx_word' id='word_1_49' title='bbox 978 1109 1117 1174; x_wconf 85' lang='lat' dir='ltr'><strong>interim</strong></span> <span class='ocrx_word' id='word_1_50' title='bbox 1130 1109 1281 1175; x_wconf 79' lang='lat' dir='ltr'><strong>famulus</strong></span> <span class='ocrx_word' id='word_1_51' title='bbox 1301 1129 1381 1194; x_wconf 87' lang='lat' dir='ltr'><strong>ope-</strong></span> 
     </span>
     <span class='ocr_line' id='line_1_7' title="bbox 198 1210 1380 1298; baseline -0.001 -17"><span class='ocrx_word' id='word_1_52' title='bbox 198 1233 255 1281; x_wconf 89' lang='lat' dir='ltr'><strong>ras</strong></span> <span class='ocrx_word' id='word_1_53' title='bbox 270 1231 350 1280; x_wconf 87' lang='lat' dir='ltr'><strong>suas</strong></span> <span class='ocrx_word' id='word_1_54' title='bbox 365 1211 462 1279; x_wconf 87' lang='lat' dir='ltr'><strong>alteri</strong></span> <span class='ocrx_word' id='word_1_55' title='bbox 479 1210 591 1278; x_wconf 87' lang='lat' dir='ltr'><strong>loeere</strong></span> <span class='ocrx_word' id='word_1_56' title='bbox 606 1230 678 1278; x_wconf 91' lang='lat' dir='ltr'><strong>nou</strong></span> <span class='ocrx_word' id='word_1_57' title='bbox 692 1212 804 1297; x_wconf 86' lang='lat' dir='ltr'><strong>potuit</strong></span> <span class='ocrx_word' id='word_1_58' title='bbox 819 1231 827 1276; x_wconf 93' lang='lat'><strong>:</strong></span> <span class='ocrx_word' id='word_1_59' title='bbox 848 1211 896 1276; x_wconf 93' lang='lat' dir='ltr'><strong>ita</strong></span> <span class='ocrx_word' id='word_1_60' title='bbox 908 1214 967 1296; x_wconf 89' lang='lat' dir='ltr'><strong>jus</strong></span> <span class='ocrx_word' id='word_1_61' title='bbox 986 1212 1085 1279; x_wconf 87' lang='lat' dir='ltr'><strong>Rom.</strong></span> <span class='ocrx_word' id='word_1_62' title='bbox 1100 1212 1198 1279; x_wconf 86' lang='lat' dir='ltr'><strong>Ratio</strong></span> <span class='ocrx_word' id='word_1_63' title='bbox 1214 1217 1276 1290; x_wconf 87' lang='lat' dir='ltr'><strong>est,</strong></span> <span class='ocrx_word' id='word_1_64' title='bbox 1300 1215 1380 1298; x_wconf 90' lang='lat' dir='ltr'><strong>quie</strong></span> 
     </span>
    </p>
   </div>
   <div class='ocr_carea' id='block_1_5' title="bbox 200 1318 1380 1842">
    <p class='ocr_par' dir='ltr' id='par_1_5' title="bbox 200 1318 1265 1408">
     <span class='ocr_line' id='line_1_8' title="bbox 200 1318 1265 1408; baseline -0.006 -18"><span class='ocrx_word' id='word_1_65' title='bbox 200 1342 263 1408; x_wconf 91' lang='lat' dir='ltr'><strong>per</strong></span> <span class='ocrx_word' id='word_1_66' title='bbox 273 1319 553 1390; x_wconf 87' lang='lat' dir='ltr'><strong>talemlamulnm</strong></span> <span class='ocrx_word' id='word_1_67' title='bbox 565 1337 635 1387; x_wconf 94' lang='lat' dir='ltr'><strong>non</strong></span> <span class='ocrx_word' id='word_1_68' title='bbox 647 1323 715 1386; x_wconf 88' lang='lat' dir='ltr'><strong>stat</strong></span> <span class='ocrx_word' id='word_1_69' title='bbox 726 1318 911 1404; x_wconf 83' lang='lat' dir='ltr'><strong>quominus</strong></span> <span class='ocrx_word' id='word_1_70' title='bbox 925 1338 1039 1404; x_wconf 84' lang='lat' dir='ltr'><strong>operae</strong></span> <span class='ocrx_word' id='word_1_71' title='bbox 1049 1319 1265 1404; x_wconf 73' lang='lat' dir='ltr'><strong>impleantur.</strong></span> 
     </span>
    </p>

    <p class='ocr_par' dir='ltr' id='par_1_6' title="bbox 200 1425 1380 1842">
     <span class='ocr_line' id='line_1_9' title="bbox 238 1425 1379 1514; baseline -0.001 -17"><span class='ocrx_word' id='word_1_72' title='bbox 238 1432 271 1497; x_wconf 74' lang='lat' dir='ltr'><strong>l·</strong></span> <span class='ocrx_word' id='word_1_73' title='bbox 284 1430 444 1497; x_wconf 79' lang='lat' dir='ltr'><strong>Famulus</strong></span> <span class='ocrx_word' id='word_1_74' title='bbox 458 1425 514 1495; x_wconf 76' lang='lat' dir='ltr'><strong>&#39;vel</strong></span> <span class='ocrx_word' id='word_1_75' title='bbox 527 1429 714 1514; x_wconf 88' lang='lat' dir='ltr'><strong>operarius,</strong></span> <span class='ocrx_word' id='word_1_76' title='bbox 729 1447 792 1513; x_wconf 92' lang='lat' dir='ltr'><strong>pro</strong></span> <span class='ocrx_word' id='word_1_77' title='bbox 809 1434 963 1514; x_wconf 91' lang='lat' dir='ltr'><strong>tempore</strong></span> <span class='ocrx_word' id='word_1_78' title='bbox 975 1447 1043 1514; x_wconf 93' lang='lat' dir='ltr'><strong>quo</strong></span> <span class='ocrx_word' id='word_1_79' title='bbox 1052 1433 1207 1512; x_wconf 76' lang='lat' dir='ltr'><strong>aegrotat</strong></span> <span class='ocrx_word' id='word_1_80' title='bbox 1218 1428 1339 1496; x_wconf 85' lang='lat' dir='ltr'><strong>saltem</strong></span> <span class='ocrx_word' id='word_1_81' title='bbox 1350 1431 1379 1496; x_wconf 92' lang='lat' dir='ltr'><strong>si</strong></span> 
     </span>
     <span class='ocr_line' id='line_1_10' title="bbox 200 1537 1379 1625; baseline -0.001 -19"><span class='ocrx_word' id='word_1_82' title='bbox 200 1545 335 1625; x_wconf 83' lang='lat' dir='ltr'><strong>tempus</strong></span> <span class='ocrx_word' id='word_1_83' title='bbox 359 1537 443 1604; x_wconf 88' lang='lat' dir='ltr'><strong>iDnd</strong></span> <span class='ocrx_word' id='word_1_84' title='bbox 464 1542 516 1604; x_wconf 90' lang='lat' dir='ltr'><strong>est</strong></span> <span class='ocrx_word' id='word_1_85' title='bbox 539 1537 700 1614; x_wconf 88' lang='lat' dir='ltr'><strong>notabile,</strong></span> <span class='ocrx_word' id='word_1_86' title='bbox 721 1538 841 1624; x_wconf 90' lang='lat' dir='ltr'><strong>nequit</strong></span> <span class='ocrx_word' id='word_1_87' title='bbox 863 1537 1001 1621; x_wconf 81' lang='lat' dir='ltr'><strong>exigere</strong></span> <span class='ocrx_word' id='word_1_88' title='bbox 1028 1538 1234 1616; x_wconf 86' lang='lat' dir='ltr'><strong>meroedem,</strong></span> <span class='ocrx_word' id='word_1_89' title='bbox 1259 1538 1326 1604; x_wconf 90' lang='lat' dir='ltr'><strong>nisi</strong></span> <span class='ocrx_word' id='word_1_90' title='bbox 1343 1539 1379 1605; x_wconf 92' lang='lat' dir='ltr'><strong>id</strong></span> 
     </span>
     <span class='ocr_line' id='line_1_11' title="bbox 200 1645 1380 1735; baseline -0.001 -19"><span class='ocrx_word' id='word_1_91' title='bbox 200 1648 390 1735; x_wconf 70' lang='lat' dir='ltr'><strong>specialiter</strong></span> <span class='ocrx_word' id='word_1_92' title='bbox 404 1648 449 1714; x_wconf 87' lang='lat' dir='ltr'><strong>sit</strong></span> <span class='ocrx_word' id='word_1_93' title='bbox 462 1651 673 1716; x_wconf 78' lang='lat' dir='ltr'><strong>conventum</strong></span> <span class='ocrx_word' id='word_1_94' title='bbox 686 1645 743 1714; x_wconf 87' lang='lat' dir='ltr'><strong>vel</strong></span> <span class='ocrx_word' id='word_1_95' title='bbox 758 1646 1025 1714; x_wconf 85' lang='lat' dir='ltr'><strong>eonsuetudosit</strong></span> <span class='ocrx_word' id='word_1_96' title='bbox 1038 1647 1074 1712; x_wconf 92' lang='lat' dir='ltr'><strong>in</strong></span> <span class='ocrx_word' id='word_1_97' title='bbox 1087 1647 1317 1714; x_wconf 85' lang='lat' dir='ltr'><strong>eontrarium:</strong></span> <span class='ocrx_word' id='word_1_98' title='bbox 1331 1648 1380 1715; x_wconf 90' lang='lat' dir='ltr'><strong>ita</strong></span> 
     </span>
     <span class='ocr_line' id='line_1_12' title="bbox 200 1757 1379 1842; baseline 0 -18"><span class='ocrx_word' id='word_1_99' title='bbox 200 1776 332 1825; x_wconf 90' lang='lat' dir='ltr'><strong>omnes.</strong></span> <span class='ocrx_word' id='word_1_100' title='bbox 348 1757 446 1824; x_wconf 86' lang='lat' dir='ltr'><strong>Retio</strong></span> <span class='ocrx_word' id='word_1_101' title='bbox 466 1762 528 1836; x_wconf 83' lang='lat' dir='ltr'><strong>est,</strong></span> <span class='ocrx_word' id='word_1_102' title='bbox 551 1757 631 1842; x_wconf 90' lang='lat' dir='ltr'><strong>quia</strong></span> <span class='ocrx_word' id='word_1_103' title='bbox 643 1775 777 1824; x_wconf 88' lang='lat' dir='ltr'><strong>meroes</strong></span> <span class='ocrx_word' id='word_1_104' title='bbox 799 1757 943 1822; x_wconf 90' lang='lat' dir='ltr'><strong>debetur</strong></span> <span class='ocrx_word' id='word_1_105' title='bbox 957 1761 1092 1823; x_wconf 88' lang='lat' dir='ltr'><strong>tantum</strong></span> <span class='ocrx_word' id='word_1_106' title='bbox 1105 1761 1245 1842; x_wconf 87' lang='lat' dir='ltr'><strong>propter</strong></span> <span class='ocrx_word' id='word_1_107' title='bbox 1257 1775 1379 1842; x_wconf 88' lang='lat' dir='ltr'><strong>operes</strong></span> 
     </span>
    </p>
   </div>
   <div class='ocr_carea' id='block_1_6' title="bbox 199 1865 1511 1952">
    <p class='ocr_par' dir='ltr' id='par_1_7' title="bbox 199 1865 1511 1952">
     <span class='ocr_line' id='line_1_13' title="bbox 199 1865 1511 1952; baseline -0.002 -18"><span class='ocrx_word' id='word_1_108' title='bbox 199 1868 394 1934; x_wconf 86' lang='lat' dir='ltr'><strong>oondnolas.</strong></span> <span class='ocrx_word' id='word_1_109' title='bbox 412 1868 597 1933; x_wconf 86' lang='lat' dir='ltr'><strong>Diximus«</strong></span> <span class='ocrx_word' id='word_1_110' title='bbox 615 1871 750 1952; x_wconf 86' lang='lat' dir='ltr'><strong>tempus</strong></span> <span class='ocrx_word' id='word_1_111' title='bbox 767 1866 916 1933; x_wconf 86' lang='lat' dir='ltr'><strong>notabile</strong></span> <span class='ocrx_word' id='word_1_112' title='bbox 932 1887 969 1944; x_wconf 76' lang='grc' dir='ltr'><strong>»ς</strong></span> <span class='ocrx_word' id='word_1_113' title='bbox 985 1867 1065 1952; x_wconf 92' lang='lat' dir='ltr'><strong>qnia</strong></span> <span class='ocrx_word' id='word_1_114' title='bbox 1085 1866 1169 1934; x_wconf 89' lang='lat' dir='ltr'><strong>nibil</strong></span> <span class='ocrx_word' id='word_1_115' title='bbox 1181 1866 1310 1932; x_wconf 87' lang='lat' dir='ltr'><strong>lamule</strong></span> <span class='ocrx_word' id='word_1_116' title='bbox 1323 1865 1380 1932; x_wconf 93' lang='lat' dir='ltr'><strong>vel</strong></span> <span class='ocrx_word' id='word_1_117' title='bbox 1503 1939 1511 1951; x_wconf 29' lang='grc' dir='ltr'>ι</span> 
     </span>
    </p>
   </div>
   <div class='ocr_carea' id='block_1_7' title="bbox 197 1974 1430 4554">
    <p class='ocr_par' dir='ltr' id='par_1_8' title="bbox 199 1974 1381 2152">
     <span class='ocr_line' id='line_1_14' title="bbox 200 1974 1381 2061; baseline -0.003 -17"><span class='ocrx_word' id='word_1_118' title='bbox 200 1977 355 2061; x_wconf 86' lang='lat' dir='ltr'><strong>operario</strong></span> <span class='ocrx_word' id='word_1_119' title='bbox 371 1976 501 2044; x_wconf 79' lang='lat' dir='ltr'><strong>detrahi</strong></span> <span class='ocrx_word' id='word_1_120' title='bbox 514 1976 616 2042; x_wconf 85' lang='lat' dir='ltr'><strong>debet</strong></span> <span class='ocrx_word' id='word_1_121' title='bbox 629 1975 671 2041; x_wconf 77' lang='lat' dir='ltr'><strong>(le</strong></span> <span class='ocrx_word' id='word_1_122' title='bbox 680 1975 851 2052; x_wconf 76' lang='lat' dir='ltr'><strong>mercede,</strong></span> <span class='ocrx_word' id='word_1_123' title='bbox 868 1975 897 2040; x_wconf 87' lang='lat' dir='ltr'><strong>si</strong></span> <span class='ocrx_word' id='word_1_124' title='bbox 909 1979 1044 2060; x_wconf 91' lang='lat' dir='ltr'><strong>tempus</strong></span> <span class='ocrx_word' id='word_1_125' title='bbox 1056 1974 1263 2040; x_wconf 82' lang='lat' dir='ltr'><strong>infirmitatis</strong></span> <span class='ocrx_word' id='word_1_126' title='bbox 1277 1975 1381 2042; x_wconf 83' lang='lat' dir='ltr'><strong>luerit</strong></span> 
     </span>
     <span class='ocr_line' id='line_1_15' title="bbox 199 2086 383 2152; baseline -0.011 0"><span class='ocrx_word' id='word_1_127' title='bbox 199 2086 383 2152; x_wconf 78' lang='lat' dir='ltr'><strong>medicum.</strong></span> 
     </span>
    </p>

    <p class='ocr_par' dir='ltr' id='par_1_9' title="bbox 197 2191 1430 3915">
     <span class='ocr_line' id='line_1_16' title="bbox 239 2191 1381 2280; baseline -0.001 -19"><span class='ocrx_word' id='word_1_128' title='bbox 239 2198 272 2261; x_wconf 78' lang='lat'><strong>5⁰</strong></span> <span class='ocrx_word' id='word_1_129' title='bbox 286 2195 427 2272; x_wconf 76' lang='lat' dir='ltr'><strong>ramuli,</strong></span> <span class='ocrx_word' id='word_1_130' title='bbox 444 2215 488 2261; x_wconf 87' lang='lat' dir='ltr'><strong>ex</strong></span> <span class='ocrx_word' id='word_1_131' title='bbox 509 2213 550 2262; x_wconf 94' lang='lat' dir='ltr'><strong>eo</strong></span> <span class='ocrx_word' id='word_1_132' title='bbox 572 2195 665 2280; x_wconf 89' lang='lat' dir='ltr'><strong>quod</strong></span> <span class='ocrx_word' id='word_1_133' title='bbox 687 2193 907 2279; x_wconf 85' lang='lat' dir='ltr'><strong>probabiliter</strong></span> <span class='ocrx_word' id='word_1_134' title='bbox 926 2193 1082 2278; x_wconf 86' lang='lat' dir='ltr'><strong>judieant</strong></span> <span class='ocrx_word' id='word_1_135' title='bbox 1095 2191 1256 2259; x_wconf 89' lang='lat' dir='ltr'><strong>salarium</strong></span> <span class='ocrx_word' id='word_1_136' title='bbox 1277 2211 1381 2260; x_wconf 88' lang='lat' dir='ltr'><strong>suum</strong></span> 
     </span>
     <span class='ocr_line' id='line_1_17' title="bbox 200 2301 1379 2390; baseline -0.004 -18"><span class='ocrx_word' id='word_1_137' title='bbox 200 2323 276 2372; x_wconf 89' lang='lat' dir='ltr'><strong>esse</strong></span> <span class='ocrx_word' id='word_1_138' title='bbox 285 2305 400 2371; x_wconf 87' lang='lat' dir='ltr'><strong>minus</strong></span> <span class='ocrx_word' id='word_1_139' title='bbox 411 2308 518 2390; x_wconf 84' lang='lat' dir='ltr'><strong>justo,</strong></span> <span class='ocrx_word' id='word_1_140' title='bbox 534 2323 606 2371; x_wconf 92' lang='lat' dir='ltr'><strong>non</strong></span> <span class='ocrx_word' id='word_1_141' title='bbox 618 2307 764 2388; x_wconf 87' lang='lat' dir='ltr'><strong>possunt</strong></span> <span class='ocrx_word' id='word_1_142' title='bbox 778 2303 908 2370; x_wconf 85' lang='lat' dir='ltr'><strong>oooulte</strong></span> <span class='ocrx_word' id='word_1_143' title='bbox 924 2301 1052 2389; x_wconf 87' lang='lat' dir='ltr'><strong>aliquid</strong></span> <span class='ocrx_word' id='word_1_144' title='bbox 1065 2303 1241 2387; x_wconf 86' lang='lat' dir='ltr'><strong>subripere</strong></span> <span class='ocrx_word' id='word_1_145' title='bbox 1256 2323 1264 2367; x_wconf 76' lang='grc' dir='ltr'><strong>ε</strong></span> <span class='ocrx_word' id='word_1_146' title='bbox 1281 2321 1379 2370; x_wconf 85' lang='lat' dir='ltr'><strong>seona</strong></span> 
     </span>
     <span class='ocr_line' id='line_1_18' title="bbox 200 2411 1379 2498; baseline -0.002 -20"><span class='ocrx_word' id='word_1_147' title='bbox 200 2413 229 2478; x_wconf 85' lang='lat' dir='ltr'><strong>si</strong></span> <span class='ocrx_word' id='word_1_148' title='bbox 249 2418 341 2480; x_wconf 88' lang='lat' dir='ltr'><strong>esset</strong></span> <span class='ocrx_word' id='word_1_149' title='bbox 355 2414 526 2480; x_wconf 84' lang='lat' dir='ltr'><strong>evidenter</strong></span> <span class='ocrx_word' id='word_1_150' title='bbox 544 2414 725 2498; x_wconf 90' lang='lat' dir='ltr'><strong>injustum.</strong></span> <span class='ocrx_word' id='word_1_151' title='bbox 742 2411 855 2478; x_wconf 87' lang='lat' dir='ltr'><strong>Prima</strong></span> <span class='ocrx_word' id='word_1_152' title='bbox 872 2431 952 2498; x_wconf 87' lang='lat' dir='ltr'><strong>pare</strong></span> <span class='ocrx_word' id='word_1_153' title='bbox 973 2417 1028 2478; x_wconf 90' lang='lat' dir='ltr'><strong>est</strong></span> <span class='ocrx_word' id='word_1_154' title='bbox 1048 2418 1142 2480; x_wconf 87' lang='lat' dir='ltr'><strong>oerta</strong></span> <span class='ocrx_word' id='word_1_155' title='bbox 1159 2432 1204 2479; x_wconf 86' lang='lat' dir='ltr'><strong>ex</strong></span> <span class='ocrx_word' id='word_1_156' title='bbox 1224 2411 1298 2478; x_wconf 92' lang='lat' dir='ltr'><strong>lnn.</strong></span> <span class='ocrx_word' id='word_1_157' title='bbox 1323 2411 1379 2490; x_wconf 82' lang='grc' dir='ltr'>ΙΙΙ,</span> 
     </span>
     <span class='ocr_line' id='line_1_19' title="bbox 201 2522 1430 2608; baseline -0.002 -20"><span class='ocrx_word' id='word_1_158' title='bbox 201 2523 259 2608; x_wconf 88' lang='lat' dir='ltr'><strong>qui</strong></span> <span class='ocrx_word' id='word_1_159' title='bbox 279 2523 485 2590; x_wconf 77' lang='lat' dir='ltr'><strong>contrariam</strong></span> <span class='ocrx_word' id='word_1_160' title='bbox 504 2523 681 2589; x_wconf 87' lang='lat' dir='ltr'><strong>damnavit</strong></span> <span class='ocrx_word' id='word_1_161' title='bbox 700 2522 972 2607; x_wconf 85' lang='lat' dir='ltr'><strong>propositionem</strong></span> <span class='ocrx_word' id='word_1_162' title='bbox 988 2523 1037 2606; x_wconf 79' lang='lat'><strong>(37</strong></span> <span class='ocrx_word' id='word_1_163' title='bbox 1056 2523 1148 2588; x_wconf 90' lang='lat' dir='ltr'><strong>inter</strong></span> <span class='ocrx_word' id='word_1_164' title='bbox 1165 2522 1378 2604; x_wconf 77' lang='lat' dir='ltr'><strong>damnantes).</strong></span> <span class='ocrx_word' id='word_1_165' title='bbox 1426 2551 1430 2559; x_wconf 45' lang='lat'><strong><em>³</em></strong></span> 
     </span>
     <span class='ocr_line' id='line_1_20' title="bbox 199 2630 1379 2716; baseline -0.001 -18"><span class='ocrx_word' id='word_1_166' title='bbox 199 2631 296 2698; x_wconf 85' lang='lat' dir='ltr'><strong>Ratio</strong></span> <span class='ocrx_word' id='word_1_167' title='bbox 307 2636 370 2709; x_wconf 90' lang='lat' dir='ltr'><strong>est,</strong></span> <span class='ocrx_word' id='word_1_168' title='bbox 384 2631 464 2716; x_wconf 90' lang='lat' dir='ltr'><strong>quia</strong></span> <span class='ocrx_word' id='word_1_169' title='bbox 476 2631 634 2716; x_wconf 91' lang='lat' dir='ltr'><strong>iniquum</strong></span> <span class='ocrx_word' id='word_1_170' title='bbox 648 2635 683 2696; x_wconf 87' lang='lat' dir='ltr'><strong>et</strong></span> <span class='ocrx_word' id='word_1_171' title='bbox 696 2631 865 2715; x_wconf 89' lang='lat' dir='ltr'><strong>injustum</strong></span> <span class='ocrx_word' id='word_1_172' title='bbox 880 2637 933 2696; x_wconf 88' lang='lat' dir='ltr'><strong>est</strong></span> <span class='ocrx_word' id='word_1_173' title='bbox 943 2632 986 2697; x_wconf 90' lang='lat' dir='ltr'><strong>ob</strong></span> <span class='ocrx_word' id='word_1_174' title='bbox 996 2632 1147 2697; x_wconf 88' lang='lat' dir='ltr'><strong>rationes</strong></span> <span class='ocrx_word' id='word_1_175' title='bbox 1163 2630 1379 2697; x_wconf 90' lang='lat' dir='ltr'><strong>solummodo</strong></span> 
     </span>
     <span class='ocr_line' id='line_1_21' title="bbox 199 2739 1378 2824; baseline -0.001 -18"><span class='ocrx_word' id='word_1_176' title='bbox 199 2739 392 2824; x_wconf 83' lang='lat' dir='ltr'><strong>probabiles</strong></span> <span class='ocrx_word' id='word_1_177' title='bbox 419 2739 569 2824; x_wconf 88' lang='lat' dir='ltr'><strong>aliquem</strong></span> <span class='ocrx_word' id='word_1_178' title='bbox 603 2739 738 2824; x_wconf 85' lang='lat' dir='ltr'><strong>privare</strong></span> <span class='ocrx_word' id='word_1_179' title='bbox 767 2740 986 2824; x_wconf 86' lang='lat' dir='ltr'><strong>possessione</strong></span> <span class='ocrx_word' id='word_1_180' title='bbox 1016 2758 1159 2808; x_wconf 84' lang='lat' dir='ltr'><strong>suorum</strong></span> <span class='ocrx_word' id='word_1_181' title='bbox 1189 2741 1378 2818; x_wconf 81' lang='lat' dir='ltr'><strong>bonorum3</strong></span> 
     </span>
     <span class='ocr_line' id='line_1_22' title="bbox 201 2847 1377 2934; baseline -0.001 -20"><span class='ocrx_word' id='word_1_182' title='bbox 201 2849 323 2916; x_wconf 90' lang='lat' dir='ltr'><strong>deinde</strong></span> <span class='ocrx_word' id='word_1_183' title='bbox 338 2851 374 2914; x_wconf 92' lang='lat' dir='ltr'><strong>in</strong></span> <span class='ocrx_word' id='word_1_184' title='bbox 388 2849 491 2916; x_wconf 91' lang='lat' dir='ltr'><strong>dubio</strong></span> <span class='ocrx_word' id='word_1_185' title='bbox 507 2847 693 2914; x_wconf 91' lang='lat' dir='ltr'><strong>meliorest</strong></span> <span class='ocrx_word' id='word_1_186' title='bbox 705 2849 856 2914; x_wconf 88' lang='lat' dir='ltr'><strong>eonditio</strong></span> <span class='ocrx_word' id='word_1_187' title='bbox 871 2849 1090 2933; x_wconf 88' lang='lat' dir='ltr'><strong>possidentis,</strong></span> <span class='ocrx_word' id='word_1_188' title='bbox 1112 2853 1213 2934; x_wconf 82' lang='lat' dir='ltr'><strong>juxte</strong></span> <span class='ocrx_word' id='word_1_189' title='bbox 1228 2869 1300 2933; x_wconf 87' lang='lat' dir='ltr'><strong>reg.</strong></span> <span class='ocrx_word' id='word_1_190' title='bbox 1316 2869 1377 2913; x_wconf 79' lang='lat' dir='ltr'><strong>exv</strong></span> 
     </span>
     <span class='ocr_line' id='line_1_23' title="bbox 197 2957 1382 3044; baseline -0.002 -19"><span class='ocrx_word' id='word_1_191' title='bbox 197 2961 285 3044; x_wconf 89' lang='lat' dir='ltr'><strong>juris</strong></span> <span class='ocrx_word' id='word_1_192' title='bbox 308 2960 344 3023; x_wconf 91' lang='lat' dir='ltr'><strong>in</strong></span> <span class='ocrx_word' id='word_1_193' title='bbox 364 2960 408 3024; x_wconf 75' lang='grc' dir='ltr'><strong>θ’.</strong></span> <span class='ocrx_word' id='word_1_194' title='bbox 438 2957 598 3024; x_wconf 82' lang='lat' dir='ltr'><strong>Femulos</strong></span> <span class='ocrx_word' id='word_1_195' title='bbox 626 2957 674 3023; x_wconf 91' lang='lat' dir='ltr'><strong>sio</strong></span> <span class='ocrx_word' id='word_1_196' title='bbox 698 2957 829 3024; x_wconf 87' lang='lat' dir='ltr'><strong>oeoulte</strong></span> <span class='ocrx_word' id='word_1_197' title='bbox 858 2960 1088 3044; x_wconf 85' lang='lat' dir='ltr'><strong>subripientes</strong></span> <span class='ocrx_word' id='word_1_198' title='bbox 1109 2978 1179 3026; x_wconf 93' lang='lat' dir='ltr'><strong>non</strong></span> <span class='ocrx_word' id='word_1_199' title='bbox 1201 2963 1382 3025; x_wconf 76' lang='lat' dir='ltr'><strong>excusaret</strong></span> 
     </span>
     <span class='ocr_line' id='line_1_24' title="bbox 200 3066 1380 3150; baseline -0.003 -16"><span class='ocrx_word' id='word_1_200' title='bbox 200 3069 314 3150; x_wconf 88' lang='lat' dir='ltr'><strong>gravis</strong></span> <span class='ocrx_word' id='word_1_201' title='bbox 335 3067 532 3144; x_wconf 75' lang='lat' dir='ltr'><strong>necessitas,</strong></span> <span class='ocrx_word' id='word_1_202' title='bbox 548 3067 747 3132; x_wconf 75' lang='lat' dir='ltr'><strong>bumeliam</strong></span> <span class='ocrx_word' id='word_1_203' title='bbox 771 3067 806 3132; x_wconf 91' lang='lat' dir='ltr'><strong>in</strong></span> <span class='ocrx_word' id='word_1_204' title='bbox 821 3069 918 3150; x_wconf 84' lang='lat' dir='ltr'><strong>gravi</strong></span> <span class='ocrx_word' id='word_1_205' title='bbox 939 3069 1145 3134; x_wconf 88' lang='lat' dir='ltr'><strong>neeessitate</strong></span> <span class='ocrx_word' id='word_1_206' title='bbox 1167 3086 1238 3134; x_wconf 93' lang='lat' dir='ltr'><strong>non</strong></span> <span class='ocrx_word' id='word_1_207' title='bbox 1252 3067 1297 3132; x_wconf 88' lang='lat' dir='ltr'><strong>sit</strong></span> <span class='ocrx_word' id='word_1_208' title='bbox 1310 3066 1380 3132; x_wconf 87' lang='lat' dir='ltr'><strong>liei-</strong></span> 
     </span>
     <span class='ocr_line' id='line_1_25' title="bbox 201 3175 1377 3266; baseline -0.002 -26"><span class='ocrx_word' id='word_1_209' title='bbox 201 3181 275 3243; x_wconf 89' lang='lat' dir='ltr'><strong>tum</strong></span> <span class='ocrx_word' id='word_1_210' title='bbox 293 3177 410 3253; x_wconf 83' lang='lat' dir='ltr'><strong>furari,</strong></span> <span class='ocrx_word' id='word_1_211' title='bbox 435 3180 474 3239; x_wconf 91' lang='lat' dir='ltr'><strong>ut</strong></span> <span class='ocrx_word' id='word_1_212' title='bbox 496 3179 591 3260; x_wconf 88' lang='lat' dir='ltr'><strong>patet</strong></span> <span class='ocrx_word' id='word_1_213' title='bbox 610 3193 654 3239; x_wconf 86' lang='lat' dir='ltr'><strong>ex</strong></span> <span class='ocrx_word' id='word_1_214' title='bbox 671 3192 769 3259; x_wconf 91' lang='lat' dir='ltr'><strong>prop.</strong></span> <span class='ocrx_word' id='word_1_215' title='bbox 788 3175 829 3240; x_wconf 76' lang='lat'><strong>36</strong></span> <span class='ocrx_word' id='word_1_216' title='bbox 842 3177 886 3241; x_wconf 87' lang='lat' dir='ltr'><strong>ab</strong></span> <span class='ocrx_word' id='word_1_217' title='bbox 899 3175 1021 3242; x_wconf 89' lang='lat' dir='ltr'><strong>eodem</strong></span> <span class='ocrx_word' id='word_1_218' title='bbox 1036 3175 1109 3242; x_wconf 92' lang='lat' dir='ltr'><strong>lnn.</strong></span> <span class='ocrx_word' id='word_1_219' title='bbox 1127 3176 1181 3240; x_wconf 92' lang='lat' dir='ltr'><strong>lll.</strong></span> <span class='ocrx_word' id='word_1_220' title='bbox 1206 3176 1377 3266; x_wconf 85' lang='lat' dir='ltr'><strong>damnata.</strong></span> 
     </span>
     <span class='ocr_line' id='line_1_26' title="bbox 200 3283 1379 3362; baseline 0 -14"><span class='ocrx_word' id='word_1_221' title='bbox 200 3283 365 3350; x_wconf 86' lang='lat' dir='ltr'><strong>Dominus</strong></span> <span class='ocrx_word' id='word_1_222' title='bbox 379 3283 538 3350; x_wconf 75' lang='lat' dir='ltr'><strong>eonDuoit</strong></span> <span class='ocrx_word' id='word_1_223' title='bbox 552 3301 612 3348; x_wconf 89' lang='lat' dir='ltr'><strong>eos</strong></span> <span class='ocrx_word' id='word_1_224' title='bbox 627 3285 721 3348; x_wconf 87' lang='lat' dir='ltr'><strong>oerto</strong></span> <span class='ocrx_word' id='word_1_225' title='bbox 736 3283 871 3362; x_wconf 86' lang='lat' dir='ltr'><strong>salario,</strong></span> <span class='ocrx_word' id='word_1_226' title='bbox 889 3284 961 3349; x_wconf 90' lang='lat' dir='ltr'><strong>sive</strong></span> <span class='ocrx_word' id='word_1_227' title='bbox 980 3285 1046 3350; x_wconf 85' lang='lat' dir='ltr'><strong>hoe</strong></span> <span class='ocrx_word' id='word_1_228' title='bbox 1058 3284 1205 3350; x_wconf 85' lang='lat' dir='ltr'><strong>sulfloiet</strong></span> <span class='ocrx_word' id='word_1_229' title='bbox 1222 3285 1294 3348; x_wconf 88' lang='lat' dir='ltr'><strong>sive</strong></span> <span class='ocrx_word' id='word_1_230' title='bbox 1309 3303 1379 3349; x_wconf 92' lang='lat' dir='ltr'><strong>non</strong></span> 
     </span>
     <span class='ocr_line' id='line_1_27' title="bbox 201 3393 1377 3479; baseline -0.002 -20"><span class='ocrx_word' id='word_1_231' title='bbox 201 3394 244 3459; x_wconf 86' lang='lat' dir='ltr'><strong>ad</strong></span> <span class='ocrx_word' id='word_1_232' title='bbox 270 3394 452 3460; x_wconf 90' lang='lat' dir='ltr'><strong>honestam</strong></span> <span class='ocrx_word' id='word_1_233' title='bbox 477 3393 775 3459; x_wconf 85' lang='lat' dir='ltr'><strong>sustentationem.</strong></span> <span class='ocrx_word' id='word_1_234' title='bbox 808 3393 965 3459; x_wconf 88' lang='lat' dir='ltr'><strong>Seeunda</strong></span> <span class='ocrx_word' id='word_1_235' title='bbox 990 3412 1070 3479; x_wconf 90' lang='lat' dir='ltr'><strong>pars</strong></span> <span class='ocrx_word' id='word_1_236' title='bbox 1095 3399 1149 3460; x_wconf 89' lang='lat' dir='ltr'><strong>est</strong></span> <span class='ocrx_word' id='word_1_237' title='bbox 1173 3394 1377 3460; x_wconf 86' lang='lat' dir='ltr'><strong>eommunis.</strong></span> 
     </span>
     <span class='ocr_line' id='line_1_28' title="bbox 201 3501 1380 3589; baseline 0 -22"><span class='ocrx_word' id='word_1_238' title='bbox 201 3502 581 3588; x_wconf 86' lang='lat' dir='ltr'><strong>Ratioest‚quiainboo</strong></span> <span class='ocrx_word' id='word_1_239' title='bbox 592 3501 1380 3589; x_wconf 82' lang='lat' dir='ltr'><strong>oasutamulusaooipitquodsuumestvelsal·</strong></span> 
     </span>
     <span class='ocr_line' id='line_1_29' title="bbox 201 3610 1381 3696; baseline 0.001 -22"><span class='ocrx_word' id='word_1_240' title='bbox 201 3616 271 3678; x_wconf 90' lang='lat' dir='ltr'><strong>tem</strong></span> <span class='ocrx_word' id='word_1_241' title='bbox 286 3612 377 3696; x_wconf 92' lang='lat' dir='ltr'><strong>quod</strong></span> <span class='ocrx_word' id='word_1_242' title='bbox 392 3613 422 3676; x_wconf 93' lang='lat' dir='ltr'><strong>ei</strong></span> <span class='ocrx_word' id='word_1_243' title='bbox 437 3616 530 3678; x_wconf 90' lang='lat' dir='ltr'><strong>eerto</strong></span> <span class='ocrx_word' id='word_1_244' title='bbox 547 3610 701 3677; x_wconf 89' lang='lat' dir='ltr'><strong>debetur.</strong></span> <span class='ocrx_word' id='word_1_245' title='bbox 716 3611 844 3678; x_wconf 89' lang='lat' dir='ltr'><strong>Deinde</strong></span> <span class='ocrx_word' id='word_1_246' title='bbox 859 3615 1052 3696; x_wconf 81' lang='lat' dir='ltr'><strong>generatim</strong></span> <span class='ocrx_word' id='word_1_247' title='bbox 1065 3613 1145 3679; x_wconf 85' lang='lat' dir='ltr'><strong>lieet</strong></span> <span class='ocrx_word' id='word_1_248' title='bbox 1159 3613 1208 3678; x_wconf 92' lang='lat' dir='ltr'><strong>nti</strong></span> <span class='ocrx_word' id='word_1_249' title='bbox 1221 3629 1381 3696; x_wconf 90' lang='lat' dir='ltr'><strong>oompen·</strong></span> 
     </span>
     <span class='ocr_line' id='line_1_30' title="bbox 201 3719 1379 3806; baseline 0 -21"><span class='ocrx_word' id='word_1_250' title='bbox 201 3722 332 3787; x_wconf 87' lang='lat' dir='ltr'><strong>satione</strong></span> <span class='ocrx_word' id='word_1_251' title='bbox 347 3721 489 3798; x_wconf 87' lang='lat' dir='ltr'><strong>oeoulta,</strong></span> <span class='ocrx_word' id='word_1_252' title='bbox 511 3721 649 3806; x_wconf 89' lang='lat' dir='ltr'><strong>qnando</strong></span> <span class='ocrx_word' id='word_1_253' title='bbox 670 3720 824 3786; x_wconf 86' lang='lat' dir='ltr'><strong>debitum</strong></span> <span class='ocrx_word' id='word_1_254' title='bbox 840 3726 894 3786; x_wconf 87' lang='lat' dir='ltr'><strong>est</strong></span> <span class='ocrx_word' id='word_1_255' title='bbox 913 3721 1089 3788; x_wconf 86' lang='lat' dir='ltr'><strong>moraliter</strong></span> <span class='ocrx_word' id='word_1_256' title='bbox 1101 3725 1233 3788; x_wconf 88' lang='lat' dir='ltr'><strong>eertum</strong></span> <span class='ocrx_word' id='word_1_257' title='bbox 1256 3725 1292 3786; x_wconf 86' lang='lat' dir='ltr'><strong>et</strong></span> <span class='ocrx_word' id='word_1_258' title='bbox 1313 3719 1379 3786; x_wconf 90' lang='lat' dir='ltr'><strong>alio</strong></span> 
     </span>
     <span class='ocr_line' id='line_1_31' title="bbox 200 3829 1049 3915; baseline -0.002 -21"><span class='ocrx_word' id='word_1_259' title='bbox 200 3829 303 3896; x_wconf 89' lang='lat' dir='ltr'><strong>modo</strong></span> <span class='ocrx_word' id='word_1_260' title='bbox 318 3831 445 3915; x_wconf 85' lang='lat' dir='ltr'><strong>aequin&#39;</strong></span> <span class='ocrx_word' id='word_1_261' title='bbox 458 3831 587 3914; x_wconf 90' lang='lat' dir='ltr'><strong>nequit.</strong></span> <span class='ocrx_word' id='word_1_262' title='bbox 1046 3887 1049 3900; x_wconf 87' lang='grc'><strong>,</strong></span> 
     </span>
    </p>

    <p class='ocr_par' dir='ltr' id='par_1_10' title="bbox 199 3939 1382 4460">
     <span class='ocr_line' id='line_1_32' title="bbox 240 3939 1377 4026; baseline 0.002 -22"><span class='ocrx_word' id='word_1_263' title='bbox 240 3939 389 4006; x_wconf 87' lang='lat' dir='ltr'><strong>Pretium</strong></span> <span class='ocrx_word' id='word_1_264' title='bbox 401 3943 535 4025; x_wconf 89' lang='lat' dir='ltr'><strong>justum</strong></span> <span class='ocrx_word' id='word_1_265' title='bbox 549 3940 798 4014; x_wconf 84' lang='lat' dir='ltr'><strong>determinatur</strong></span> <span class='ocrx_word' id='word_1_266' title='bbox 809 3944 910 4026; x_wconf 88' lang='lat' dir='ltr'><strong>juxta</strong></span> <span class='ocrx_word' id='word_1_267' title='bbox 917 3941 1377 4019; x_wconf 84' lang='lat' dir='ltr'><strong>eonsuetudinemlooornm,</strong></span> 
     </span>
     <span class='ocr_line' id='line_1_33' title="bbox 200 4047 1381 4136; baseline 0.002 -24"><span class='ocrx_word' id='word_1_268' title='bbox 200 4051 239 4112; x_wconf 89' lang='lat' dir='ltr'><strong>nt</strong></span> <span class='ocrx_word' id='word_1_269' title='bbox 248 4047 283 4114; x_wconf 91' lang='lat' dir='ltr'><strong>id</strong></span> <span class='ocrx_word' id='word_1_270' title='bbox 296 4051 526 4116; x_wconf 88' lang='lat' dir='ltr'><strong>eommuniter</strong></span> <span class='ocrx_word' id='word_1_271' title='bbox 539 4049 658 4126; x_wconf 88' lang='lat' dir='ltr'><strong>detur;</strong></span> <span class='ocrx_word' id='word_1_272' title='bbox 672 4047 778 4114; x_wconf 89' lang='lat' dir='ltr'><strong>sedin</strong></span> <span class='ocrx_word' id='word_1_273' title='bbox 788 4050 995 4133; x_wconf 86' lang='lat' dir='ltr'><strong>assignando</strong></span> <span class='ocrx_word' id='word_1_274' title='bbox 1006 4053 1101 4135; x_wconf 81' lang='lat' dir='ltr'><strong>jneto</strong></span> <span class='ocrx_word' id='word_1_275' title='bbox 1115 4051 1237 4136; x_wconf 87' lang='lat' dir='ltr'><strong>pretio,</strong></span> <span class='ocrx_word' id='word_1_276' title='bbox 1249 4050 1381 4136; x_wconf 87' lang='lat' dir='ltr'><strong>quenti·</strong></span> 
     </span>
     <span class='ocr_line' id='line_1_34' title="bbox 199 4157 1382 4244; baseline 0.002 -20"><span class='ocrx_word' id='word_1_277' title='bbox 199 4160 251 4224; x_wconf 87' lang='lat' dir='ltr'><strong>tas</strong></span> <span class='ocrx_word' id='word_1_278' title='bbox 266 4163 301 4222; x_wconf 92' lang='lat' dir='ltr'><strong>et</strong></span> <span class='ocrx_word' id='word_1_279' title='bbox 321 4159 466 4244; x_wconf 86' lang='lat' dir='ltr'><strong>qualitas</strong></span> <span class='ocrx_word' id='word_1_280' title='bbox 483 4159 609 4228; x_wconf 83' lang='lat' dir='ltr'><strong>laboris</strong></span> <span class='ocrx_word' id='word_1_281' title='bbox 624 4157 754 4226; x_wconf 86' lang='lat' dir='ltr'><strong>attendi</strong></span> <span class='ocrx_word' id='word_1_282' title='bbox 769 4159 881 4225; x_wconf 76' lang='lat' dir='ltr'><strong>Debet.</strong></span> <span class='ocrx_word' id='word_1_283' title='bbox 898 4161 988 4226; x_wconf 88' lang='lat' dir='ltr'><strong>Varii</strong></span> <span class='ocrx_word' id='word_1_284' title='bbox 1011 4177 1111 4237; x_wconf 84' lang='lat' dir='ltr'><strong>oasus</strong></span> <span class='ocrx_word' id='word_1_285' title='bbox 1135 4165 1382 4227; x_wconf 87' lang='lat' dir='ltr'><strong>enumerantur</strong></span> 
     </span>
     <span class='ocr_line' id='line_1_35' title="bbox 199 4263 1378 4353; baseline 0.003 -24"><span class='ocrx_word' id='word_1_286' title='bbox 199 4263 299 4330; x_wconf 87' lang='lat' dir='ltr'><strong>aCG.</strong></span> <span class='ocrx_word' id='word_1_287' title='bbox 323 4266 360 4332; x_wconf 90' lang='lat' dir='ltr'><strong>in</strong></span> <span class='ocrx_word' id='word_1_288' title='bbox 385 4269 509 4352; x_wconf 89' lang='lat' dir='ltr'><strong>quibus</strong></span> <span class='ocrx_word' id='word_1_289' title='bbox 538 4267 701 4334; x_wconf 87' lang='lat' dir='ltr'><strong>salarium</strong></span> <span class='ocrx_word' id='word_1_290' title='bbox 725 4271 779 4332; x_wconf 90' lang='lat' dir='ltr'><strong>est</strong></span> <span class='ocrx_word' id='word_1_291' title='bbox 800 4268 980 4334; x_wconf 87' lang='lat' dir='ltr'><strong>evidenter</strong></span> <span class='ocrx_word' id='word_1_292' title='bbox 999 4271 1168 4353; x_wconf 86' lang='lat' dir='ltr'><strong>injustum</strong></span> <span class='ocrx_word' id='word_1_293' title='bbox 1195 4287 1202 4332; x_wconf 91' lang='lat'><strong>:</strong></span> <span class='ocrx_word' id='word_1_294' title='bbox 1228 4287 1260 4334; x_wconf 89' lang='lat' dir='ltr'><strong>v.</strong></span> <span class='ocrx_word' id='word_1_295' title='bbox 1289 4289 1323 4352; x_wconf 93' lang='lat' dir='ltr'><strong>g.</strong></span> <span class='ocrx_word' id='word_1_296' title='bbox 1350 4269 1378 4333; x_wconf 94' lang='lat' dir='ltr'><strong>si</strong></span> 
     </span>
     <span class='ocr_line' id='line_1_36' title="bbox 200 4371 966 4460; baseline 0.007 -23"><span class='ocrx_word' id='word_1_297' title='bbox 200 4371 359 4440; x_wconf 78' lang='lat' dir='ltr'><strong>Dominus</strong></span> <span class='ocrx_word' id='word_1_298' title='bbox 374 4378 544 4460; x_wconf 87' lang='lat' dir='ltr'><strong>integram</strong></span> <span class='ocrx_word' id='word_1_299' title='bbox 558 4375 754 4443; x_wconf 89' lang='lat' dir='ltr'><strong>meroedem</strong></span> <span class='ocrx_word' id='word_1_300' title='bbox 769 4395 840 4444; x_wconf 91' lang='lat' dir='ltr'><strong>nen</strong></span> <span class='ocrx_word' id='word_1_301' title='bbox 853 4377 966 4444; x_wconf 86' lang='lat' dir='ltr'><strong>solvit.</strong></span> 
     </span>
    </p>

    <p class='ocr_par' dir='ltr' id='par_1_11' title="bbox 238 4475 1380 4554">
     <span class='ocr_line' id='line_1_37' title="bbox 238 4475 1380 4554; baseline 0.002 -6"><span class='ocrx_word' id='word_1_302' title='bbox 238 4475 334 4548; x_wconf 80' lang='lat' dir='ltr'><strong>Nora.</strong></span> <span class='ocrx_word' id='word_1_303' title='bbox 351 4484 401 4550; x_wconf 80' lang='lat' dir='ltr'><strong>Ad</strong></span> <span class='ocrx_word' id='word_1_304' title='bbox 424 4485 497 4551; x_wconf 83' lang='lat' dir='ltr'><strong>baeo</strong></span> <span class='ocrx_word' id='word_1_305' title='bbox 522 4487 638 4552; x_wconf 88' lang='lat' dir='ltr'><strong>omnis</strong></span> <span class='ocrx_word' id='word_1_306' title='bbox 662 4489 799 4552; x_wconf 87' lang='lat' dir='ltr'><strong>tenetur</strong></span> <span class='ocrx_word' id='word_1_307' title='bbox 822 4487 952 4554; x_wconf 90' lang='lat' dir='ltr'><strong>looator</strong></span> <span class='ocrx_word' id='word_1_308' title='bbox 977 4489 1108 4552; x_wconf 81' lang='lat' dir='ltr'><strong>actione</strong></span> <span class='ocrx_word' id='word_1_309' title='bbox 1126 4487 1283 4552; x_wconf 84' lang='lat' dir='ltr'><strong>conducti</strong></span> <span class='ocrx_word' id='word_1_310' title='bbox 1299 4505 1380 4552; x_wconf 87' lang='lat' dir='ltr'><strong>eon-</strong></span> 
     </span>
    </p>
   </div>
   <div class='ocr_carea' id='block_1_8' title="bbox 198 4593 1380 4769">
    <p class='ocr_par' dir='ltr' id='par_1_12' title="bbox 198 4593 1380 4769">
     <span class='ocr_line' id='line_1_38' title="bbox 198 4593 1380 4682; baseline 0.007 -30"><span class='ocrx_word' id='word_1_311' title='bbox 198 4595 334 4669; x_wconf 86' lang='lat' dir='ltr'><strong>ventus,</strong></span> <span class='ocrx_word' id='word_1_312' title='bbox 358 4593 437 4677; x_wconf 88' lang='lat' dir='ltr'><strong>qnia</strong></span> <span class='ocrx_word' id='word_1_313' title='bbox 458 4599 538 4660; x_wconf 89' lang='lat' dir='ltr'><strong>sunt</strong></span> <span class='ocrx_word' id='word_1_314' title='bbox 552 4594 777 4679; x_wconf 86' lang='lat' dir='ltr'><strong>obligationes</strong></span> <span class='ocrx_word' id='word_1_315' title='bbox 793 4613 878 4682; x_wconf 88' lang='lat' dir='ltr'><strong>quas</strong></span> <span class='ocrx_word' id='word_1_316' title='bbox 891 4598 950 4682; x_wconf 87' lang='lat' dir='ltr'><strong>jus</strong></span> <span class='ocrx_word' id='word_1_317' title='bbox 964 4596 1158 4664; x_wconf 84' lang='lat' dir='ltr'><strong>Romanum</strong></span> <span class='ocrx_word' id='word_1_318' title='bbox 1172 4595 1328 4680; x_wconf 87' lang='lat' dir='ltr'><strong>agnoseit</strong></span> <span class='ocrx_word' id='word_1_319' title='bbox 1341 4613 1380 4660; x_wconf 90' lang='lat' dir='ltr'><strong>eo</strong></span> 
     </span>
     <span class='ocr_line' id='line_1_39' title="bbox 199 4697 414 4769; baseline 0.023 -7"><span class='ocrx_word' id='word_1_320' title='bbox 199 4697 414 4769; x_wconf 87' lang='lat' dir='ltr'><strong>determinat.</strong></span> 
     </span>
    </p>
   </div>
   <div class='ocr_carea' id='block_1_9' title="bbox 0 0 1759 5572">
    <p class='ocr_par' dir='ltr' id='par_1_13' title="bbox 0 0 1759 5572">
     <span class='ocr_line' id='line_1_40' title="bbox 0 0 1759 5572; baseline 0 0"><span class='ocrx_word' id='word_1_321' title='bbox 0 0 1759 5572; x_wconf 95' lang='lat' dir='ltr'><strong> </strong></span> 
     </span>
    </p>
   </div>
  </div>
 </body>
</html>
