3504 5572
539 521 627 576 5555
648 521 775 578 rannus
795 521 1019 578 ocerannus.
1270 581 1272 587 ,
1308 509 1369 580 355

188 641 455 712 imbecillitatem
469 665 573 712 sexus
590 647 638 712 illi
651 650 770 714 tribuit
785 648 1123 714 senatusconsultum
1143 647 1365 714 Velleianum.

188 751 423 820 admittuntur
435 759 552 820 tamen
565 755 680 840 plures
696 757 915 855 exceptiones
933 778 940 822 :
956 757 1034 822 vide
1049 757 1223 824 civilistas.

540 945 581 996 111.
600 945 640 997 be
653 941 801 998 effectibus
814 943 1015 1010 fidejussionis.

226 1073 360 1160 Duplex
374 1081 427 1143 est
441 1097 448 1141 :
463 1079 498 1160 a)
510 1078 678 1162 obligatio
692 1079 906 1162 fidejussoris
921 1079 965 1145 od
980 1079 1186 1146 solvendum
1200 1079 1365 1158 debitum,

186 1201 257 1247 non
280 1184 435 1250 solvente
457 1185 621 1252 debitore.
637 1186 715 1251 ilaec
734 1185 898 1269 obligatio
918 1189 1041 1252 transit
1062 1188 1105 1254 ad
1126 1189 1292 1267 haeredes,
1310 1209 1368 1254 ex-

185 1299 285 1376 cepta
299 1294 520 1360 nibilominus
535 1296 807 1380 apprehensione
826 1297 978 1379 corporis
993 1298 1066 1379 (art.
1083 1297 1164 1362 uota
1179 1297 1259 1363 God.
1275 1299 1365 1382 civ).

186 1400 253 1466 Sed
274 1401 378 1466 babet
400 1401 523 1486 triplex
545 1403 750 1468 beneficium
767 1425 774 1466 :
791 1406 823 1468 1⁰
838 1404 967 1469 ordinis
981 1423 1042 1470 seu
1057 1405 1281 1482 excussionis,
1299 1424 1367 1490 quo

183 1515 302 1592 petere
319 1517 486 1594 potestat
499 1514 594 1597 prius
616 1514 832 1580 excutiantur
855 1514 1034 1580 1555115155
1059 1514 1221 1580 debitoris
1244 1514 1368 1598 prinoi-

184 1616 282 1699 palis,
298 1625 337 1683 ut
350 1625 485 1686 constet
498 1640 579 1686 eum
592 1623 761 1706 imperem
774 1640 863 1699 esse,
880 1621 947 1686 nisi
959 1621 1040 1686 huic
1054 1622 1220 1688 beneflcio
1239 1621 1367 1686 ordinis

185 1743 248 1790 seu
275 1729 487 1794 excussionis
513 1729 772 1806 renuntiaverit,
790 1735 850 1795 aut
869 1731 906 1796 in
929 1729 1077 1795 solidum
1102 1749 1138 1796 se
1165 1729 1369 1812 obligaverit

184 1851 265 1898 cum
279 1835 443 1902 debitore.

223 1941 260 2008 Si
275 1949 356 2008 sunt
380 1945 495 2028 plures
522 1945 756 2029 fidejussores,
772 1945 1009 2030 unusquisque
1035 1950 1173 2012 tenetur
1191 1945 1235 2012 ed
1256 1949 1368 2011 totum

183 2051 339 2118 debitum
360 2073 403 2118 ex
417 2060 479 2120 art.
497 2055 577 2119 1015
592 2054 672 2119 God.
689 2055 752 2120 civ.
770 2054 898 2119 Tamen
926 2054 1163 2138 unusquisque
1183 2054 1369 2138 fidejussor

182 2160 288 2224 habet
299 2161 332 2224 2⁰
345 2162 553 2228 beneficium
570 2162 745 2228 divisionis
763 2181 770 2224 :
786 2161 914 2227 scilieet
926 2167 1042 2245 potest
1055 2162 1193 2243 exigere
1208 2161 1367 2228 51555511-

183 2271 237 2332 tor
256 2266 386 2334 dividat
406 2289 505 2335 suam
519 2270 690 2336 actionem
706 2273 741 2333 et
754 2287 832 2334 eam
846 2269 1031 2351 restringat
1044 2269 1088 2334 ad
1103 2274 1237 2352 partem
1251 2271 1368 2334 nnius-

182 2378 362 2459 cujusque,
379 2377 514 2442 etiamsi
532 2395 693 2461 expresse
714 2395 837 2442 omnes
858 2376 1080 2460 fidejussores
1102 2395 1139 2442 se
1157 2375 1368 2459 obligassent

182 2481 218 2546 in
233 2483 396 2561 solidum3
413 2485 518 2550 sedai
537 2503 627 2549 5555
655 2484 841 2567 fidejussor
859 2489 952 2548 essct
969 2484 1089 2568 impar,
1106 2484 1291 2568 fidejussor
1308 2485 1367 2569 qui

108 2617 109 2620 ¹
182 2589 388 2656 divisionem
402 2592 601 2675 postulavit,
621 2596 799 2658 teneretur
814 2610 877 2676 pro
899 2609 951 2666 ec,
968 2592 1190 2676 proportione
1212 2598 1364 2670 servata;

182 2697 246 2763 sed
266 2699 295 2762 si
315 2705 395 2782 post
418 2700 634 2776 divisionem,
659 2698 716 2766 alii
736 2700 816 2764 15511
840 2703 922 2764 5551
939 2699 1099 2782 impares,
1125 2699 1303 2782 postulans
1321 2700 1366 2766 ad

181 2806 268 2870 nibil
283 2809 493 2874 teneturzita
501 2813 564 2874 551.
580 2808 661 2874 abac
675 2808 755 2873 God.
770 2807 835 2873 civ.
852 2807 918 2873 Sed
934 2807 962 2870 si
978 2805 1103 2888 singuli
1112 2825 1148 2872 se
1157 2807 1368 2890 obligassent

182 2919 318 2980 tantum
335 2933 398 2999 pro
416 2921 513 3000 parte
533 2916 648 2996 debiti,
665 2934 728 3000 pro
748 2915 806 2982 illa
827 2915 900 2982 sela
919 2915 1095 2980 conveniri
1114 2921 1269 2999 possunt,
1287 2917 1367 2999 quie

181 3025 224 3090 ed
243 3024 322 3107 plus
343 3043 414 3090 555
444 3029 620 3090 teneretur
647 3024 831 3107 fidejussor
856 3042 960 3107 quam
982 3024 1019 3088 in
1032 3028 1208 3088 555155515
1228 3024 1367 3107 fidejus-

181 3133 515 3198 sionis-conventum
536 3137 598 3196 est.
615 3131 767 3196 Tandem
780 3131 813 3194 11ο
826 3131 855 3194 51
870 3131 994 3216 duplici
1015 3131 1182 3196 beneflcio
1206 3132 1366 3214 superius

182 3239 353 3307 declarato
370 3241 484 3324 juvari
501 3245 662 3324 nequeat,
680 3239 784 3306 habet
798 3239 1004 3304 beneficium
1018 3239 1249 3305 sedandarum
1263 3241 1367 3305 actio-
1451 3243 1456 3252 '

179 3367 277 3428 num,
289 3367 357 3434 quo
373 3348 506 3415 solvere
521 3367 592 3414 555
608 3351 745 3412 tenetur
758 3346 923 3424 debitum,
939 3347 1046 3412 donec
1062 3347 1093 3410 ei
1105 3348 1255 3414 creditor
1267 3348 1366 3414 cedat

180 3460 333 3526 55115555
348 3477 433 3544 quas
448 3459 551 3523 babet
572 3457 737 3522 adversus
755 3455 979 3540 principalem
1000 3457 1201 3534 debitorem,
1216 3458 1365 3523 conlide-

178 3572 334 3653 jussores
354 3574 389 3633 et
409 3569 594 3652 pignorum
614 3585 844 3650 possessores.
862 3565 927 3630 Sed
942 3566 971 3629 si
984 3566 1105 3642 solvat,
1124 3559 1275 3631 actiones
1290 3566 1364 3631 istae

180 3677 255 3744 cedi
275 3696 346 3742 non
366 3681 512 3761 possunt
533 3679 613 3758 post
633 3674 890 3740 exsecutionem
915 3672 1094 3738 solutionis
1110 3675 1219 3738 factae.
1237 3673 1364 3739 Tamen

179 3789 376 3852 remaneret
399 3783 510 3848 adhuc
531 3800 702 3858 recursus,
736 3800 806 3846 555
834 3785 969 3846 tantum
996 3785 1115 3846 contra
1140 3781 1363 3864 principalem

181 3893 381 3968 debitorem,
401 3891 461 3956 sed
477 3891 580 3955 etiem
593 3896 713 3956 contra
727 3889 812 3954 alios
826 3881 1125 3972 conlidejussores,
1143 3907 1187 3952 ex
1204 3893 1267 3954 art.
1283 3888 1363 3952 9033
1491 3929 1495 3936 -

179 4000 259 4066 God.
275 4000 340 4065 civ.
356 3999 422 4063 Sed
438 4017 480 4064 ex
491 4000 569 4081 jure
583 3997 750 4074 Romano,
766 3997 895 4080 absque
910 3995 974 4060 hac
987 3996 1154 4071 cessione,
1166 3995 1261 4060 nulla
1273 3995 1361 4060 55115

178 4107 344 4191 competit
357 4106 522 4173 adversus
536 4105 836 4188 conssdejussores.
850 4105 898 4168 De
913 4105 979 4169 boc
992 4104 1060 4170 late
1074 4104 1225 4186 disputat
1238 4103 1363 4168 Melina

178 4215 214 4280 in
239 4235 302 4282 suo
326 4221 471 4281 tractatu
495 4215 636 4279 delust.
659 4222 692 4278 et
711 4213 802 4295 jure.
825 4211 892 4276 Sed
905 4213 1089 4294 fidejussor
1108 4211 1247 4294 nequit,
1263 4215 1364 4294 juxte

177 4324 317 4401 multos,
331 4323 465 4389 lucrum
481 4322 618 4408 aliquod
635 4341 656 4386 a
673 4321 826 4386 debitore
846 4321 1020 4403 percipere
1044 4337 1105 4403 pro
1126 4319 1359 4404 fidejussione,

178 4431 319 4497 seclusis
333 4432 460 4498 damno
469 4435 679 4513 emergente,
689 4429 785 4494 lucro
800 4433 968 4504 cessante,
978 4427 1129 4510 periculo
1147 4428 1361 4504 aestismatio

178 4545 242 4616 est,
259 4541 339 4624 quia
360 4537 444 4604 illud
463 4538 598 4604 lucrum
625 4537 858 4626 perciperetur
880 4535 954 4600 sine
977 4533 1047 4599 ullo
1073 4533 1170 4600 titulo
1191 4533 1359 4618 legitimo,

177 4667 217 4713 55
231 4647 374 4732 proinde
390 4651 482 4712 esset
495 4647 702 4712 usurarium.
