3510 5574
382 562 442 624 nn
844 577 894 624 777
915 575 1094 623 canonicum

381 686 488 752 tibera
511 703 582 751 non
604 687 782 750 exercetur
815 668 888 748 sine
921 683 1120 768 praejudioio
1147 681 1252 746 1777771
1280 679 1450 766 episcopi,
1480 680 1561 744 dum

381 795 548 859 institutio
567 793 700 858 nullum
714 792 814 858 711777
829 791 1076 876 praejudicium.

420 904 454 966 50
468 901 611 968 Prolati
623 902 772 986 7771777777
795 901 983 981 inferiores,
1002 899 1106 964 etiam
1130 897 1282 982 quinon
1304 897 1432 962 habent
1457 896 1561 962 ecole-

382 1013 467 1076 siam
490 1009 640 1094 aliquam
664 1007 864 1092 plenissimo
881 1009 959 1090 J'ure
985 1006 1048 1072 sibi
1069 1007 1269 1089 subjectam,
1284 1009 1343 1089 jus
1362 1005 1560 1070 instituendi

381 1139 425 1184 ex
448 1117 627 1202 privilegio
649 1117 682 1182 S.
710 1116 882 1182 Pontificis
908 1115 1034 1180 habere
1055 1120 1210 1200 possunt.
1238 1113 1311 1179 lmo
1336 1114 1402 1178 hoc
1426 1113 1562 1197 privile-

380 1228 475 1307 gium
496 1230 692 1309 competere
714 1229 830 1310 potest
852 1224 956 1290 etiam
982 1223 1161 1288 abbatissis
1183 1228 1218 1288 77
1240 1221 1407 1286 similibus
1432 1223 1563 1286 monia-

380 1336 465 1411 lium
492 1327 820 1418 7777777177117777
848 1337 912 1412 777,
942 1331 1022 1417 quia
1054 1330 1175 1416 aliquis
1203 1335 1299 1394 actus
1316 1328 1562 1413 jurisdictionis

383 1443 565 1526 spiritualis
589 1441 835 1508 communicari
860 1445 975 1524 potest
998 1439 1102 1506 etiam
1128 1438 1286 1516 feminis;
1318 1437 1360 1502 de
1385 1439 1475 1504 17777
1497 1438 1563 1502 1777

377 1551 522 1634 77717777
547 1551 629 1616 otim
654 1567 857 1617 concessum
880 1547 1085 1632 quibusdam
1110 1546 1306 1623 abbatissis,
1332 1545 1562 1630 expetitione

377 1660 581 1742 principum.
789 1642 795 1655 ’

417 1767 570 1847 6017171,
590 1766 671 1832 lieet
693 1769 762 1832 7777
785 1769 963 1850 incapaces
986 1765 1185 1850 possidendi
1201 1767 1260 1848 jus
1275 1763 1449 1848 spirituale
1466 1763 1562 1827 insti-

379 1876 506 1958 tuendi,
526 1881 671 1959 possunt
695 1881 811 1942 tamen
834 1876 918 1958 illud
940 1876 1094 1940 obtinere
1110 1894 1153 1940 ex
1167 1873 1347 1958 privilegio
1362 1872 1558 1957 apostolico.

377 1983 443 2047 Sed
452 1983 546 2048 nulla
557 1984 813 2068 praescriptione
826 1983 1139 2048 velconsuetudine
1152 1965 1419 2066 illudaoqnirere
1432 1981 1558 2046 volent.

376 2091 525 2175 Ideoque
547 2093 751 2176 principium
766 2093 854 2176 J'uris
879 2113 886 2156 :
911 2118 927 2152 «
949 2093 1010 2157 Via
1023 2091 1288 2176 praesoriptionis
1302 2088 1561 2154 immemorialis

377 2199 526 2264 obtineri
540 2205 654 2285 potest
667 2200 831 2284 qrtidquid
846 2201 1020 2266 obtinetur
1033 2199 1090 2264 via
1103 2199 1282 2283 privilegii,
1298 2203 1417 2282 utpote
1432 2197 1487 2264 cui
1504 2185 1562 2260 illa

377 2307 604 2390 aequivalet»
589 2328 696 2373 »non
720 2308 841 2374 valet·
832 2329 869 2372 777
894 2310 1056 2392 77777717
1079 2309 1235 2384 materia,
1259 2325 1341 2372 nam
1364 2305 1422 2371 7117
1442 2304 1562 2387 regula

378 2415 491 2478 solum
508 2416 691 2498 procedit
683 2437 719 2480 m
741 2434 823 2481 7777
846 2436 913 2501 quo
935 2419 1140 2534 subJ'eotum,
1156 2415 1289 2481 secluso
1301 2414 1490 2498 privilegio
1509 2419 1562 2478 est

376 2523 604 2604 possessionis
619 2543 736 2608 capax.

417 2633 449 2692 70
463 2631 501 2695 In
516 2631 659 2697 ecclesia
673 2633 761 2698 7717
752 2653 787 2698 77
803 2635 951 2700 77717717
968 2634 1113 2700 duarum
1126 2631 1370 2710 dioecesium,
1361 2651 1390 2698 1s
1413 2631 1561 2696 instituit

377 2739 435 2821 qui
450 2741 550 2804 77777
566 2743 893 2826 quasi-possessione
906 2744 994 2826 juris
1007 2743 1219 2819 instituendi,
1231 2743 1311 2826 quis
1320 2742 1443 2825 inpari
1453 2757 1560 2805 ‚causa

377 2847 576 2913 meliorest
601 2849 750 2916 conditio
778 2851 966 2934 possident
958 2871 998 2916 77.
1028 2852 1201 2928 Attamen,
1229 2851 1258 2914 si
1282 2869 1362 2934 pars
1388 2849 1560 2933 praecipua

378 2955 539 3034 77717777,
555 2975 616 3023 777
630 2963 733 3042 caput
746 2959 802 3024 vel
815 2965 915 3042 porta
928 2959 1135 3044 principalis,
1152 2960 1197 3023 sit
1215 2959 1251 3022 in
1274 2958 1444 3023 territorio
1457 2957 1558 3021 unius

378 3063 545 3141 7117777777,
568 3070 603 3130 77
624 3085 704 3148 pars
727 3067 866 3132 717777·
857 3088 894 3132 77
920 3069 1090 3133 territorio
1109 3067 1157 3133 717
1143 3070 1259 3144 terius,
1274 3071 1332 3151 777
1346 3068 1415 3132 7777
1401 3065 1557 3142 71777717,

373 3170 473 3252 juxta
487 3171 625 3248 multos,
642 3173 846 3240 adscribitur
862 3175 1022 3260 episcopo
1036 3174 1107 3238 7117
1098 3195 1134 3240 77
1148 3179 1247 3258 77777
1267 3175 1406 3241 71777771
1420 3179 1473 3240 777
1486 3174 1559 3237 1777

375 3295 454 3360 pars
467 3279 674 3364 principalis.

735 3466 834 3515 177117
850 3476 883 3516 77
898 3465 945 3528 qui
961 3463 1053 3528 potest
1067 3465 1186 3518 17771171

416 3613 895 3695 101777717777117777777177171,
911 3635 992 3682 nam
1014 3617 1092 3684 laici
1115 3637 1186 3684 non
1207 3623 1354 3701 possunt
1369 3615 1530 3682 77771777·
1522 3635 1557 3681 77

275 3719 281 3738 ·
374 3723 630 3788 canonicatibus
652 3728 687 3788 et
711 3723 786 3792 aliis
811 3725 1022 3805 beneficiis(
1011 3727 1051 3805 (7
1077 3727 1153 3790 nh.
1170 3726 1219 3808 t).
1235 3726 1456 3818 Excipiuntur
1474 3743 1557 3790 non·

375 3829 459 3894 nulli
483 3832 652 3916 principes
676 3831 763 3910 17777,
792 3833 915 3916 quibus
937 3834 1163 3898 conferuntur
1174 3833 1375 3917 praebendae
1399 3834 1557 3918 quaedam

374 3938 576 4016 1777777777,
595 3940 682 4004 sicut
706 3941 893 4023 imperator
905 3941 1080 4008 Romanus
1100 3948 1285 4008 coronatus
1306 3943 1350 4006 ad
1371 3942 1403 4006 S
1419 3941 1557 4006 Petrum

372 4048 409 4112 in
422 4048 593 4127 Vaticano,
611 4068 673 4116 rex
694 4051 866 4118 (1771117777
885 4072 948 4118 rex
963 4053 1143 4136 Η17777777.
1160 4055 1234 4120 Ν77
1250 4054 1375 4119 sufficit
1389 4071 1465 4118 esse
1481 4052 1557 4116 reli-

371 4155 520 4236 giosum,
537 4157 597 4222 sed
611 4177 753 4224 necesse
769 4165 855 4223 estu
834 4161 1119 4226 uitnstituendns
1133 4162 1259 4227 habeat
1273 4161 1395 4226 saltem
1409 4162 1557 4244 primam

371 4266 572 4342 tonsuram3
589 4285 670 4330 nam
684 4267 865 4332 beneficiat
852 4272 935 4332 tius
921 4269 998 4334 77177
1014 4287 1090 4336 7777
1106 4269 1208 4335 debet
1222 4269 1280 4353 qui
1303 4269 1431 4334 servire
1447 4269 1557 4352 possit

372 4371 545 4438 ecclesiae'
537 4394 573 4438 77
588 4373 711 4438 divinis
727 4376 857 4442 officiis.

411 4480 443 4542 70
463 4480 713 4559 01777777771777
737 4484 878 4550 alterius
901 4488 1043 4568 originis
1066 4493 1102 4552 et
1124 4493 1183 4552 777
1184 4487 1283 4564 ionis,
1300 4485 1501 4568 7777777777
1522 4487 1556 4547 77

372 4587 503 4652 777777777
517 4597 674 4672 possunt,
686 4593 790 4658 modo
804 4593 888 4658 alias
904 4595 972 4659 sint
986 4595 1101 4660 idonei
1116 4597 1155 4678 (7.
1167 4595 1233 4658 517.
1246 4599 1271 4658 t
1274 4595 1295 4676 7
1311 4595 1375 4664 77777
1366 4593 1556 4658 ‘beneficia

373 4703 490 4760 essent
510 4699 771 4780 patrimonialia,
795 4721 858 4785 pro
883 4709 978 4770 certa
1000 4703 1140 4782 familia,
1164 4705 1301 4770 civitate
1325 4703 1382 4768 vel
1402 4703 1552 4768 natione.
