3504 5572
269 605 271 612 r
320 551 401 639 Ι358
804 593 854 638 rus
875 591 1055 638 canonicor.

342 713 486 778 lusionis
510 717 545 778 et
566 713 820 780 commixtionis
848 717 1042 797 comperte
1067 715 1260 780 necessaria
1278 734 1289 776 -:
1311 713 1384 777 ister
1409 717 1523 797 partes

342 839 450 886 unum
461 821 541 906 quid
556 823 780 889 constituunt.
792 822 1065 888 *Porroconlusio
1079 827 1114 887 et
1126 822 1328 887 commixtio
1339 821 1524 886 estmodus

341 929 538 1013 acquirendi
553 930 754 1005 dominium,
772 935 810 994 ut
824 934 959 996 constat
980 933 1109 1014 exjure
1124 930 1273 1015 positivo
1287 935 1323 994 et
1336 948 1380 994 ex
1391 929 1522 994 ratione

341 1037 497 1104 naturali.
520 1039 680 1123 Sequitur
693 1038 784 1122 quod
810 1039 938 1121 emptio
958 1040 1104 1106 fenisex
1123 1037 1189 1102 illis
1204 1037 1392 1102 redditibus
1405 1055 1524 1121 super-

341 1148 418 1214 tluis
433 1149 576 1233 acquirit
589 1149 653 1232 ipsi
667 1148 790 1214 clerico
804 1149 960 1234 emptori,
975 1167 1045 1214 non
1061 1147 1224 1212 ecclesiae.

381 1259 624 1322 Verumtamen
635 1259 880 1342 proprietarius
892 1277 996 1324 verus
1010 1277 1048 1323 uc
1059 1259 1234 1340 legitimus
1244 1277 1314 1323 non
1324 1259 1428 1322 babet
1437 1276 1523 1322 sem-

339 1385 401 1450 per·
414 1366 557 1432 liberem
576 1367 835 1450 dispositionem
849 1384 966 1432 rorum
977 1385 1130 1444 suarum,
1147 1371 1182 1432 et
1195 1366 1273 1432 ideo
1290 1367 1424 1432 etiamsi
1437 1384 1522 1430 non-

339 1475 423 1542 nulli
444 1493 594 1542 conones
618 1477 842 1560 praescribunt
862 1477 1005 1542 modum
1025 1494 1092 1560 quo
1114 1477 1245 1541 fructus
1258 1475 1420 1560 superflui
1442 1481 1524 1542 sunt

339 1584 554 1670 expendendi
569 1605 590 1650 o
603 1585 744 1662 clericis,
758 1585 839 1650 nibil
858 1586 1013 1670 sequitur
1024 1591 1145 1652 contre
1155 1588 1213 1669 jus
1231 1585 1458 1670 proprietatis.
1479 1584 1521 1650 tt

340 1693 381 1759 de
396 1693 454 1759 illo
470 1711 534 1761 usu
546 1712 638 1762 nunc
651 1695 825 1778 egendum
839 1699 901 1758 est.

743 1925 747 1935 “
816 1904 973 1968 SEGTIO
1002 1906 1045 1968 11.
1116 1910 1118 1913 ’

364 2049 412 2110 Do
429 2064 494 2108 utu
510 2051 647 2106 illorum
662 2053 828 2106 bonorum
844 2064 922 2116 qun
938 2052 1021 2104 sunt
1035 2049 1099 2104 sub
1117 2050 1264 2104 dominio
1281 2051 1490 2106 clericorum.

625 2212 641 2276 ς
660 2211 681 2266 l.
704 2207 780 2268 Usus
799 2211 900 2266 recten
916 2207 1029 2280 peculii
1047 2207 1236 2267 eternorum..

378 2351 411 2433 o)
425 2350 573 2416 Clericus
594 2351 709 2432 potest
722 2348 753 2412 1⁰
772 2365 835 2412 sue
857 2347 948 2412 bone
965 2345 1218 2430 patrimonialis
1231 2346 1287 2412 vel
1310 2347 1521 2432 quasi-petri·
1562 2347 1564 2354 ⁴
1590 2431 1593 2436 Ι

338 2459 501 2525 monialis
514 2456 709 2542 expendero
723 2457 757 2520 in
769 2473 1004 2540 quoscumque
1031 2473 1112 2520 usus
1131 2455 1309 2532 honestos,
1327 2457 1431 2521 etiem
1443 2442 1528 2539 pro-⁴

337 2571 458 2643 lanos;
490 2585 570 2634 nem
603 2567 707 2634 nabet
731 2565 873 2651 plenum
899 2563 1112 2640 dominium,
1147 2564 1249 2648 idque
1283 2563 1377 2628 nullo
1417 2565 1520 2630 modo

337 2676 491 2758 ligatum.
1190 2681 1193 2688 '

377 2787 411 2848 2⁰
426 2786 520 2852 ldem
540 2783 724 2852 dicendum
738 2787 792 2848 est
811 2783 854 2848 de
865 2780 1175 2866 parcimonielibus.
1192 2779 1286 2846 Unde
1303 2782 1330 2845 si
1347 2801 1389 2846 ex
1404 2800 1520 2848 recen-

338 2897 411 2962 sitis
426 2897 525 2963 bonis
538 2893 666 2980 aliquid
688 2891 852 2976 expendit
873 2893 909 2956 in
932 2907 1054 2958 causas
1075 2891 1160 2974 pies,
1176 2893 1520 2974 potestposteecom-

338 3005 575 3088 pensationem
598 3003 661 3067 sibi
683 3003 794 3068 locere
819 3019 861 3066 ex
876 2999 1063 3064 redditibus
1080 2997 1336 3065 beneficialibus
1351 3003 1534 3096 sustenta-¹

340 3115 420 3181 tioni
437 3133 509 3178 suae
524 3110 715 3197 superfluis.

376 3225 405 3306 b)
420 3220 697 3304 Bonosuperssue
712 3218 838 3284 debent
848 3217 993 3302 expendi
1008 3218 1044 3282 in
1053 3235 1223 3302 pauperes
1236 3215 1292 3282 vel
1302 3215 1386 3282 elios
1398 3234 1519 3282 censos

338 3333 421 3416 pias,
438 3336 473 3396 et
487 3329 626 3414 quidem
642 3327 706 3392 sub
718 3325 818 3409 culpe
833 3345 876 3392 ex
890 3343 1018 3408 genere
1030 3343 1094 3391 suo
1104 3325 1251 3392 mortali.
1264 3323 1314 3390 lta
1327 3325 1520 3390 communis

338 3439 510 3505 sententio
530 3435 590 3500 T'l.
615 3439 650 3501 et
671 3433 728 3499 GC.
751 3433 891 3500 Constet
909 3452 953 3498 ex
967 3451 1062 3499 conc.
1079 3431 1166 3497 Trid.
1185 3433 1279 3515 (sess.
1306 3434 1357 3508 25,
1375 3452 1404 3496 c.
1424 3434 1452 3510 l,
1478 3433 1520 3496 de

338 3547 439 3630 liet),
457 3545 548 3630 quod
571 3541 816 3626 obligationem
837 3542 939 3606 istem
958 3541 1110 3622 graviter
1132 3539 1288 3617 inculcet,
1314 3541 1454 3605 omnino
1469 3541 1520 3604 in-

341 3655 509 3720 terdicens
525 3651 692 3736 episcopis
712 3655 746 3716 et
760 3649 834 3716 eliis
847 3647 1069 3724 beneficiatis,
1088 3667 1132 3714 ne
1150 3667 1193 3714 ex
1206 3647 1395 3714 redditibus
1417 3647 1519 3714 ecole-

341 3763 399 3828 siae
414 3761 689 3843 consanguineos
700 3762 761 3826 sut
774 3757 958 3824 labiliores
973 3774 1055 3822 suos
1069 3775 1196 3838 engere
1212 3757 1382 3822 studeant.

381 3870 447 3936 Sed
462 3869 652 3934 notandum
672 3869 705 3934 t·
719 3884 909 3949 congruam
932 3865 1218 3930 sustentationem
1239 3883 1310 3930 non
1331 3865 1519 3930 consistere

341 3982 375 4044 in
389 3977 595 4052 indivisibili,
608 3975 727 4042 etideo
736 3973 869 4041 admitti
881 3977 1028 4058 possunt
1040 3973 1169 4056 gradus
1180 3993 1188 4048 ;
1201 3973 1430 4039 neceamdem
1443 3992 1519 4038 esse

339 4106 401 4171 pre
418 4087 593 4162 omnihus,
610 4085 669 4150 sed
686 4083 878 4148 mensurari
899 4081 1022 4147 debere
1038 4100 1081 4144 ex
1097 4079 1258 4165 qualitate
1279 4081 1471 4146 beneficiati
1486 4085 1521 4146 et

341 4216 384 4261 ex
398 4215 463 4262 usu
477 4192 639 4276 regionis.
655 4191 786 4274 Regula
798 4191 932 4256 desumi
950 4193 1064 4274 potest
1078 4208 1121 4254 ex
1135 4189 1271 4272 piorum
1293 4195 1328 4271 et
1346 4191 1520 4256 timorate·

340 4321 417 4367 rum
432 4302 589 4386 ejusdem
604 4300 776 4385 qualitatis
797 4298 956 4392 expensis
970 4317 1032 4382 pro
1048 4315 1112 4362 sue
1126 4297 1386 4363 sustentatione.

380 4413 413 4476 9⁰
427 4411 555 4476 Dicitur
570 4437 585 4470 α
601 4412 664 4475 sub
678 4409 779 4495 culpe
793 4427 977 4491 exgenere
992 4425 1056 4474 suo
1069 4405 1206 4500 mortali
1222 4431 1238 4466 »
1254 4425 1261 4483 ;
1278 4425 1359 4472 nem
1373 4407 1520 4472 admitti·

341 4528 397 4587 tur
410 4522 559 4606 perviles
574 4519 737 4587 meteriis.
755 4519 820 4584 Sed
832 4519 869 4584 in
883 4515 1143 4584 determinanda
1154 4516 1299 4582 materis
1311 4517 1427 4598 gravi,
1450 4535 1519 4584 non

341 4631 549 4696 concordent
572 4629 643 4706 GC„
673 4631 752 4714 quie
774 4628 894 4711 regule
916 4623 1118 4692 universrdls
1140 4623 1243 4690 stetui
1266 4625 1406 4709 nequit;
1429 4626 1519 4692 unde

342 4739 399 4804 alii
415 4742 571 4822 quartem
586 4743 718 4822 portem
740 4737 936 4804 reddituum
951 4733 1203 4818 superfluorum
1217 4731 1344 4800 hebent
1366 4737 1404 4798 nt
1415 4739 1521 4800 mute-
