3488 5568
563 567 651 614 arana
672 567 799 616 marrus
818 567 1042 616 bncnnrabitiit.
1335 554 1395 622 569

215 692 312 768 (sess.
328 687 391 770 ib),
407 691 482 752 tum
497 705 541 754 ex
556 687 688 754 duabus
702 687 934 754 celeberrimis
943 688 1079 755 constit.
1096 687 1222 756 Urbani
1229 689 1310 767 Vlll,
1320 694 1395 756 tum

152 820 154 834 Α
215 795 362 881 denique
377 816 420 863 aa
434 795 552 860 multis
567 795 850 862 declarationibus
864 795 920 862 SS.
939 796 1061 880 Gongr.
1074 797 1171 863 Rom.

563 989 595 1040 n.
612 989 653 1039 Da
667 985 797 1052 subjecto
811 985 1044 1040 canonizationis.

255 1124 286 1187 1⁰
301 1122 359 1188 llle
373 1127 487 1206 potest
509 1122 701 1188 canonizari
722 1123 780 1208 qui
802 1122 924 1188 claruit
945 1122 1129 1188 virtutibus
1144 1125 1345 1208 theologicis
1362 1133 1397 1191 et

153 1308 156 1317 Ι
199 1231 402 1298 moralibus
421 1231 458 1296 in
481 1232 590 1314 gradu
612 1231 751 1298 heroico
773 1236 808 1296 et
827 1232 950 1297 saltem
965 1231 1099 1297 duobus
1112 1231 1285 1300 miraculis
1305 1235 1396 1300 vires

215 1345 362 1418 naturae,
393 1339 515 1406 saltem
541 1339 654 1424 quoad
676 1339 836 1417 modum,
859 1339 1104 1406 excedentibus
1124 1341 1200 1406 :ita
1220 1341 1319 1424 (trag.
1339 1342 1394 1423 lx,

216 1453 325 1514 consi.
343 1449 429 1514 Cum
454 1449 545 1514 dicat
558 1449 733 1526 Dominus,
760 1465 828 1532 qna
841 1447 874 1512 S.
890 1447 1084 1513 Antoninus
1108 1447 1293 1514 Patavinus
1307 1451 1392 1518 rela-

217 1561 272 1620 tus
284 1561 338 1622 est
348 1557 385 1621 in
399 1575 567 1622 canonem
581 1561 778 1622 sanctorum
793 1560 846 1633 3et
858 1557 932 1622 haec
946 1555 1068 1638 regula
1079 1557 1274 1639 fuitpostea
1287 1559 1392 1624 variis

216 1665 516 1734 constitutionibus
539 1667 750 1732 confirmata.
776 1665 895 1750 ltaque
921 1665 995 1730 sola
1017 1665 1182 1730 miracula
1205 1685 1276 1732 nen
1303 1668 1397 1732 suiti-

215 1776 310 1842 ciunt
319 1775 392 1840 sine
400 1775 583 1841 virtutibus
593 1775 618 1858 (l
633 1773 722 1854 Gon,
737 1793 804 1853 x111,
821 1775 863 1857 2),
878 1792 942 1840 nec
952 1773 1034 1840 sclae
1047 1774 1192 1840 virtutes
1205 1775 1278 1840 sine
1293 1776 1395 1842 mira·

215 1884 300 1950 culis
313 1905 321 1948 :
334 1901 476 1950 necesse
492 1887 545 1950 est
558 1887 597 1946 nt
610 1881 775 1948 miracula
792 1883 1016 1947 manifestent
1028 1882 1138 1948 Deum
1158 1882 1249 1948 velle
1269 1885 1309 1947 ut
1320 1883 1397 1950 talis

215 1995 251 2058 in
264 1993 412 2060 Ecclesia
432 1993 601 2059 militante
618 1991 753 2075 publica
768 1992 990 2058 veneratione
1003 1991 1144 2057 colatur.
1163 1992 1229 2058 Sed
1254 2011 1396 2059 necesse

217 2109 279 2180 est,
305 2107 345 2168 ut
363 2104 436 2168 haec
456 2103 535 2167 vitae
551 2101 713 2167 sanctitas
737 2105 772 2165 et
790 2101 954 2166 miracula
968 2100 1167 2184 plenissime
1188 2103 1396 2185 probentur;

217 2216 425 2296 quapropter
442 2213 478 2278 in
499 2228 662 2295 processu
683 2211 841 2275 instituto
856 2210 899 2274 ad
920 2211 1009 2276 hanc
1027 2211 1266 2294 probationem
1281 2211 1399 2277 obser·

217 2325 342 2385 vantur
361 2319 519 2403 superius
540 2318 630 2384 dicia
644 2318 680 2381 in
695 2316 753 2380 lib.
769 2315 798 2382 Il
814 2315 855 2382 de
869 2317 1139 2401 probationibus,
1158 2318 1314 2394 testibus,
1332 2324 1396 2385 etc.

257 2429 290 2493 θ’
303 2429 485 2514 speciatim
498 2428 541 2494 ad
564 2427 859 2493 canonizationem
882 2427 1043 2511 martyris
1063 2428 1189 2493 sufficit
1207 2427 1308 2512 plene
1322 2447 1399 2512 pro-

214 2543 297 2606 bare
318 2539 520 2624 martyrium
541 2537 701 2616 formale,
719 2557 781 2604 scu
797 2538 889 2621 qnod
909 2556 1014 2604 causa
1037 2541 1185 2604 mortem
1205 2538 1397 2605 sustinendi

216 2651 320 2716 fuerit
340 2649 426 2714 tides
441 2647 606 2713 catholica
626 2647 683 2712 vel
705 2647 770 2712 alia
785 2648 895 2712 virtus
917 2646 1207 2731 supernaturalis3
1233 2647 1397 2732 quianon
1499 2683 1501 2687 ·

218 2758 291 2826 sola
305 2777 408 2835 mors,
433 2757 495 2824 sed
517 2775 620 2823 causa
639 2761 808 2840 martyres
828 2757 919 2822 iacit.
944 2755 1268 2841 lgiturmartyrium
1291 2761 1398 2823 mate-

217 2869 299 2935 riale
314 2887 375 2934 seu
384 2868 457 2935 sola
469 2887 563 2936 mors
578 2869 652 2934 sine
666 2869 842 2934 causariis
852 2868 995 2951 probata
1007 2856 1078 2933 non
1088 2867 1266 2932 constituit
1275 2871 1398 2950 marty·

217 2997 283 3044 res.
309 2979 522 3062 Regulariter
542 2979 764 3064 requiruntur
792 2978 896 3044 etiam
919 2977 987 3044 duc
1012 2975 1178 3044 miracula
1198 2975 1299 3062 plene
1323 2995 1398 3061 prc-

215 3091 307 3165 bata,
323 3091 362 3152 nt
378 3087 561 3154 declaravit
575 3087 607 3152 S.
624 3087 746 3170 Gcngr.
763 3087 841 3163 nit,
859 3086 898 3150 la
924 3089 1008 3170 sept.
1031 3085 1121 3163 iota,
1139 3086 1179 3150 29
1200 3085 1281 3150 maii
1307 3086 1396 3150 1688.

218 3199 329 3284 Aliqui
351 3199 433 3264 olim
451 3203 623 3282 negarunt
640 3199 768 3282 requiri
776 3196 951 3276 miracula,
970 3201 1096 3281 praeter
1113 3197 1315 3280 martyrium
1333 3197 1399 3261 ior-

220 3309 328 3384 male3
345 3306 854 3390 sedlicetmartyriumicrmale
866 3304 1398 3389 suidciatadprudensjudicium

106 3491 110 3497 ⁸
221 3416 262 3480 de
284 3415 393 3482 salute
409 3421 443 3481 et
463 3417 624 3482 beatitate
642 3415 813 3498 martyris,
837 3433 908 3479 non
932 3415 1058 3478 sufficit
1075 3417 1115 3477 ut
1136 3416 1272 3478 constet
1289 3412 1398 3476 Deum

221 3522 308 3588 velle
322 3527 361 3586 ut
371 3523 447 3588 talis
458 3528 588 3606 martyr
601 3521 824 3587 veneratione
839 3519 975 3604 publica
985 3519 1118 3586 colatur
1132 3521 1168 3584 in
1186 3518 1344 3585 Ecclesia.

477 3715 518 3765 iil.
537 3709 667 3766 Probstic
682 3709 819 3777 requisita
831 3709 867 3762 ad
882 3709 1136 3764 canonizationem.

262 3851 293 3914 1⁰
317 3849 455 3915 constat
491 3848 532 3913 de
560 3845 744 3910 virtutibus
770 3847 806 3910 in
832 3845 941 3928 gradu
969 3843 1149 3910 excellenti
1184 3848 1219 3910 et
1247 3841 1396 3920 heroico,

221 3959 358 4044 quando
374 3958 478 4023 homo
496 3955 645 4040 perlecta
658 3973 720 4038 per
735 3954 936 4020 charitatem
948 3953 1019 4020 Deo
1040 3957 1075 4020 et
1094 3953 1218 4018 divinis
1234 3951 1400 4018 stabiliter

220 4068 402 4142 inhaerans,
414 4083 494 4131 cum
506 4063 677 4148 adjutorio
690 4061 814 4128 divinae
833 4063 964 4146 gratie,
979 4067 1140 4148 operatur
1153 4080 1233 4128 cnm
1246 4061 1398 4145 perlecto

221 4175 371 4242 dominio
385 4191 526 4239 suarum
538 4171 750 4256 passionum,
767 4171 971 4236 refrenando
982 4174 1017 4236 et
1027 4169 1271 4255 supprimendo
1283 4172 1399 4234 motus

220 4283 443 4358 inordinatos,
453 4281 501 4346 ita
510 4285 549 4345 ut
563 4279 748 4346 deliberate
759 4298 830 4346 non
841 4279 1034 4346 consentiat
1041 4278 1140 4345 alicui
1147 4275 1397 4364 imperfectioni

219 4391 340 4456 morali
354 4391 409 4456 cui
422 4389 504 4454 insit
517 4389 631 4474 aliqrm
642 4388 729 4454 ratio
744 4388 884 4472 peccati,
906 4388 1014 4455 etiam
1026 4385 1203 4454 levissimi.

260 4497 465 4565 2⁰lt1iracula
484 4497 621 4582 probari
642 4497 769 4563 debent
785 4495 947 4582 perduco
967 4495 1089 4562 saltem
1110 4497 1227 4571 testes,
1244 4513 1315 4561 non
1331 4495 1399 4559 sin-

221 4607 369 4692 gulares,
387 4624 498 4691 neque
514 4605 556 4670 de
566 4605 684 4671 auditu
695 4604 818 4683 alienet
834 4603 896 4670 sed
908 4603 950 4671 de
964 4603 1105 4668 visuvel
1117 4602 1235 4668 auditu
1249 4602 1397 4687 proprie,

223 4721 258 4782 et
276 4717 425 4798 juratos.
447 4713 578 4780 Sufficit
598 4713 640 4780 ad
664 4712 963 4791 beatificationem,
989 4711 1018 4776 si
1045 4711 1092 4778 ita
1119 4712 1308 4794 probantur
1330 4709 1398 4776 duo
