3498 5572
565 586 650 630 ursan
673 585 798 632 rannus
820 549 1039 634 caesarium.
1336 566 1395 629 435

215 703 343 768 babent
363 702 548 766 essentiam
572 707 680 766 status
703 702 852 784 religiosi
876 719 956 766 cum
977 702 1066 766 votis
1086 703 1253 767 duntaxat
1272 703 1397 786 simpli-

213 811 318 874 cibus.
345 809 410 874 Sed
432 809 642 892 antiquiores
665 811 851 898 canonista
876 828 978 877 voces
1000 809 1075 874 illas
1096 809 1396 874 indiscriminatim

214 919 377 984 adhibent
402 918 445 982 ad
478 917 729 999 designandum
754 919 912 982 ordinem
939 917 1139 998 religiosum
1161 918 1395 1000 ¹abstractione

214 1028 303 1092 lacta
326 1025 552 1090 solemnitatis
572 1031 742 1090 votorum.
773 1025 1027 1098 Verumtamen,
1064 1041 1155 1088 nova
1177 1025 1334 1089 instituta
1359 1026 1395 1090 in

216 1135 338 1218 quibus
357 1139 438 1198 vota
454 1139 588 1198 tantum
606 1132 771 1216 simplicia
785 1133 883 1206 liunt,
906 1132 1020 1196 solent
1041 1133 1230 1214 nuncupari
1253 1151 1398 1214 congre-

214 1243 370 1322 gationes
386 1239 565 1322 religiosae.
581 1239 713 1323 Duplex
726 1240 829 1305 etiam
846 1259 957 1320 genus
971 1239 1191 1320 distinguitur
1209 1257 1398 1322 congrega-

215 1351 368 1414 tionum:
386 1348 459 1412 aliae
475 1348 568 1412 enim
579 1353 659 1410 sunt
675 1349 952 1430 conprepationes
962 1349 1100 1431 proprie
1113 1347 1222 1426 dictae,
1240 1365 1315 1432 quae
1331 1348 1396 1412 tria

215 1463 296 1522 vota
319 1477 427 1540 eaque
451 1461 617 1540 perpetua
641 1455 834 1532 admittunt,
859 1461 894 1520 et
916 1455 990 1520 aliae
1011 1462 1092 1520 sunt
1121 1458 1398 1540 conprepationes

215 1567 396 1650 improprie
428 1567 537 1644 dicte,
567 1583 642 1660 quae
675 1565 812 1630 nonnisi
842 1570 923 1630 vota
950 1569 1172 1648 temporanea
1201 1563 1257 1629 vel
1286 1563 1398 1630 solum

215 1679 335 1740 votum
350 1675 515 1740 castitatis
530 1676 703 1739 emittunt.

256 1783 285 1864 b)
307 1781 451 1846 Erectio.
481 1783 582 1848 Novae
607 1784 904 1864 congregationes,
932 1783 1054 1847 saltem
1082 1783 1206 1848 saeculo
1235 1783 1396 1866 praesenti

216 1895 347 1966 erectae,
377 1890 474 1954 initio
501 1889 722 1966 fundationis,
745 1891 937 1970 generatim
966 1893 1128 1956 carebant
1150 1892 1394 1974 approbatione

216 1997 312 2061 Sedis
339 1996 553 2080 Apostoltcae,
584 2003 618 2061 et
646 1998 723 2062 ideo
742 2003 861 2062 contra
882 1999 1174 2082 prascriptionem
1200 1998 1272 2062 lnn.
1300 1996 1342 2060 ill
1362 1999 1398 2061 in

215 2124 310 2171 conc.
326 2105 494 2180 Lateran,
510 2104 653 2170 relatam
666 2123 694 2169 c.
710 2105 789 2168 lah.
810 2111 844 2180 t.,
861 2105 1171 2171 lueruntfundatae.
1186 2107 1400 2190 Quapropter

216 2213 402 2295 quaritur:
531 2271 535 2278 .

257 2321 417 2384 1⁰1]th
432 2321 571 2385 illarum
581 2321 885 2404 conprepatiomtm
895 2324 1015 2386 erectio
1024 2323 1268 2405 suarite'iticita,
1278 2341 1399 2408 usqae-

215 2432 298 2496 dum
312 2431 358 2494 eis
372 2429 510 2494 accedat
524 2428 722 2512 approbatio
739 2429 776 2494 S.
792 2429 992 2511 Pontificis?
1007 2431 1039 2492 l⁰
1055 2429 1212 2514 Spectato
1229 2431 1302 2496 solo
1315 2434 1396 2514 jure

216 2541 352 2622 scripto,
382 2539 523 2602 minime
555 2536 697 2600 dubium
723 2542 776 2600 est
801 2538 884 2622 quin
911 2538 1084 2622 primitiva
1106 2539 1244 2604 illorum
1270 2540 1397 2604 erectio

216 2647 318 2710 luerit
331 2645 445 2710 illicita
460 2665 467 2721 ;
485 2663 565 2710 nam
584 2643 690 2708 verba
710 2643 784 2708 lnn.
806 2643 848 2706 lll
870 2645 906 2708 in
921 2663 1015 2710 conc.
1032 2646 1185 2712 Lateran.
1205 2653 1239 2711 et
1254 2648 1351 2728 Greg.
1372 2647 1399 2710 x

216 2755 252 2818 in
266 2771 360 2818 conc.
377 2752 595 2834 Lugdunensi
618 2756 699 2814 sunt
712 2752 910 2834 perspicua;
929 2752 1051 2817 deinde
1074 2757 1209 2818 constat
1231 2773 1273 2818 cx
1296 2755 1401 2818 inter-

216 2863 405 2944 pretatione
421 2861 577 2926 omnium
596 2860 863 2934 canonistarum,
881 2862 1163 2944 approbationem
1176 2861 1399 2946 apostolicam

215 2969 342 3052 requiri
366 2975 404 3032 ut
427 2968 540 3051 aliqua
554 2967 679 3031 erectio
696 2967 739 3030 sit
758 2966 921 3047 legitima.
940 2967 989 3030 Ex
1007 2967 1113 3032 altera
1128 2975 1234 3052 parte,
1258 2969 1315 3034 lex
1342 2971 1400 3036 illa

215 3097 285 3144 non
312 3079 377 3142 fuit
403 3077 576 3156 abrogata,
602 3095 755 3159 nequae
778 3093 873 3139 conc.
891 3075 979 3140 Trid.
1002 3095 1114 3159 neque
1140 3079 1182 3141 ab
1198 3077 1266 3142 nlla
1289 3084 1397 3144 const.

217 3187 313 3251 Sedis
326 3185 537 3269 Apostolicae.
557 3186 770 3268 Quapropter
785 3185 827 3249 de
842 3184 1071 3268 prohibitione
1084 3187 1172 3267 jun's
1188 3187 1303 3267 scripti
1317 3207 1398 3252 con·

91 3296 96 3305 ’
219 3303 295 3361 stat.
313 3297 448 3370 Verum,
466 3297 500 3358 Ψ
513 3299 644 3360 attenta
657 3294 917 3368 consuetudine,
935 3295 1060 3358 erectio
1081 3295 1169 3359 lacta
1189 3297 1294 3360 solius
1310 3297 1399 3360 ordi-

219 3405 304 3470 narii
329 3406 530 3469 auctoritate
556 3423 625 3470 non
654 3404 791 3468 videtur
812 3402 944 3478 illicita;
970 3421 1050 3466 nam
1077 3403 1181 3467 Sedes
1206 3405 1399 3487 Apostolica

216 3533 308 3579 nunc
322 3533 392 3578 non
414 3513 502 3578 solet
517 3513 798 3596 approbationem
812 3511 1000 3576 concedere
1020 3530 1082 3594 pro
1099 3511 1299 3578 inchoandis
1317 3532 1398 3579 con-

214 3624 483 3704 gregationibus,
499 3622 559 3686 sed
569 3622 745 3686 inchoatas
758 3626 792 3684 et
806 3625 935 3685 erectas
947 3619 1079 3696 laudat;
1094 3621 1216 3686 deinde
1232 3623 1398 3705 approbat

216 3733 407 3797 successive
422 3731 673 3795 institutionem
694 3735 729 3793 at
747 3729 895 3811 regulas.
913 3729 1000 3810 Ergo
1022 3730 1262 3794 consuetudini
1277 3735 1396 3797 contra

214 3837 328 3921 legem
341 3841 414 3904 lnn.
431 3838 473 3902 lll
488 3841 582 3904 favet
594 3837 709 3921 praxis
733 3837 841 3902 Curia
865 3837 1039 3902 Romanae.
1066 3839 1279 3921 Quapropter
1297 3839 1397 3903 indn-

216 3949 310 4012 bium
325 3955 377 4013 est
390 3949 504 4030 legem
518 3948 641 4013 abiisse
662 3947 697 4010 in
719 3947 992 4023 desuetudinem,
1014 3951 1182 4031 quatenus
1199 3947 1242 4012 ad
1255 3967 1398 4030 congra-

216 4057 372 4138 gationes
385 4055 628 4120 extenderetur
640 4055 700 4137 (De
715 4053 864 4136 Angelis,
883 4055 916 4117 h.
935 4057 997 4130 tit,
1011 4076 1045 4120 n.
1061 4057 1102 4137 5).

256 4166 289 4227 Ψ
307 4164 427 4228 Utinm
442 4165 610 4228 ordinarii
623 4163 821 4248 approbatio
843 4164 996 4244 sufficiat
1011 4163 1060 4228 ad
1068 4182 1185 4228 veram
1198 4165 1396 4249 reliprbnem

216 4275 513 4338 constituendam?
527 4273 627 4356 Resp.
654 4273 834 4353 negativc;
857 4291 939 4337 nam
961 4291 1004 4336 ex
1025 4273 1122 4336 dictis
1145 4293 1214 4338 non
1230 4277 1394 4358 sequitur,

218 4387 255 4446 ut
279 4383 351 4446 vult
370 4383 478 4448 Bouix
498 4385 607 4464 (tract.
630 4383 671 4446 de
690 4381 770 4445 lure
792 4401 877 4465 rep„
900 4401 933 4464 p.
958 4381 997 4456 ll,
1021 4388 1101 4447 sect.
1124 4403 1144 4459 1,
1167 4385 1218 4448 ch.
1242 4385 1272 4460 ἢ,
1299 4386 1330 4460 3,
1351 4385 1394 4466 4),

218 4492 309 4574 quod
333 4491 506 4574 ejusmodi
533 4489 820 4572 congregationes
845 4491 886 4554 ab
914 4489 1084 4555 ordinario
1105 4493 1299 4574 approbatae
1320 4512 1397 4558 cen-

217 4599 332 4663 sendae
355 4600 423 4662 sint
437 4619 527 4664 verre
543 4599 731 4681 religiones
753 4603 832 4662 ante
858 4599 1139 4680 approbationem
1159 4599 1191 4663 S.
1212 4600 1394 4666 pontilicis.

218 4709 294 4792 lpsa
313 4710 438 4774 erectio
463 4727 533 4774 non
555 4714 607 4772 est
622 4707 734 4772 adbuc
759 4705 889 4780 illicita;
909 4711 1023 4769 tamen
1037 4707 1235 4788 approbatio
1251 4709 1282 4772 S.
1300 4709 1396 4774 Sedis
