3504 5566
806 535 857 590 tus
876 535 1056 588 cenobium.

669 727 700 778 ll.
718 727 758 780 lte
771 725 964 790 publicatione
978 725 1201 780 attestationum.

388 875 420 958 o)
434 874 623 940 Necessitas
642 879 677 938 et
692 875 803 940 forma
821 873 911 940 illius
931 874 1168 960 publicationis
1189 878 1269 939 ante
1284 869 1400 938 omnia
1414 867 1521 934 consi-

347 983 497 1048 deranda
510 987 591 1047 sunt
606 1003 613 1046 :

388 1095 419 1156 1ο
433 1093 629 1177 Requiritur
642 1094 872 1176 adjustitiam,
884 1113 954 1159 non
969 1101 1085 1160 autem
1099 1095 1143 1162 ad
1155 1091 1381 1159 substantiam
1390 1088 1519 1172 Judicii,

347 1205 386 1264 ut
399 1199 580 1284 publicatio
594 1202 852 1266 attestationum
872 1203 942 1267 flat.
965 1203 1063 1268 Ratio
1077 1203 1178 1286 primi
1192 1205 1255 1279 est,
1272 1200 1440 1286 quianon
1462 1215 1521 1280 pu-

346 1307 477 1374 blicatis
500 1308 786 1386 attestationibus,
811 1329 891 1374 rens
917 1329 987 1376 non
1010 1315 1127 1394 posset
1145 1309 1246 1394 plene
1266 1307 1463 1376 deliberare,
1479 1303 1522 1367 de

347 1414 534 1497 allegandis
556 1416 600 1481 ad
622 1417 675 1480 sui
698 1418 954 1483 excusationem
971 1439 977 1481 :
994 1419 1073 1484 inde
1090 1418 1185 1484 locus
1200 1421 1291 1482 esset
1305 1411 1522 1498 appellationi
1620 1435 1624 1442 ·

348 1525 387 1604 (c.
403 1521 604 1591 1111181111.
622 1532 700 1588 etre
709 1525 814 1606 jud).
826 1525 924 1591 Ratio
935 1527 1087 1603 secundi,
1098 1531 1172 1590 turn
1182 1525 1262 1608 quia
1270 1522 1375 1607 judici
1387 1537 1523 1603 semper

347 1637 429 1697 nota
442 1637 522 1704 sunt
541 1637 616 1698 acta
635 1633 809 1716 judicialia
827 1639 862 1698 et
880 1637 960 1718 jura
982 1635 1141 1717 partium,
1166 1640 1240 1697 tum
1255 1632 1334 1717 quia
1354 1625 1524 1694 sententia

345 1739 424 1818 lata,
441 1759 512 1806 non
525 1741 703 1825 publicatis
717 1742 1003 1820 attestationibus,
1020 1741 1114 1806 nullo
1126 1744 1204 1825 jure
1216 1741 1378 1804 irritatur.

387 1850 419 1912 Ξ·
433 1848 555 1914 Forma
568 1849 806 1932 publicationis
821 1849 976 1914 censistit
988 1851 1024 1913 in
1039 1849 1260 1934 sequentibus
1275 1846 1405 1912 actibus
1422 1865 1429 1908 :

387 1956 535 2040 Utraque
559 1975 637 2040 pars
651 1957 747 2021 citari
764 1957 865 2021 debet
886 1957 929 2022 ad
944 1957 1220 2022 interessendum
1234 1953 1465 2040 publicationi,
1485 1959 1523 2016 ut

349 2083 509 2148 expresse
524 2065 646 2130 dicitur
662 2065 699 2129 in
713 2083 786 2148 cap.
806 2065 826 2128 1
845 2065 880 2128 h.
899 2071 922 2128 t.
939 2065 976 2128 in
991 2066 1035 2143 6⁰,
1053 2071 1087 2130 et
1104 2044 1313 2130 sufficienler
1332 2066 1523 2128 constater

349 2192 451 2258 scopo
463 2172 710 2258 publicationis.

387 2281 498 2346 ludex
509 2281 821 2364 interrogatpartes
830 2287 1029 2364 praesentes,
1041 2301 1086 2347 an
1098 2283 1315 2348 consentiunt
1325 2281 1362 2345 in
1376 2277 1525 2363 publica-

348 2385 489 2462 tionem,
505 2383 1347 2467 veljustasbabeantcausssesmdemdifferenli.
1728 2447 1729 2462 ,

389 2495 422 2561 si
436 2500 550 2579 partes
564 2496 791 2572 consentiant,
803 2497 1039 2562 attestationes
1054 2498 1288 2580 praeleguntur
1298 2495 1431 2580 publice
1446 2510 1525 2558 cum
1728 2489 1729 2546 l

349 2609 545 2675 nominibus
566 2608 717 2684 testium,
742 2627 803 2672 seu
825 2609 1017 2692 publicatur
1043 2611 1203 2676 «rotulus
1225 2608 1521 2693 depositionum».

349 2717 474 2782 Verum
494 2718 531 2806 in
549 2735 653 2782 causa
674 2716 815 2781 haeresis
842 2717 984 2782 nomina
1006 2735 1076 2783 non
1104 2718 1329 2802 publicantur,
1359 2735 1401 2781 ex
1415 2717 1521 2779 const.

352 2824 437 2890 Cum
450 2826 535 2890 sicut
549 2824 599 2888 Pii
612 2823 664 2888 lv.

389 2931 731 3016 Factapublicatione,
743 2933 843 2998 datur
851 2933 1064 3018 partibus,ad
1075 2952 1195 3001 eorum
1204 2934 1416 3019 petitionem,
1428 2927 1525 3015 copia
1556 2960 1557 2968 ,
1728 2941 1729 3032 p

349 3041 617 3130 attestationum,
650 3046 688 3104 ut
718 3041 949 3126 depositiones
984 3045 1179 3109 examinare
1197 3039 1332 3128 'queant
1354 3045 1389 3105 et
1412 3038 1525 3102 media
1728 3033 1729 3114 1

349 3149 569 3226 detensionis,
597 3149 687 3213 intra
712 3151 932 3232 praeflxuma
954 3151 1069 3234 judice
1094 3157 1241 3235 tempus,
1265 3151 1521 3231 contraponant.

347 3255 468 3340 Elapso
484 3261 649 3341 tempore,
667 3256 749 3320 ferri
769 3263 884 3340 potest
903 3259 1075 3323 sententia
1094 3257 1384 3333 condemnatoris,
1406 3256 1437 3318 si
1449 3269 1525 3318 rcus
1728 3245 1729 3336 1

348 3364 477 3430 nullam
490 3383 553 3448 pro
568 3365 621 3429 sui
634 3365 834 3431 defensione
847 3367 1083 3450 exceptionem
1095 3373 1254 3451 opponat.

390 3475 420 3559 b)
432 3473 611 3538 Productio
628 3473 768 3538 testium
780 3479 859 3557 post
868 3473 1057 3559 publicatas
1072 3474 1320 3550 attestationes,
1342 3475 1373 3536 1ο
1391 3468 1527 3553 regulu-
1728 3461 1729 3556 l

349 3581 432 3645 riter
446 3599 515 3646 non
529 3582 579 3656 flt,
596 3581 717 3646 saltem
732 3600 834 3664 super
854 3581 976 3646 iisdem
998 3581 1159 3660 articulis,
1185 3582 1240 3647 vel
1255 3582 1381 3646 directe
1395 3583 1526 3644 contra-
1728 3557 1729 3576 ³

350 3689 409 3752 riis
424 3709 431 3751 :
447 3690 494 3753 ita
506 3691 564 3772 J'us
579 3688 676 3753 Rom.
693 3695 728 3754 et
745 3707 773 3753 c.
789 3691 838 3766 ll,
854 3691 903 3766 18,
919 3691 1007 3754 3611.
1025 3697 1062 3768 1.,
1080 3697 1142 3756 111.
1163 3691 1260 3755 Retio
1274 3695 1337 3766 est,
1360 3695 1433 3754 tum
1448 3687 1527 3770 quia

351 3795 634 3878 essetpericulum
643 3797 1051 3874 subornationistestium,
1063 3799 1221 3883 tumquiu
1227 3803 1352 3882 partes,
1362 3797 1440 3861 ideo
1448 3793 1527 3878 quia

351 3905 564 3970 admiserunt
586 3905 852 3990 publicationem
875 3909 1144 3986 attestationum,
1163 3909 1263 3973 tacite
1284 3905 1527 3971 renunciarent

352 4013 504 4078 ulteriori
527 4015 718 4098 probationi
739 4033 809 4097 per
820 4021 936 4080 testes.
953 4015 1060 4098 Igitur
1073 4035 1137 4082 nec
1155 4017 1248 4081 idem
1265 4034 1329 4080 nec
1347 4014 1403 4080 alii
1423 4018 1527 4076 testes

352 4121 484 4187 admitti
517 4127 672 4206 possunt,
699 4121 763 4187 nisi
792 4129 914 4206 agatur
937 4125 979 4189 de
999 4126 1134 4190 casibus
1155 4123 1442 4198 extraordinariis,
1471 4121 1526 4184 ubi

353 4236 444 4295 esset
455 4230 644 4314 periculum
658 4232 772 4313 gravis
787 4233 974 4314 injustitia,
990 4233 1045 4298 vei
1059 4213 1165 4298 testes
1182 4233 1224 4298 de
1239 4232 1390 4316 perjurio
1414 4233 1530 4295 essent

352 4339 509 4416 convicti,
524 4343 587 4403 etc.
605 4339 697 4420 (Vide
712 4338 930 4422 Sohmalzgr,
946 4341 980 4404 h.
996 4345 1033 4418 t.,
1050 4361 1085 4404 n.
1101 4341 1171 4418 126,
1188 4341 1269 4423 lul).

393 4445 425 4509 2⁰
442 4445 550 4530 Super
565 4447 715 4511 articulis
730 4449 870 4513 omnino
886 4449 986 4513 novis
1000 4467 1071 4514 non
1085 4454 1166 4513 sunt
1185 4449 1288 4514 etiam
1306 4445 1527 4533 producendi,

353 4573 432 4621 cum
446 4555 502 4618 isti
516 4553 647 4619 articuli
664 4555 709 4620 ad
721 4573 860 4622 causam
874 4576 946 4624 non
959 4557 1163 4641 pertincant.
1181 4557 1248 4623 Sed
1262 4575 1366 4642 super
1380 4553 1529 4622 articulis

355 4683 397 4728 ex
409 4664 484 4746 ipsa
497 4657 600 4728 causa
613 4668 704 4727 recte
719 4665 984 4746 emergentibus,
1005 4669 1109 4730 testes
1124 4666 1227 4730 iidem
1243 4665 1298 4730 vel
1317 4665 1373 4730 alii
1389 4663 1529 4748 produci
