3488 5568
1006 560 1011 584 v

394 605 455 672 1111
853 621 904 670 ros
926 619 1106 670 1111111111.

392 763 469 808 rum
501 742 639 818 officiis3
666 740 848 826 aliquando
877 761 920 807 ex
947 742 1194 808 consuetudine
1222 741 1351 808 tollitur
1380 739 1569 826 periculum

394 852 553 920 scandali.

429 961 465 1024 to
480 960 540 1024 llla
554 961 796 1043 negotiationis
811 962 953 1044 species,
971 980 1047 1045 quae
1069 962 1191 1027 dicitur
1215 961 1406 1038 artificium,
1431 965 1582 1025 nonest·

391 1069 587 1152 simpliciter
608 1069 778 1152 prohibita
796 1069 941 1146 clericis;
971 1069 1062 1134 unde
1088 1089 1174 1153 opus
1201 1076 1254 1134 est
1275 1069 1501 1134 distinctione.
1535 1068 1568 1132 Si

393 1197 449 1242 res
477 1197 519 1242 ex
546 1197 690 1263 quarum
717 1179 937 1243 distractione
962 1179 1096 1243 lucrum
1121 1180 1298 1262 quaeritur,
1326 1183 1407 1243 sunt
1438 1178 1567 1241 fruetus

391 1288 605 1370 propriorum
636 1286 823 1351 fundorum
851 1293 922 1352 arte
952 1292 986 1350 et
1010 1286 1179 1352 industria
1212 1287 1394 1363 immutati,
1423 1291 1568 1369 possunt

391 1397 500 1460 carius
517 1397 618 1461 vendi
633 1417 653 1462 a
668 1395 810 1461 clericis.
823 1397 920 1462 Ratio
934 1401 996 1474 est,
1010 1397 1244 1481 quiapretium
1266 1402 1426 1462 censetur
1437 1397 1566 1460 tructus

390 1509 520 1569 naturae
544 1510 578 1568 et
592 1505 767 1570 industriae
785 1506 987 1582 accedentis,
1016 1523 1087 1571 non
1111 1524 1194 1570 vero
1214 1505 1357 1588 aliquus
1384 1504 1567 1587 emptionis

389 1612 623 1693 praecedentis,
638 1619 672 1678 et
683 1614 839 1678 reincidit
848 1615 884 1678 in
896 1614 1166 1695 negotiationem
1178 1613 1434 1678 oeconomicam.
1448 1611 1566 1675 Varios

388 1737 487 1784 casus
507 1727 712 1786 enumerant
725 1720 802 1798 CG.;
829 1722 890 1786 sed
905 1722 1019 1806 quoad
1042 1721 1136 1787 illam
1160 1721 1394 1786 diversitatem
1410 1737 1562 1794 casuum,

387 1827 577 1892 notandum
591 1833 643 1896 est
653 1828 745 1912 quod
754 1828 867 1894 clerici
877 1830 1070 1910 generatim
1085 1834 1265 1912 nequeunt
1273 1847 1335 1911 per
1347 1828 1478 1910 seipsos
1491 1827 1567 1892 illas

387 1935 638 2016 negotiationes
653 1957 823 2003 exercere.
840 1938 934 2001 Multi
945 1939 1132 2003 canonistae
1143 1944 1312 2022 quaerunt,
1325 1943 1442 2002 utrum
1454 1935 1564 2000 clerici

386 2049 528 2127 possent
541 2046 810 2126 negotiationem
823 2045 885 2110 sibi
902 2046 1109 2128 prohibitam
1123 2065 1284 2110 exercere
1296 2063 1358 2128 per
1368 2044 1463 2119 alios,
1483 2047 1517 2107 et
1530 2043 1564 2105 in

387 2151 539 2216 diversas
553 2154 681 2217 abeunt
695 2155 882 2218 sententias
897 2175 904 2229 ;
920 2153 982 2218 sed
994 2154 1109 2218 verior
1118 2159 1232 2235 negat.
1250 2153 1284 2216 Si
1300 2170 1355 2217 res
1367 2171 1410 2216 ex
1421 2169 1565 2236 quarum

387 2261 584 2326 venditione
598 2261 731 2328 lucrum
746 2264 919 2348 quaritur,
933 2263 1063 2328 fuerint
1076 2263 1214 2328 aliunde
1225 2269 1396 2346 coempta
1407 2261 1462 2326 vel
1473 2279 1565 2326 oom-

387 2374 524 2452 paratae,
542 2389 612 2436 non
634 2377 751 2436 autem
772 2391 815 2436 ex
833 2373 978 2455 propriis
992 2357 1107 2436 fundis
1128 2371 1345 2446 clericorum,
1366 2371 1566 2454 prohibetur

387 2479 550 2555 venditio,
568 2479 596 2543 si
609 2479 799 2545 intentione
809 2479 894 2544 lucri
907 2485 1109 2545 coemantur
1119 2485 1158 2544 ut
1168 2479 1474 2543 meliorataecarius
1483 2495 1566 2542 ven-

387 2587 530 2652 dantur:
549 2594 601 2652 est
619 2589 805 2670 negotiatio
819 2591 955 2673 proprie
973 2589 1072 2654 dicta.
1088 2589 1148 2664 lta,
1165 2587 1277 2673 quoad
1293 2593 1473 2672 utramque
1490 2605 1565 2670 par-

387 2701 457 2758 tem
473 2695 710 2774 distinctionis,
728 2699 921 2763 communis
931 2699 1113 2776 sententia,
1126 2715 1202 2780 quas
1213 2695 1419 2760 fundaturin
1429 2699 1567 2758 rectaet

386 2804 774 2887 obviainterpretatione
784 2805 870 2888 legis
880 2805 1128 2870 ecclesiasticae.
1137 2805 1266 2870 lterum
1275 2808 1433 2889 quaerunt
1447 2801 1504 2866 GC.
1520 2821 1566 2867 an

387 2913 494 2976 sinon
506 2911 590 2976 lucri
605 2931 700 2978 mero
716 2914 840 2990 studio,
857 2913 918 2978 sed
934 2913 1057 2978 exalia
1072 2914 1140 2977 flue
1152 2913 1298 2978 honesto
1308 2931 1362 2976 res
1375 2909 1566 2976 emantole-

384 3019 444 3083 rioi
459 3023 493 3084 et
506 3019 668 3101 religiosi,
685 3029 757 3085 arte
773 3027 808 3086 et
824 3020 992 3085 industria
1004 3040 1067 3086 sua
1079 3022 1290 3098 immutatas,
1306 3024 1439 3103 possint
1452 3020 1566 3085 carius

385 3127 554 3192 vendere?
574 3127 667 3192 Multi
684 3129 866 3204 aissrmant,
891 3129 970 3212 quia
990 3133 1030 3192 ut
1048 3129 1235 3210 negotiatio
1254 3129 1298 3192 sit
1318 3129 1486 3212 prohibita
1499 3126 1567 3191 cle-

384 3235 473 3313 11111,
500 3236 567 3301 duo
589 3235 831 3320 requiruntur:
859 3235 891 3298 1ο
914 3240 953 3299 ut
971 3254 1026 3300 res
1048 3242 1183 3301 ematur
1201 3241 1237 3300 et
1260 3240 1394 3301 mutata
1414 3234 1470 3298 vel
1493 3252 1566 3300 non

385 3347 516 3410 mutata
539 3344 727 3420 vendatur;
752 3344 784 3406 9⁰
804 3348 842 3406 ut
864 3348 999 3408 ematur
1021 3344 1131 3425 gratia
1150 3343 1234 3408 lucri
1250 3361 1309 3407 seu
1334 3347 1485 3427 quaestus
1506 3340 1568 3406 de—

384 3450 464 3516 inde
479 3452 663 3535 quaerendi,
681 3471 722 3516 ea
736 3451 847 3516 carius
861 3451 1010 3516 vendita.
1028 3451 1132 3517 Porro
1147 3452 1183 3516 in
1196 3452 1363 3527 hoccasu,
1375 3451 1568 3515 1111111111-

383 3564 505 3623 cantur
526 3559 592 3623 illae
616 3559 692 3624 duae
715 3559 941 3624 conditiones.
964 3559 1082 3636 Quoad
1103 3577 1203 3624 casus
1225 3558 1458 3642 particulares,
1485 3557 1565 3622 vide

384 3668 489 3743 Lesa,
505 3667 546 3732 de
561 3667 662 3747 Just,
680 3665 703 3730 l.
731 3666 770 3744 ll,
785 3685 814 3732 1.
834 3667 885 3731 tt.

425 3775 455 3854 1)
478 3773 550 3839 Sub
575 3775 695 3858 quibus
714 3777 825 3860 poenz’r
840 3773 1065 3860 prohibeatur
1084 3783 1278 3839 mercatura
1297 3773 1445 3839 clericis?
1468 3777 1500 3838 1⁹
1520 3771 1563 3838 Ut

381 3881 454 3965 jam
469 3882 628 3960 diximus,
645 3900 739 3947 conc.
752 3883 838 3947 Trid.
852 3887 948 3965 (sess.
967 3883 1018 3958 9⁰2,
1040 3901 1068 3946 1.
1091 3885 1121 3961 1,
1135 3882 1290 3966 11111111,
1308 3888 1386 3966 post
1407 3901 1435 3947 1.
1454 3882 1519 3946 ch.
1536 3888 1561 3944 t.

384 3995 419 4053 et
446 3991 512 4055 alia
536 3993 615 4074 jura
637 3991 839 4074 antiquiora,
860 4009 1000 4072 poenam
1026 3991 1390 4055 excommunicationis
1413 3991 1566 4054 decrevit

383 4105 501 4162 contra
537 4099 677 4162 clericos
708 4099 977 4180 negotiationem
1004 4097 1211 4180 prohibitam
1246 4104 1455 4163 exercentes.
1485 4097 1565 4160 llaec

383 4225 486 4289 prena
498 4225 589 4270 nunc
603 4207 638 4269 in
648 4192 766 4287 vigore
782 4213 899 4270 manet
911 4213 990 4286 post
999 4212 1107 4271 const.
1120 4207 1320 4291 Apostolicar
1336 4205 1435 4271 Sedis
1449 4205 1496 4268 Pii
1507 4204 1562 4280 lll,

384 4314 463 4396 quia
479 4313 536 4378 illa
551 4315 857 4377 excommunicatio
872 4319 924 4376 est
937 4313 1088 4377 ferendae
1103 4313 1294 4376 sententiae.

421 4421 454 4484 2⁰
469 4421 595 4484 Praeter
609 4419 702 4484 illam
727 4437 801 4503 quae
824 4421 933 4484 fertur
948 4425 1072 4498 ,contra
1091 4439 1212 4484 omnes
1239 4420 1380 4485 clericos
1396 4421 1450 4485 vel
1464 4439 1564 4500 regu-

383 4529 490 4603 lares,
521 4526 676 4611 specialis
703 4527 898 4591 decernitur
919 4534 1038 4592 contra
1066 4527 1301 4592 missionarios
1330 4527 1499 4611 quoslihet
1526 4529 1562 4592 in

384 4635 487 4700 indiis
502 4635 724 4700 orientalibus
737 4641 771 4698 et
785 4636 940 4700 America
954 4636 1141 4700 existentes
1155 4636 1212 4719 qui
1223 4643 1451 4700 mercaturam
1465 4651 1563 4698 exer-

383 4751 482 4821 cent;
497 4763 601 4827 poena
612 4742 670 4808 illa
685 4748 738 4806 est
749 4743 1057 4808 excommunicatio
1074 4741 1151 4808 latae
1166 4743 1345 4808 sententiae
1359 4747 1394 4807 et
1406 4742 1562 4807 Romano
