3498 5572
337 551 397 613 lb'l
797 573 848 616 rus
869 570 1048 616 carcaram.

334 689 367 751 iu
383 687 564 752 utilitatem
574 688 714 752 altanus
725 693 760 752 et
772 690 815 752 ab
826 689 900 772 ipso
908 694 1132 771 acceptatum,
1141 689 1197 772 qui
1210 689 1274 754 bac
1283 691 1513 772 acceptatione

333 799 486 880 lactajus
500 798 681 882 acquisivit
693 798 737 862 ad
751 815 824 862 rem
842 798 1046 882 promissam
1069 817 1076 859 :
1093 816 1137 862 ex
1154 798 1257 862 citata
1272 798 1515 862 constitutione

336 905 461 970 Bened.
484 905 564 969 lllll.
587 907 653 972 Sed
675 925 754 972 cum
767 925 939 971 consensu
956 907 1047 971 tertii
1061 911 1143 972 vota
1153 907 1356 972 commutari
1370 913 1516 990 possunt

335 1008 367 1071 Si
380 1013 499 1074 votum
510 1009 693 1074 nonluerit
705 1015 932 1094 acceptatum,
949 1015 1064 1092 potest
1076 1011 1293 1084 commutari,
1305 1009 1515 1093 qrnaobliga-

337 1117 385 1181 tio
398 1136 481 1198 erga
495 1118 634 1181 tertium
648 1118 802 1182 nondum
812 1123 865 1182 est
876 1121 1060 1196 contracta.
1072 1119 1105 1180 3·
1119 1117 1162 1180 Ut
1170 1119 1394 1182 commutatio
1402 1119 1463 1182 flat
1473 1137 1514 1182 ex

333 1228 429 1306 justa
439 1243 552 1290 causa.
571 1225 697 1290 Tamen
712 1226 740 1288 si
755 1226 854 1290 fleret
871 1225 905 1288 in
920 1223 1056 1300 melius,
1078 1225 1152 1308 ipsa
1167 1225 1365 1306 subrogatio
1379 1226 1427 1288 rei
1446 1245 1517 1290 me-

337 1331 430 1396 lioris
438 1337 531 1397 esset
538 1335 633 1415 juata
642 1351 746 1398 causa
754 1332 1034 1398 commutationis
1046 1352 1054 1394 :
1066 1333 1127 1396 sed
1134 1335 1235 1414 juxta
1243 1333 1516 1397 communiorem

338 1440 555 1515 seutentiam,
581 1440 624 1504 ad
648 1440 795 1504 validam
811 1439 1117 1504 commutationem
1140 1440 1176 1502 in
1200 1457 1287 1521 opus
1310 1439 1441 1522 aequale
1462 1439 1517 1504 vel

338 1548 464 1624 minus,
490 1547 673 1630 requiritur
695 1551 789 1629 justa
818 1565 940 1620 causa;
972 1551 1087 1610 tamen
1111 1546 1218 1611 altera
1243 1547 1413 1611 sententia
1442 1565 1517 1630 quar

340 1656 483 1738 requirit
496 1671 635 1718 causam
649 1654 693 1718 ad
707 1653 890 1718 liceitatem
909 1659 1042 1718 tantum
1061 1654 1352 1729 commutationis,
1376 1659 1429 1718 est
1440 1673 1518 1737 pro-

340 1762 461 1828 babilis
477 1763 582 1826 :ratio
593 1767 655 1836 est,
667 1763 747 1846 quia
757 1779 855 1826 secus
868 1761 1006 1826 obnoxii
1022 1763 1373 1830 lorentanxietatibus
1383 1767 1418 1826 et
1428 1781 1518 1827 scru-

342 1871 430 1954 pulis
445 1869 491 1933 illi
507 1887 653 1952 quorum
664 1874 745 1934 vota
760 1873 1024 1934 commutantur.

727 2302 941 2376 TITULUS
974 2302 1129 2374 XXXV.

489 2501 525 2544 ou
549 2499 641 2544 STATU
666 2498 870 2544 Moracrrottust
893 2498 929 2540 BT
950 2498 1158 2542 casonlcono'n
1180 2498 1384 2544 naucularum.

386 2853 548 2930 Quadam
560 2853 693 2936 pratari
709 2852 940 2934 oportetcirca
950 2851 1106 2915 ordinem
1117 2851 1293 2916 titulorum
1302 2857 1338 2916 et
1348 2855 1522 2937 proprium

346 2964 518 3044 objectum
532 2962 635 3043 lmjus
648 2959 735 3023 tituli
752 2981 757 3021 :

386 3071 419 3132 l⁰
433 3067 550 3130 Titulis
573 3067 613 3131 de
641 3067 899 3130 transeuntibus
924 3067 1087 3131 advitam
1108 3066 1304 3148 religiosam
1321 3073 1356 3132 et
1378 3067 1525 3132 devotis

348 3177 470 3260 quibus
485 3175 703 3239 constituitur
717 3174 787 3238 vita
801 3174 971 3255 religiosa,
988 3175 1208 3256 subjungitur
1226 3194 1378 3258 praesens
1393 3175 1522 3250 titulus,

349 3285 382 3347 in
399 3301 466 3368 quo
481 3283 642 3346 delinitur
654 3281 726 3364 ipse
738 3285 846 3346 status
861 3281 1110 3362 religiosorum.
1123 3283 1526 3350 Licetinrubricamoua-

349 3395 401 3457 chi
424 3393 713 3473 distinguantura
733 3393 905 3456 canonicis
921 3391 1145 3474 regularibus,
1170 3397 1284 3458 tamen
1297 3393 1527 3458 communiter

351 3501 385 3564 in
397 3504 486 3583 ,iura
515 3500 654 3564 nomine
670 3501 917 3564 monachorum
933 3500 1078 3564 veniunt
1090 3499 1240 3581 religiosi
1255 3504 1422 3584 quusque
1437 3501 1527 3566 ordi-

351 3609 403 3672 nis
420 3629 427 3671 :
444 3607 525 3672 olim
547 3607 701 3672 canonici
729 3609 843 3690 reipsa
867 3607 1166 3688 distinguebantur
1191 3626 1211 3671 a
1233 3609 1419 3684 monachis,
1448 3609 1528 3692 quia

352 3721 431 3781 aitte
448 3716 610 3780 seculum
627 3733 661 3778 xr
675 3720 756 3779 vota
777 3715 1012 3779 substantialia
1033 3715 1112 3780 vitae
1126 3715 1294 3798 religiosa
1309 3735 1379 3781 non
1395 3717 1527 3780 emitte·

352 3826 449 3900 bant;
468 3823 617 3888 sedinde
628 3843 648 3886 a
659 3827 813 3906 tempore
829 3823 861 3886 S.
878 3821 968 3886 Petri
979 3823 1144 3900 Damiani,
1157 3829 1266 3888 status
1284 3825 1527 3889 canonicorum

349 3932 559 4014 regularium
569 3951 611 3996 ex
619 3933 831 4016 professione
847 3933 951 3996 trium
961 3937 1120 3998 votorum
1136 3933 1409 3998 substantialium
1418 3936 1529 3999 factus

351 4046 404 4104 est
418 4042 509 4106 idem
522 4061 560 4106 ac
580 4047 688 4106 status
706 4043 962 4106 monachornm.
986 4041 1069 4105 ilinc
1084 4047 1178 4124 patet
1196 4061 1300 4124 quare
1316 4044 1450 4107 rubrica
1464 4044 1528 4108 dis-

355 4150 487 4230 tinguit,
505 4155 539 4214 ct
554 4169 617 4214 nos
632 4169 701 4214 non
716 4151 969 4232 distinguimus.

394 4257 425 4320 2⁰
447 4259 561 4322 Status
582 4259 617 4320 in
635 4276 765 4338 genere
786 4263 839 4321 est
859 4262 952 4322 certa
977 4259 1115 4322 vivendi
1135 4259 1220 4322 ratio
1247 4277 1314 4342 qua
1335 4260 1411 4343 quis
1432 4260 1531 4324 alteri

358 4365 623 4432 irrevocabiliter
638 4365 838 4430 devincitur.
865 4367 902 4430 ln
927 4365 1075 4432 Ecclesia
1090 4371 1198 4431 status
1220 4367 1299 4432 vitae
1322 4367 1445 4451 triplex
1463 4368 1530 4432 dis-

358 4475 546 4555 tinguitur:
565 4474 744 4554 clericalis,
778 4476 983 4538 morturtr'cus
1008 4479 1042 4537 et
1074 4475 1282 4559 conjugalis,
1314 4495 1381 4559 quo
1405 4475 1528 4550 clerici,

358 4581 533 4663 speciatim
563 4582 741 4664 episeopus
761 4583 931 4656 ecclesias,
955 4583 1113 4647 monachi
1144 4583 1319 4665 religioni,
1348 4589 1383 4648 et
1404 4587 1532 4666 conjux

356 4688 492 4770 conjugi
509 4688 711 4769 obligantur.
