3488 5564
227 691 232 700 Ι
502 631 589 677 arena
611 629 763 678 sadunous
784 631 1007 676 praeeramus.
1304 613 1340 675 ti

172 747 201 806 3·
214 745 391 830 Perpetuat
400 747 672 830 jurisdictionem
684 747 819 832 judicie,
837 753 907 813 tam
920 747 1126 812 ordinariam
1142 763 1244 831 quam
1257 747 1344 812 dele·

172 863 295 937 potam,
311 873 393 918 nem
406 855 565 920 citatione
577 859 650 938 ‚iam
666 857 864 932 emissuros
879 856 1024 939 amplius
1038 875 1108 920 non
1123 859 1176 920 est
1189 856 1341 937 integra:
1450 863 1456 882 ·

172 963 214 1026 ita
237 979 398 1045 expresse
420 965 478 1045 jus
498 963 595 1028 Rom.
612 963 645 1026 4⁰
665 963 1197 1047 Interrumpitprescriptionem,
1222 962 1343 1027 saltem

171 1069 330 1144 odiosam,
348 1070 383 1132 id
397 1074 459 1145 est,
472 1087 550 1155 'quae
566 1074 700 1136 tantum
715 1073 758 1135 ob
773 1071 1019 1153 negligentiam
1032 1069 1162 1136 domini
1175 1073 1227 1134 est
1241 1069 1343 1132 intro-

171 1175 275 1252 ducta,
293 1175 469 1241 scilieet30
482 1177 537 1241 vel
550 1177 591 1242 do
610 1195 779 1242 annorum
795 1181 864 1260 (jus
879 1178 1000 1258 Rom).

617 1551 803 1626 TITULUS
830 1551 887 1625 IV.

476 1723 519 1769 aa
544 1724 679 1770 nuruis
705 1725 958 1770 rerrrronreus
979 1705 1031 1788 (i).

411 2046 431 2094 i.
449 2042 519 2104 Quid
539 2041 714 2110 intelligetur
730 2053 780 2108 per
795 2041 911 2094 mutuas
928 2039 1100 2104 petitiones?

204 2175 232 2237 Ρ
246 2175 390 2250 Quando
405 2197 484 2241 rens
500 2179 593 2242 videt
605 2177 757 2242 libellum
779 2176 913 2250 actoris,
931 2174 1018 2239 solet
1032 2173 1157 2256 aliquid
1173 2174 1215 2237 ah
1230 2178 1343 2237 actore

166 2287 276 2362 petere
292 2285 515 2367 proponendo
530 2287 699 2352 actionem
713 2291 832 2349 contra
843 2289 1004 2348 actorem.
1017 2283 1093 2344 Hac
1103 2282 1190 2345 aetio
1204 2285 1345 2345 vocatur

165 2399 282 2454 inretire
292 2394 426 2475 petitio,
444 2411 504 2457 sen
526 2395 747 2457 reconvenire.
767 2392 884 2476 ltaque
909 2395 1037 2454 mutum
1059 2389 1241 2473 petitiones
1264 2393 1345 2452 sunt

165 2500 347 2562 conventio
376 2519 479 2584 quem
502 2503 613 2584 primo
634 2505 728 2566 actor
751 2500 897 2588 institnit
920 2503 1039 2563 contra
1052 2516 1161 2574 reum,
1180 2503 1214 2560 et
1227 2516 1344 2562 reoon-

167 2606 277 2669 ventio
310 2625 414 2688 quam
439 2625 518 2672 rens
544 2609 693 2672 vicissim
716 2608 863 2670 instituit
887 2606 1052 2670 adversus
1078 2609 1244 2680 actorem;
1262 2604 1344 2669 dnm

164 2717 255 2777 actor
276 2732 380 2777 snum
404 2713 556 2806 libeiipm
570 2715 605 2778 in
621 2713 749 2798 judicio
769 2715 879 2789 affert,
895 2731 992 2777 reum
1007 2711 1190 2777 convenire
1205 2711 1341 2786 dicitur;

165 2819 242 2884 deun
257 2840 340 2886 reus
354 2841 455 2886 suum
470 2821 622 2886 libellum
638 2823 787 2887 vicissim
804 2821 914 2896 tradit,
928 2821 1049 2884 dicitur
1063 2824 1214 2884 actorem
1228 2838 1344 2884 recon-

165 2930 277 2993 venire
294 2931 369 3011 (c.i
394 2935 428 2994 et
450 2929 516 2993 ih.
536 2931 582 3010 t).
599 2929 656 2992 Est
677 2931 771 2994 omni
790 2932 868 3012 jure
895 2933 1030 3011 recepta
1056 2927 1287 2998 removentis,
1311 2931 1345 2988 et

164 3036 326 3102 fundatur
338 3037 421 3102 alias
436 3038 471 3101 in
484 3039 642 3121 aeqnitute
658 3036 813 3112 naturali,
832 3055 907 3120 quae
923 3037 1027 3117 exigit
1042 3040 1080 3098 ut
1094 3053 1172 3098 reus
1187 3035 1293 3118 possit
1308 3053 1343 3096 se

164 3142 346 3208 defendere
363 3145 485 3209 eodem
497 3145 625 3227 jndicio
641 3149 676 3209 et
687 3163 802 3209 coram
818 3143 939 3208 eodem
952 3141 1077 3225 judice,
1092 3147 1126 3205 et
1136 3142 1345 3205 itaminuan-

165 3253 216 3312 tur
229 3269 391 3334 expensae
407 3256 509 3336 atque
524 3271 627 3316 causa
642 3253 765 3316 melius
779 3255 1015 3332 cognoscatur.

200 3357 230 3420 9·
246 3358 481 3424 Reoonventio
496 3361 571 3422 iteri
586 3359 686 3424 debet
700 3359 735 3422 in
749 3358 870 3422 eodem
885 3357 1025 3440 judicic,
1043 3375 1141 3421 secus
1164 3375 1233 3422 non
1255 3361 1346 3420 esset

165 3467 395 3542 reconventio‚
412 3467 472 3530 sed
485 3467 683 3550 simpliciter
696 3486 787 3533 nova
800 3466 994 3531 conventio.
1016 3465 1055 3528 Et
1069 3465 1146 3529 ideo
1162 3483 1346 3529 reoonven-

165 3574 208 3639 tio
222 3577 446 3659 proponenda
467 3581 519 3642 est
542 3577 584 3642 ad
608 3577 787 3642 exordium
806 3576 875 3639 litis
896 3579 974 3640 ente
992 3575 1277 3639 contestationem
1291 3573 1346 3638 vel

164 3679 395 3748 incontinente
410 3684 605 3767 postillam,
623 3688 807 3768 antequem
821 3684 1025 3766 procedatur
1038 3681 1192 3746 ulterius.

201 3791 232 3853 3ο
247 3789 288 3854 In
303 3792 433 3855 mutuis
447 3793 678 3876 petitionibus,
693 3809 784 3866 reus,
798 3790 941 3855 durante
952 3789 1079 3872 judicio
1095 3787 1343 3863 conventionis,

165 3898 283 3982 nequit
293 3898 478 3962 convenire
491 3917 606 3964 coram
620 3899 685 3963 elio
699 3898 823 3980 judice,
837 3898 902 3962 nisi
912 3897 1021 3980 judex
1034 3896 1188 3962 absolute
1200 3900 1347 3978 nequeat

166 4023 372 4086 cognoscere
386 4005 427 4070 de
443 4007 505 4070 hac
520 4025 633 4082 causa,
643 4005 698 4070 vel
713 4023 771 4070 reo
788 4011 965 4088 suspectus
979 4006 1037 4078 sit;
1050 4023 1117 4088 quo
1130 4021 1223 4078 casu,
1234 4001 1346 4065 causis

166 4113 365 4196 suspicionis
389 4113 572 4197 propositis
596 4114 685 4177 intra
713 4113 833 4194 viginti
855 4112 927 4176 dies
952 4116 986 4175 et
1011 4111 1163 4192 legitime
1182 4109 1344 4192 probetis,

166 4237 279 4284 eorem
295 4219 360 4284 alio
373 4221 487 4302 judice
501 4239 602 4303 agere
617 4219 705 4284 iicet.

436 4413 466 4464 ii.
484 4412 551 4474 Quis
569 4411 751 4466 reconvenire
768 4411 856 4476 possit
872 4411 901 4464 et
918 4410 953 4464 ad
971 4413 1075 4474 quem?

207 4547 238 4626 e)
269 4545 351 4626 (tue
382 4549 594 4614 reconvenire
631 4549 761 4632 posset?
795 4550 825 4613 1ο
844 4545 1076 4615 Reconvcnire
1101 4547 1213 4627 potest
1236 4542 1347 4608 omnis
1429 4631 1432 4636 Ι

202 4773 235 4834 tit
249 4773 308 4824 vid.
323 4773 387 4826 Cod.
402 4775 464 4838 cir„
478 4774 495 4826 l.
509 4775 528 4836 i,
545 4773 584 4826 tit.
602 4787 658 4826 xva
