3504 5566
371 524 430 592 tut
829 545 880 590 ms
900 546 1078 592 cnnomcurr.

372 665 526 722 dubitatur
550 664 586 721 de
609 663 743 722 nullitate
763 664 1085 722 excommunicationis
1109 663 1146 720 ab
1169 663 1290 722 homine
1312 663 1444 737 prefatae,
1470 665 1549 724 vela

369 755 448 827 J'uru,
464 755 489 811 si
502 759 639 812 occurrat
653 753 779 813 dubium
793 754 875 826 facti,
884 755 931 814 vel
947 753 1100 828 probabile
1114 753 1239 812 dubium
1251 754 1343 828 jnriS,
1357 755 1549 814 concedenda

372 844 443 912 crit.;
467 849 599 916 tuncque
629 845 665 902 ad
692 850 811 918 tempus
838 845 943 916 breve,
965 859 1034 903 cum
1058 844 1270 916 reincidentia,
1289 849 1319 902 et
1340 846 1473 918 praestita
1496 861 1549 919 per

372 934 664 993 excommunicatum
680 935 818 994 cautione
833 937 869 995 de
887 935 995 996 stando
1012 936 1074 1010 juri
1089 942 1119 994 et
1132 935 1265 1010 parendo
1283 935 1434 996 mandatis
1449 937 1547 996 Eccle-

373 1023 427 1081 sia·
439 1029 566 1094 tantum,
580 1031 609 1082 et
626 1026 651 1082 si
666 1025 753 1098 juxta
767 1027 894 1084 formam
908 1027 1004 1100 ajuro
1019 1027 1224 1100 proscriptam
1243 1025 1398 1099 apparebit
1417 1026 1547 1099 aliquem

372 1114 411 1172 ob
426 1114 771 1175 monifestamofieusam
784 1117 1077 1178 excommunicatum
1088 1118 1195 1188 fuisse,
1210 1115 1339 1176 debitam
1352 1116 1443 1176 etiam
1459 1117 1547 1174 satis-

372 1205 531 1264 factionem
543 1212 695 1279 praestare,
707 1212 737 1266 et
749 1207 774 1266 si
788 1207 1053 1266 obcontumaciam
1063 1207 1265 1278 manifestam,
1277 1221 1426 1280 expensas
1437 1207 1549 1280 pariter

372 1296 555 1368 satisfacere,
570 1303 599 1356 et
622 1312 725 1356 cavere
748 1297 785 1356 de
797 1297 912 1370 judicio
934 1299 1002 1356 sisti
1021 1312 1121 1357 coram
1151 1298 1453 1368 excommunicatore,
1477 1298 1547 1371 quis

373 1386 532 1459 tenebitur,
547 1389 726 1462 priusquam
741 1388 777 1446 ad
793 1377 1136 1448 cautelam'absolvatur.

408 1479 479 1536 xiv.
492 1481 515 1536 Α
530 1479 778 1538 sententiantium
788 1477 951 1549 definitiva,
966 1483 1071 1537 contra
1085 1491 1189 1537 verum
1201 1481 1408 1536 contumacem
1422 1477 1547 1550 prolata,

372 1566 529 1640 appeliatio
537 1583 597 1627 non
607 1569 779 1642 recipiatur,
787 1584 842 1628 nec
852 1567 1051 1627 inhibitioaut
1060 1567 1119 1626 alia
1129 1566 1244 1640 quaevis
1254 1565 1547 1641 provisio,quamdiu

373 1657 527 1730 appettans
543 1659 574 1718 in
587 1659 760 1732 hujusmodi
774 1673 845 1718 vera
856 1658 1045 1721 contumacia
1055 1658 1226 1732 perstiterit,
1243 1657 1434 1719 concedatur.
