3488 5568
383 530 443 602 338
843 547 894 603 los
915 551 1096 604 caaoarcmt.
1149 551 1153 565 '

383 674 550 754 parochos
565 671 736 750 domicilii,
754 677 882 757 rejecta
894 677 1119 760 praetentione
1131 675 1268 758 parochi
1284 673 1434 742 ecclesiae
1449 673 1563 744 cathe-

385 781 508 856 dralis;
529 782 599 846 imo
626 801 695 846 non
713 783 900 866 requiritur
922 784 1059 848 licentIa
1084 783 1198 866 aliqua
1218 783 1331 866 quoad
1353 787 1563 869 baptismum

385 887 585 952 infidelium.

424 997 456 1059 I·
470 996 539 1062 lloc
558 999 617 1078 jus
637 999 865 1080 parochorum
885 999 934 1064 ita
947 1007 1108 1066 censetur
1121 1001 1307 1086 pmprium,
1329 1007 1369 1065 ut
1382 1003 1563 1086 episcopus

384 1109 533 1186 nequeat
547 1104 620 1168 sine
635 1105 731 1186 gravi
746 1123 850 1170 causa
863 1105 1022 1188 delegare
1037 1107 1168 1172 alienos
1183 1108 1377 1173 sacerdotes
1391 1109 1434 1173 ad
1445 1110 1564 1174 minis·

385 1211 544 1276 trandum
567 1213 777 1295 baptismum
799 1214 907 1279 insito
932 1217 1092 1298 parocho,
1109 1223 1148 1280 ut
1168 1233 1239 1281 non
1255 1215 1363 1281 semel
1379 1215 1564 1282 declaravit

383 1321 415 1382 S.
425 1319 546 1402 Gongr.
556 1320 656 1386 Gonc.
675 1341 682 1384 :
702 1322 858 1405 palmum
873 1323 1048 1388 decretum
1058 1325 1166 1388 latum
1176 1325 1241 1388 fuit
1254 1323 1308 1388 die
1322 1325 1357 1388 at
1377 1325 1560 1406 aug.l580;

253 1517 254 1522 ἵ
383 1435 502 1510 postea
515 1447 536 1493 a
548 1430 753 1514 quibusdam
765 1431 921 1514 parochis
941 1433 1087 1498 civitatis
1108 1433 1336 1516 Neapohtanae
1351 1434 1564 1514 interrogata

383 1561 399 1592 «
421 1555 466 1599 an
487 1537 741 1620 archiepiscopo
765 1538 897 1603 licItum
923 1541 968 1602 sit
990 1541 1195 1623 baptIsmata
1216 1559 1404 1622 puerorum
1425 1541 1461 1603 in
1484 1540 1564 1604 aliis

382 1645 550 1727 parochiis
572 1650 732 1710 natorum
749 1653 915 1730 perpetuo
938 1647 994 1711 vel
1015 1649 1215 1732 frequenter
1236 1647 1394 1730 delegare
1411 1649 1563 1732 parocho

382 1752 533 1817 ecclesias
546 1753 776 1819 cathedralis?
792 1779 808 1812 a
823 1755 1001 1838 respondit
1014 1755 1105 1840 quod
1114 1757 1142 1820 si
1158 1755 1564 1839 episcopusvolueritper

382 1881 419 1925 se
434 1861 603 1944 baptizare
618 1861 764 1938 adultos,
782 1862 825 1927 ad
839 1864 1035 1948 episcopum
1051 1864 1268 1938 delerentur;
1295 1863 1378 1928 alias
1392 1864 1563 1945 parochus

386 1971 546 2052 proprius
559 1974 675 2035 utatur
684 1975 763 2054 jure
779 1991 841 2036 suo
858 1975 960 2054 (anno
972 1973 1074 2054 1687).

821 2307 993 2370 TITULUS
1017 2307 1123 2369 XLIII.

699 2446 748 2500 De
763 2447 963 2513 presbytero
979 2461 1047 2501 non
1062 2448 1242 2514 captante.

422 2735 454 2815 α)
476 2729 534 2798 llic
549 2729 668 2796 titulus
683 2739 736 2796 est
750 2731 919 2816 appendis
935 2732 1130 2815 superioris,
1149 2737 1184 2796 et
1196 2732 1231 2795 in
1246 2733 1320 2815 ipso
1336 2733 1500 2816 quaentur
1513 2750 1561 2797 an

381 2843 518 2906 valeant
533 2847 609 2906 acta
628 2842 818 2924 presbyteri
836 2859 906 2906 non
929 2841 1099 2924 baptizati.
1122 2839 1240 2924 ltaque
1256 2879 1294 2887 -
1309 2843 1341 2906 l·
1362 2841 1405 2906 ad
1420 2842 1563 2906 ordines

382 2955 416 3012 et
434 2955 558 3014 caetera
581 2953 796 3013 sacramenta
808 2949 1035 3032 percipienda,
1061 2949 1275 3013 necessarius
1303 2955 1356 3014 est
1370 2949 1564 3032 baptismus

381 3075 489 3140 aquae,
506 3061 544 3120 ut
556 3055 741 3120 ostendunt
755 3055 814 3119 I'l.
829 3077 837 3130 ;
860 3057 948 3122 sicut
962 3057 1131 3139 baptismo
1155 3057 1212 3120 via
1225 3058 1376 3140 aperitur
1393 3056 1436 3121 ad
1449 3056 1563 3121 Eccle-

382 3167 468 3229 siam
492 3165 771 3246 triumphantem,
788 3167 835 3230 ita
856 3167 961 3230 etiam
975 3166 1019 3229 ad
1042 3169 1165 3230 caetera
1180 3170 1393 3231 sacramenta
1408 3169 1442 3230 et
1455 3184 1561 3246 gene-

383 3274 481 3338 ratim
496 3273 538 3338 ad
549 3273 732 3338 Ecclesiam
742 3274 945 3338 militantem
955 3277 1098 3358 ejusque
1112 3275 1212 3339 hona.
1230 3273 1347 3358 ltaque
1362 3279 1494 3338 certum
1505 3277 1563 3337 est

382 3401 451 3446 non
466 3381 579 3446 valere
590 3386 666 3446 acta
678 3381 863 3446 sacerdotis
873 3401 942 3446 non
952 3383 1110 3464 baptizati
1123 3401 1199 3466 quae
1212 3383 1365 3466 pendent
1374 3381 1559 3456 ahordine,

382 3495 419 3550 ut
432 3489 599 3553 conlectio
614 3487 842 3568 Eucharistiae,
855 3489 1088 3554 absolutiones
1103 3489 1293 3574 apeccatis,
1307 3489 1560 3556 administratio

382 3603 544 3661 extremae
570 3598 758 3673 unctionis,
789 3615 868 3662 cum
891 3595 1038 3662 Ecclesia
1067 3597 1239 3662 defectum
1263 3601 1560 3662 sacramentorum

382 3705 538 3790 supplere
553 3711 713 3790 nequeat.

421 3813 453 3877 2·
466 3815 569 3877 Actus
583 3814 641 3897 qui
654 3815 697 3878 ah
718 3813 838 3878 ordine
853 3831 933 3877 vere
949 3819 1118 3896 suscepto,
1133 3833 1173 3878 ac
1190 3813 1334 3898 proinde
1349 3833 1370 3878 a
1386 3814 1559 3897 baptismo

383 3941 425 3984 ox
440 3921 554 3984 diuina
568 3921 781 3984 institutione
800 3939 870 3984 non
885 3919 1046 4004 pendent,
1064 3925 1145 3983 sunt
1167 3919 1280 3994 validi,
1301 3919 1437 4003 quando
1461 3939 1561 3986 exer·

381 4034 502 4092 centur
523 4030 565 4094 ab
590 4047 631 4092 eo
653 4029 711 4111 qui
743 4029 917 4092 communi
940 4047 1054 4092 errore
1077 4047 1139 4110 pro
1166 4028 1366 4110 presbytero
1390 4029 1557 4105 hahetur,

382 4155 530 4220 namque
543 4139 609 4202 hoc
623 4137 729 4218 exigit
750 4136 878 4200 utilitas
898 4135 1042 4219 publica.

423 4247 453 4328 d)
467 4245 505 4313 ln
516 4247 705 4330 specienon
716 4252 768 4310 ast
777 4245 985 4328 repetendus
995 4247 1185 4329 baptismus
1194 4263 1297 4330 quem
1310 4243 1384 4310 talis
1397 4244 1559 4312 sacerdos

382 4353 541 4431 contulit,
560 4347 648 4438 ¹quia
676 4354 787 4438 quivis
804 4354 910 4418 homo
932 4351 1044 4418 valide
1065 4353 1233 4436 baptizat;
1255 4354 1340 4418 itam
1356 4372 1421 4418 nec
1444 4354 1559 4416 matri-

382 4464 538 4527 monium
552 4464 607 4528 cui
631 4462 707 4528 talis
729 4461 888 4528 sacerdos
908 4459 1048 4539 adstitit,
1065 4463 1146 4546 quia
1171 4463 1206 4525 in
1219 4461 1438 4526 matrimonio
1461 4479 1559 4544 paro-

383 4571 467 4634 chus
481 4589 551 4635 non
569 4575 705 4636 exercet
724 4571 875 4636 officium
892 4569 1041 4634 ministri
1061 4570 1275 4646 sacramenti,
1299 4567 1360 4633 sed
1378 4571 1454 4651 ejus
1471 4585 1558 4651 prae·

384 4679 494 4744 sentia
520 4679 703 4763 requiritur
726 4697 787 4763 per
801 4677 944 4743 modum
968 4675 1165 4756 excellentis
1188 4676 1296 4753 testis,
1320 4693 1364 4740 or
1386 4677 1557 4760 praecepto
