<?xml version="1.0" encoding="UTF-8"?>
<!DOCTYPE html PUBLIC "-//W3C//DTD XHTML 1.0 Transitional//EN"
    "http://www.w3.org/TR/xhtml1/DTD/xhtml1-transitional.dtd">
<html xmlns="http://www.w3.org/1999/xhtml" xml:lang="en" lang="en">
 <head>
  <title>
</title>
<meta http-equiv="Content-Type" content="text/html;charset=utf-8" />
  <meta name='ocr-system' content='tesseract 3.04.00' />
  <meta name='ocr-capabilities' content='ocr_page ocr_carea ocr_par ocr_line ocrx_word'/>
</head>
<body>
  <div class='ocr_page' id='page_1' title='image "./juscanonicumjux00grangoog_0498.png"; bbox 0 0 3498 5572; ppageno 0'>
   <div class='ocr_carea' id='block_1_1' title="bbox 327 599 1044 669">
    <p class='ocr_par' dir='ltr' id='par_1_1' title="bbox 327 599 1044 669">
     <span class='ocr_line' id='line_1_1' title="bbox 327 599 1044 669; baseline -0.004 0"><span class='ocrx_word' id='word_1_1' title='bbox 327 599 389 669; x_wconf 81' lang='grc'><strong>486</strong></span> <span class='ocrx_word' id='word_1_2' title='bbox 792 617 843 668; x_wconf 83' lang='lat' dir='ltr'><strong>sus</strong></span> <span class='ocrx_word' id='word_1_3' title='bbox 864 619 1044 666; x_wconf 78' lang='lat' dir='ltr'><strong>mnorrcuu.</strong></span> 
     </span>
    </p>
   </div>
   <div class='ocr_carea' id='block_1_2' title="bbox 327 737 1512 1152">
    <p class='ocr_par' dir='ltr' id='par_1_2' title="bbox 327 737 1512 1152">
     <span class='ocr_line' id='line_1_2' title="bbox 329 737 1512 824; baseline 0.003 -21"><span class='ocrx_word' id='word_1_4' title='bbox 329 741 476 804; x_wconf 84' lang='lat' dir='ltr'><strong>statione</strong></span> <span class='ocrx_word' id='word_1_5' title='bbox 491 757 608 805; x_wconf 89' lang='lat' dir='ltr'><strong>annua</strong></span> <span class='ocrx_word' id='word_1_6' title='bbox 625 757 762 816; x_wconf 89' lang='lat' dir='ltr'><strong>census,</strong></span> <span class='ocrx_word' id='word_1_7' title='bbox 777 757 848 804; x_wconf 91' lang='lat' dir='ltr'><strong>nen</strong></span> <span class='ocrx_word' id='word_1_8' title='bbox 872 743 964 804; x_wconf 89' lang='lat' dir='ltr'><strong>recte</strong></span> <span class='ocrx_word' id='word_1_9' title='bbox 988 740 1152 824; x_wconf 92' lang='lat' dir='ltr'><strong>probatur</strong></span> <span class='ocrx_word' id='word_1_10' title='bbox 1177 738 1345 821; x_wconf 81' lang='lat' dir='ltr'><strong>subJectio</strong></span> <span class='ocrx_word' id='word_1_11' title='bbox 1360 737 1512 806; x_wconf 80' lang='lat' dir='ltr'><strong>ecelesiae</strong></span> 
     </span>
     <span class='ocr_line' id='line_1_3' title="bbox 327 847 1512 933; baseline -0.002 -19"><span class='ocrx_word' id='word_1_12' title='bbox 327 866 471 915; x_wconf 91' lang='lat' dir='ltr'><strong>censum</strong></span> <span class='ocrx_word' id='word_1_13' title='bbox 484 848 723 933; x_wconf 89' lang='lat' dir='ltr'><strong>persolventis,</strong></span> <span class='ocrx_word' id='word_1_14' title='bbox 740 855 779 914; x_wconf 89' lang='lat' dir='ltr'><strong>ut</strong></span> <span class='ocrx_word' id='word_1_15' title='bbox 791 849 916 914; x_wconf 78' lang='lat' dir='ltr'>docent</span> <span class='ocrx_word' id='word_1_16' title='bbox 928 847 1222 914; x_wconf 84' lang='lat' dir='ltr'><strong>communiterGC.</strong></span> <span class='ocrx_word' id='word_1_17' title='bbox 1237 847 1335 914; x_wconf 85' lang='lat' dir='ltr'><strong>Ratio</strong></span> <span class='ocrx_word' id='word_1_18' title='bbox 1351 853 1414 926; x_wconf 91' lang='lat' dir='ltr'><strong>est,</strong></span> <span class='ocrx_word' id='word_1_19' title='bbox 1432 849 1512 932; x_wconf 84' lang='lat' dir='ltr'><strong>quia</strong></span> 
     </span>
     <span class='ocr_line' id='line_1_4' title="bbox 327 955 1511 1040; baseline -0.002 -18"><span class='ocrx_word' id='word_1_20' title='bbox 327 975 452 1022; x_wconf 88' lang='lat' dir='ltr'><strong>census</strong></span> <span class='ocrx_word' id='word_1_21' title='bbox 466 955 553 1022; x_wconf 89' lang='lat' dir='ltr'><strong>solvi</strong></span> <span class='ocrx_word' id='word_1_22' title='bbox 566 962 680 1040; x_wconf 91' lang='lat' dir='ltr'><strong>potest</strong></span> <span class='ocrx_word' id='word_1_23' title='bbox 694 977 737 1022; x_wconf 86' lang='lat' dir='ltr'><strong>ex</strong></span> <span class='ocrx_word' id='word_1_24' title='bbox 751 957 826 1023; x_wconf 86' lang='lat' dir='ltr'><strong>aliis</strong></span> <span class='ocrx_word' id='word_1_25' title='bbox 840 959 952 1024; x_wconf 87' lang='lat' dir='ltr'><strong>causis</strong></span> <span class='ocrx_word' id='word_1_26' title='bbox 962 963 997 1023; x_wconf 92' lang='lat' dir='ltr'><strong>et</strong></span> <span class='ocrx_word' id='word_1_27' title='bbox 1011 957 1313 1040; x_wconf 88' lang='lat' dir='ltr'><strong>rationibusquam</strong></span> <span class='ocrx_word' id='word_1_28' title='bbox 1324 975 1367 1024; x_wconf 84' lang='lat' dir='ltr'><strong>ex</strong></span> <span class='ocrx_word' id='word_1_29' title='bbox 1380 957 1511 1020; x_wconf 89' lang='lat' dir='ltr'><strong>motivo</strong></span> 
     </span>
     <span class='ocr_line' id='line_1_5' title="bbox 328 1065 1113 1152; baseline -0.001 -23"><span class='ocrx_word' id='word_1_30' title='bbox 328 1065 561 1149; x_wconf 71' lang='lat' dir='ltr'><strong>subjectionis,</strong></span> <span class='ocrx_word' id='word_1_31' title='bbox 578 1070 617 1130; x_wconf 93' lang='lat' dir='ltr'><strong>ut</strong></span> <span class='ocrx_word' id='word_1_32' title='bbox 628 1071 763 1133; x_wconf 89' lang='lat' dir='ltr'><strong>constat</strong></span> <span class='ocrx_word' id='word_1_33' title='bbox 778 1067 990 1152; x_wconf 86' lang='lat' dir='ltr'><strong>exsuperius</strong></span> <span class='ocrx_word' id='word_1_34' title='bbox 1005 1066 1113 1132; x_wconf 88' lang='lat' dir='ltr'><strong>dictis.</strong></span> 
     </span>
    </p>
   </div>
   <div class='ocr_carea' id='block_1_3' title="bbox 328 1173 1519 4392">
    <p class='ocr_par' dir='ltr' id='par_1_3' title="bbox 328 1173 1513 1474">
     <span class='ocr_line' id='line_1_6' title="bbox 367 1173 1513 1259; baseline -0.001 -21"><span class='ocrx_word' id='word_1_35' title='bbox 367 1173 511 1239; x_wconf 78' lang='lat' dir='ltr'><strong>Necesse</strong></span> <span class='ocrx_word' id='word_1_36' title='bbox 527 1179 580 1238; x_wconf 87' lang='lat' dir='ltr'><strong>est</strong></span> <span class='ocrx_word' id='word_1_37' title='bbox 594 1192 677 1256; x_wconf 84' lang='lat' dir='ltr'><strong>ergo</strong></span> <span class='ocrx_word' id='word_1_38' title='bbox 692 1175 985 1259; x_wconf 89' lang='lat' dir='ltr'><strong>adprobationem</strong></span> <span class='ocrx_word' id='word_1_39' title='bbox 1000 1175 1232 1258; x_wconf 88' lang='lat' dir='ltr'><strong>subjectionis,</strong></span> <span class='ocrx_word' id='word_1_40' title='bbox 1247 1179 1286 1238; x_wconf 91' lang='lat' dir='ltr'><strong>ut</strong></span> <span class='ocrx_word' id='word_1_41' title='bbox 1299 1173 1353 1238; x_wconf 82' lang='lat' dir='ltr'><strong>vel</strong></span> <span class='ocrx_word' id='word_1_42' title='bbox 1370 1173 1406 1237; x_wconf 93' lang='lat' dir='ltr'><strong>in</strong></span> <span class='ocrx_word' id='word_1_43' title='bbox 1422 1173 1513 1238; x_wconf 91' lang='lat' dir='ltr'><strong>solu-</strong></span> 
     </span>
     <span class='ocr_line' id='line_1_7' title="bbox 329 1280 1512 1365; baseline 0 -20"><span class='ocrx_word' id='word_1_44' title='bbox 329 1282 422 1347; x_wconf 85' lang='lat' dir='ltr'><strong>tione</strong></span> <span class='ocrx_word' id='word_1_45' title='bbox 446 1300 648 1365; x_wconf 84' lang='lat' dir='ltr'><strong>expressum</strong></span> <span class='ocrx_word' id='word_1_46' title='bbox 670 1281 715 1346; x_wconf 91' lang='lat' dir='ltr'><strong>sit</strong></span> <span class='ocrx_word' id='word_1_47' title='bbox 738 1301 814 1348; x_wconf 88' lang='lat' dir='ltr'><strong>eam</strong></span> <span class='ocrx_word' id='word_1_48' title='bbox 836 1283 910 1346; x_wconf 83' lang='lat' dir='ltr'><strong>lteri</strong></span> <span class='ocrx_word' id='word_1_49' title='bbox 931 1283 1063 1348; x_wconf 90' lang='lat' dir='ltr'><strong>ratione</strong></span> <span class='ocrx_word' id='word_1_50' title='bbox 1087 1282 1320 1365; x_wconf 88' lang='lat' dir='ltr'><strong>subjectionis,</strong></span> <span class='ocrx_word' id='word_1_51' title='bbox 1344 1280 1400 1346; x_wconf 89' lang='lat' dir='ltr'><strong>vel</strong></span> <span class='ocrx_word' id='word_1_52' title='bbox 1419 1281 1454 1345; x_wconf 95' lang='lat' dir='ltr'><strong>id</strong></span> <span class='ocrx_word' id='word_1_53' title='bbox 1469 1299 1512 1345; x_wconf 83' lang='lat' dir='ltr'><strong>ex</strong></span> 
     </span>
     <span class='ocr_line' id='line_1_8' title="bbox 328 1389 1314 1474; baseline -0.006 -17"><span class='ocrx_word' id='word_1_54' title='bbox 328 1389 591 1457; x_wconf 85' lang='lat' dir='ltr'><strong>circumstantiis</strong></span> <span class='ocrx_word' id='word_1_55' title='bbox 604 1389 681 1466; x_wconf 91' lang='lat' dir='ltr'><strong>loci,</strong></span> <span class='ocrx_word' id='word_1_56' title='bbox 696 1391 871 1474; x_wconf 90' lang='lat' dir='ltr'><strong>temperis,</strong></span> <span class='ocrx_word' id='word_1_57' title='bbox 888 1407 1126 1473; x_wconf 88' lang='lat' dir='ltr'><strong>personarum,</strong></span> <span class='ocrx_word' id='word_1_58' title='bbox 1142 1393 1314 1473; x_wconf 88' lang='lat' dir='ltr'><strong>appareat.</strong></span> 
     </span>
    </p>

    <p class='ocr_par' dir='ltr' id='par_1_4' title="bbox 330 1497 1514 2128">
     <span class='ocr_line' id='line_1_9' title="bbox 369 1497 1513 1582; baseline -0.002 -18"><span class='ocrx_word' id='word_1_59' title='bbox 369 1499 402 1564; x_wconf 75' lang='lat'><strong>2·</strong></span> <span class='ocrx_word' id='word_1_60' title='bbox 422 1497 551 1564; x_wconf 84' lang='lat' dir='ltr'><strong>Census</strong></span> <span class='ocrx_word' id='word_1_61' title='bbox 567 1501 742 1582; x_wconf 85' lang='lat' dir='ltr'><strong>probetur,</strong></span> <span class='ocrx_word' id='word_1_62' title='bbox 769 1499 805 1562; x_wconf 93' lang='lat' dir='ltr'><strong>in</strong></span> <span class='ocrx_word' id='word_1_63' title='bbox 826 1498 957 1562; x_wconf 83' lang='lat' dir='ltr'><strong>defectu</strong></span> <span class='ocrx_word' id='word_1_64' title='bbox 980 1497 1068 1561; x_wconf 91' lang='lat' dir='ltr'><strong>tituli</strong></span> <span class='ocrx_word' id='word_1_65' title='bbox 1085 1499 1283 1574; x_wconf 91' lang='lat' dir='ltr'><strong>authentici,</strong></span> <span class='ocrx_word' id='word_1_66' title='bbox 1306 1505 1380 1562; x_wconf 91' lang='lat' dir='ltr'><strong>tum</strong></span> <span class='ocrx_word' id='word_1_67' title='bbox 1401 1503 1513 1562; x_wconf 89' lang='lat' dir='ltr'><strong>osten-</strong></span> 
     </span>
     <span class='ocr_line' id='line_1_10' title="bbox 330 1605 1512 1692; baseline -0.002 -19"><span class='ocrx_word' id='word_1_68' title='bbox 330 1607 443 1673; x_wconf 89' lang='lat' dir='ltr'><strong>dendo</strong></span> <span class='ocrx_word' id='word_1_69' title='bbox 456 1608 711 1692; x_wconf 90' lang='lat' dir='ltr'><strong>possessionem</strong></span> <span class='ocrx_word' id='word_1_70' title='bbox 725 1605 1021 1682; x_wconf 89' lang='lat' dir='ltr'><strong>immemorialem‚</strong></span> <span class='ocrx_word' id='word_1_71' title='bbox 1039 1623 1106 1690; x_wconf 88' lang='lat' dir='ltr'><strong>quo</strong></span> <span class='ocrx_word' id='word_1_72' title='bbox 1121 1624 1201 1670; x_wconf 91' lang='lat' dir='ltr'><strong>casu</strong></span> <span class='ocrx_word' id='word_1_73' title='bbox 1219 1623 1289 1670; x_wconf 91' lang='lat' dir='ltr'><strong>non</strong></span> <span class='ocrx_word' id='word_1_74' title='bbox 1305 1611 1358 1671; x_wconf 91' lang='lat' dir='ltr'><strong>est</strong></span> <span class='ocrx_word' id='word_1_75' title='bbox 1371 1625 1512 1672; x_wconf 91' lang='lat' dir='ltr'><strong>necesse</strong></span> 
     </span>
     <span class='ocr_line' id='line_1_11' title="bbox 330 1715 1514 1797; baseline -0.001 -16"><span class='ocrx_word' id='word_1_76' title='bbox 330 1721 369 1781; x_wconf 94' lang='lat' dir='ltr'><strong>ut</strong></span> <span class='ocrx_word' id='word_1_77' title='bbox 377 1717 541 1782; x_wconf 82' lang='lat' dir='ltr'><strong>efferetur</strong></span> <span class='ocrx_word' id='word_1_78' title='bbox 554 1717 640 1781; x_wconf 85' lang='lat' dir='ltr'><strong>alius</strong></span> <span class='ocrx_word' id='word_1_79' title='bbox 652 1715 772 1780; x_wconf 88' lang='lat' dir='ltr'><strong>titulus</strong></span> <span class='ocrx_word' id='word_1_80' title='bbox 789 1716 845 1779; x_wconf 80' lang='lat' dir='ltr'><strong>vel</strong></span> <span class='ocrx_word' id='word_1_81' title='bbox 856 1733 960 1780; x_wconf 88' lang='lat' dir='ltr'><strong>causa</strong></span> <span class='ocrx_word' id='word_1_82' title='bbox 972 1715 1136 1797; x_wconf 81' lang='lat' dir='ltr'><strong>legitima,</strong></span> <span class='ocrx_word' id='word_1_83' title='bbox 1153 1716 1219 1780; x_wconf 88' lang='lat' dir='ltr'><strong>nisi</strong></span> <span class='ocrx_word' id='word_1_84' title='bbox 1235 1733 1278 1779; x_wconf 82' lang='lat' dir='ltr'><strong>ex</strong></span> <span class='ocrx_word' id='word_1_85' title='bbox 1292 1717 1514 1784; x_wconf 86' lang='lat' dir='ltr'><strong>circumstan-</strong></span> 
     </span>
     <span class='ocr_line' id='line_1_12' title="bbox 331 1823 1511 1911; baseline -0.001 -22"><span class='ocrx_word' id='word_1_86' title='bbox 331 1827 386 1891; x_wconf 91' lang='lat' dir='ltr'><strong>tiis</strong></span> <span class='ocrx_word' id='word_1_87' title='bbox 401 1831 561 1911; x_wconf 80' lang='lat' dir='ltr'><strong>appareat</strong></span> <span class='ocrx_word' id='word_1_88' title='bbox 574 1825 778 1908; x_wconf 87' lang='lat' dir='ltr'><strong>pensionem</strong></span> <span class='ocrx_word' id='word_1_89' title='bbox 793 1823 942 1889; x_wconf 83' lang='lat' dir='ltr'><strong>solutum</strong></span> <span class='ocrx_word' id='word_1_90' title='bbox 961 1842 1031 1888; x_wconf 91' lang='lat' dir='ltr'><strong>non</strong></span> <span class='ocrx_word' id='word_1_91' title='bbox 1046 1823 1152 1888; x_wconf 83' lang='lat' dir='ltr'><strong>luisse</strong></span> <span class='ocrx_word' id='word_1_92' title='bbox 1166 1827 1330 1907; x_wconf 75' lang='lat' dir='ltr'><strong>tanquam</strong></span> <span class='ocrx_word' id='word_1_93' title='bbox 1345 1823 1511 1900; x_wconf 86' lang='lat' dir='ltr'><strong>debitam;</strong></span> 
     </span>
     <span class='ocr_line' id='line_1_13' title="bbox 330 1931 1513 2016; baseline -0.003 -18"><span class='ocrx_word' id='word_1_94' title='bbox 330 1939 405 1998; x_wconf 89' lang='lat' dir='ltr'><strong>turn</strong></span> <span class='ocrx_word' id='word_1_95' title='bbox 419 1933 610 2016; x_wconf 79' lang='lat' dir='ltr'><strong>allegando,</strong></span> <span class='ocrx_word' id='word_1_96' title='bbox 629 1951 709 1996; x_wconf 88' lang='lat' dir='ltr'><strong>curn</strong></span> <span class='ocrx_word' id='word_1_97' title='bbox 722 1931 941 2016; x_wconf 86' lang='lat' dir='ltr'><strong>possessione</strong></span> <span class='ocrx_word' id='word_1_98' title='bbox 961 1933 1001 1996; x_wconf 74' lang='lat'><strong>40</strong></span> <span class='ocrx_word' id='word_1_99' title='bbox 1022 1949 1204 2008; x_wconf 89' lang='lat' dir='ltr'><strong>annorum,</strong></span> <span class='ocrx_word' id='word_1_100' title='bbox 1225 1937 1355 1996; x_wconf 87' lang='lat' dir='ltr'><strong>certam</strong></span> <span class='ocrx_word' id='word_1_101' title='bbox 1374 1949 1513 1996; x_wconf 87' lang='lat' dir='ltr'><strong>causam</strong></span> 
     </span>
     <span class='ocr_line' id='line_1_14' title="bbox 330 2042 569 2128; baseline -0.017 -20"><span class='ocrx_word' id='word_1_102' title='bbox 330 2042 569 2128; x_wconf 83' lang='lat' dir='ltr'><strong>praestationis.</strong></span> 
     </span>
    </p>

    <p class='ocr_par' dir='ltr' id='par_1_5' title="bbox 330 2149 1518 3202">
     <span class='ocr_line' id='line_1_15' title="bbox 371 2149 1516 2234; baseline -0.003 -19"><span class='ocrx_word' id='word_1_103' title='bbox 371 2149 460 2234; x_wconf 71' lang='lat' dir='ltr'><strong>dile</strong></span> <span class='ocrx_word' id='word_1_104' title='bbox 474 2169 544 2233; x_wconf 83' lang='lat' dir='ltr'><strong>qua</strong></span> <span class='ocrx_word' id='word_1_105' title='bbox 561 2157 699 2213; x_wconf 83' lang='lat' dir='ltr'><strong>moneta</strong></span> <span class='ocrx_word' id='word_1_106' title='bbox 713 2149 867 2214; x_wconf 85' lang='lat' dir='ltr'><strong>soluendi</strong></span> <span class='ocrx_word' id='word_1_107' title='bbox 889 2151 958 2214; x_wconf 83' lang='lat' dir='ltr'><strong>sint</strong></span> <span class='ocrx_word' id='word_1_108' title='bbox 981 2167 1097 2214; x_wconf 74' lang='lat' dir='ltr'><strong>cencres</strong></span> <span class='ocrx_word' id='word_1_109' title='bbox 1127 2158 1188 2213; x_wconf 83' lang='lat' dir='ltr'><strong>aut</strong></span> <span class='ocrx_word' id='word_1_110' title='bbox 1208 2149 1322 2214; x_wconf 77' lang='lat' dir='ltr'><strong>debita</strong></span> <span class='ocrx_word' id='word_1_111' title='bbox 1343 2149 1516 2233; x_wconf 82' lang='lat' dir='ltr'><strong>antiqua?</strong></span> 
     </span>
     <span class='ocr_line' id='line_1_16' title="bbox 331 2256 1515 2344; baseline -0.002 -22"><span class='ocrx_word' id='word_1_112' title='bbox 331 2261 368 2322; x_wconf 82' lang='lat' dir='ltr'><strong>l⁰</strong></span> <span class='ocrx_word' id='word_1_113' title='bbox 381 2256 469 2322; x_wconf 88' lang='lat' dir='ltr'><strong>Olim</strong></span> <span class='ocrx_word' id='word_1_114' title='bbox 484 2257 627 2344; x_wconf 83' lang='lat' dir='ltr'><strong>quaestio</strong></span> <span class='ocrx_word' id='word_1_115' title='bbox 640 2263 713 2321; x_wconf 90' lang='lat' dir='ltr'><strong>erat</strong></span> <span class='ocrx_word' id='word_1_116' title='bbox 726 2257 868 2322; x_wconf 86' lang='lat' dir='ltr'><strong>maximi</strong></span> <span class='ocrx_word' id='word_1_117' title='bbox 885 2257 1053 2323; x_wconf 88' lang='lat' dir='ltr'><strong>momenti</strong></span> <span class='ocrx_word' id='word_1_118' title='bbox 1071 2261 1212 2342; x_wconf 89' lang='lat' dir='ltr'><strong>propter</strong></span> <span class='ocrx_word' id='word_1_119' title='bbox 1230 2257 1465 2323; x_wconf 80' lang='lat' dir='ltr'><strong>diversitatem</strong></span> <span class='ocrx_word' id='word_1_120' title='bbox 1480 2263 1515 2322; x_wconf 89' lang='lat' dir='ltr'><strong>et</strong></span> 
     </span>
     <span class='ocr_line' id='line_1_17' title="bbox 330 2363 1516 2450; baseline -0.003 -19"><span class='ocrx_word' id='word_1_121' title='bbox 330 2367 528 2450; x_wconf 83' lang='lat' dir='ltr'><strong>frequentes</strong></span> <span class='ocrx_word' id='word_1_122' title='bbox 543 2365 750 2429; x_wconf 89' lang='lat' dir='ltr'><strong>mutationes</strong></span> <span class='ocrx_word' id='word_1_123' title='bbox 765 2370 999 2441; x_wconf 67' lang='lat' dir='ltr'><strong>monetarum</strong></span> <span class='ocrx_word' id='word_1_124' title='bbox 1026 2363 1088 2430; x_wconf 91' lang='lat' dir='ltr'><strong>sed</strong></span> <span class='ocrx_word' id='word_1_125' title='bbox 1100 2364 1202 2430; x_wconf 90' lang='lat' dir='ltr'><strong>hodie</strong></span> <span class='ocrx_word' id='word_1_126' title='bbox 1217 2383 1287 2430; x_wconf 90' lang='lat' dir='ltr'><strong>non</strong></span> <span class='ocrx_word' id='word_1_127' title='bbox 1302 2369 1398 2430; x_wconf 84' lang='lat' dir='ltr'><strong>tanta</strong></span> <span class='ocrx_word' id='word_1_128' title='bbox 1417 2364 1516 2430; x_wconf 91' lang='lat' dir='ltr'><strong>adest</strong></span> 
     </span>
     <span class='ocr_line' id='line_1_18' title="bbox 331 2471 1510 2554; baseline -0.002 -16"><span class='ocrx_word' id='word_1_129' title='bbox 331 2473 521 2548; x_wconf 87' lang='lat' dir='ltr'><strong>diversitas,</strong></span> <span class='ocrx_word' id='word_1_130' title='bbox 540 2475 575 2536; x_wconf 93' lang='lat' dir='ltr'><strong>et</strong></span> <span class='ocrx_word' id='word_1_131' title='bbox 587 2471 671 2537; x_wconf 88' lang='lat' dir='ltr'><strong>alias</strong></span> <span class='ocrx_word' id='word_1_132' title='bbox 686 2471 783 2536; x_wconf 84' lang='lat' dir='ltr'><strong>valor</strong></span> <span class='ocrx_word' id='word_1_133' title='bbox 796 2472 960 2536; x_wconf 87' lang='lat' dir='ltr'><strong>relativus</strong></span> <span class='ocrx_word' id='word_1_134' title='bbox 973 2471 1071 2536; x_wconf 86' lang='lat' dir='ltr'><strong>facile</strong></span> <span class='ocrx_word' id='word_1_135' title='bbox 1086 2477 1221 2537; x_wconf 91' lang='lat' dir='ltr'><strong>constat</strong></span> <span class='ocrx_word' id='word_1_136' title='bbox 1236 2491 1280 2536; x_wconf 86' lang='lat' dir='ltr'><strong>ex</strong></span> <span class='ocrx_word' id='word_1_137' title='bbox 1296 2471 1510 2554; x_wconf 81' lang='lat' dir='ltr'><strong>argentariis.</strong></span> 
     </span>
     <span class='ocr_line' id='line_1_19' title="bbox 334 2578 1515 2664; baseline -0.001 -19"><span class='ocrx_word' id='word_1_138' title='bbox 334 2579 527 2646; x_wconf 86' lang='lat' dir='ltr'><strong>Generatim</strong></span> <span class='ocrx_word' id='word_1_139' title='bbox 551 2597 612 2644; x_wconf 88' lang='lat' dir='ltr'><strong>seu</strong></span> <span class='ocrx_word' id='word_1_140' title='bbox 635 2578 768 2645; x_wconf 89' lang='lat' dir='ltr'><strong>seclusa</strong></span> <span class='ocrx_word' id='word_1_141' title='bbox 795 2579 931 2664; x_wconf 88' lang='lat' dir='ltr'><strong>speciali</strong></span> <span class='ocrx_word' id='word_1_142' title='bbox 957 2581 1186 2645; x_wconf 88' lang='lat' dir='ltr'><strong>conventione</strong></span> <span class='ocrx_word' id='word_1_143' title='bbox 1211 2580 1253 2645; x_wconf 89' lang='lat' dir='ltr'><strong>de</strong></span> <span class='ocrx_word' id='word_1_144' title='bbox 1281 2586 1375 2645; x_wconf 87' lang='lat' dir='ltr'><strong>certa</strong></span> <span class='ocrx_word' id='word_1_145' title='bbox 1402 2581 1515 2664; x_wconf 89' lang='lat' dir='ltr'><strong>specie</strong></span> 
     </span>
     <span class='ocr_line' id='line_1_20' title="bbox 331 2685 1515 2762; baseline -0.002 -10"><span class='ocrx_word' id='word_1_146' title='bbox 331 2691 481 2752; x_wconf 78' lang='lat' dir='ltr'><strong>monetae</strong></span> <span class='ocrx_word' id='word_1_147' title='bbox 492 2691 527 2750; x_wconf 88' lang='lat' dir='ltr'><strong>et</strong></span> <span class='ocrx_word' id='word_1_148' title='bbox 538 2705 694 2762; x_wconf 89' lang='lat' dir='ltr'><strong>numero,</strong></span> <span class='ocrx_word' id='word_1_149' title='bbox 710 2685 835 2752; x_wconf 93' lang='lat' dir='ltr'><strong>solutio</strong></span> <span class='ocrx_word' id='word_1_150' title='bbox 849 2685 1066 2752; x_wconf 83' lang='lat' dir='ltr'><strong>iaciendaest</strong></span> <span class='ocrx_word' id='word_1_151' title='bbox 1077 2691 1217 2753; x_wconf 90' lang='lat' dir='ltr'><strong>moneta</strong></span> <span class='ocrx_word' id='word_1_152' title='bbox 1226 2693 1384 2752; x_wconf 89' lang='lat' dir='ltr'><strong>currente</strong></span> <span class='ocrx_word' id='word_1_153' title='bbox 1395 2705 1515 2752; x_wconf 92' lang='lat' dir='ltr'><strong>secun-</strong></span> 
     </span>
     <span class='ocr_line' id='line_1_21' title="bbox 335 2793 1514 2879; baseline 0.001 -19"><span class='ocrx_word' id='word_1_154' title='bbox 335 2795 417 2860; x_wconf 89' lang='lat' dir='ltr'><strong>dum</strong></span> <span class='ocrx_word' id='word_1_155' title='bbox 437 2793 592 2860; x_wconf 86' lang='lat' dir='ltr'><strong>valorem</strong></span> <span class='ocrx_word' id='word_1_156' title='bbox 612 2799 820 2870; x_wconf 89' lang='lat' dir='ltr'><strong>currentem,</strong></span> <span class='ocrx_word' id='word_1_157' title='bbox 844 2795 907 2858; x_wconf 88' lang='lat' dir='ltr'><strong>etsi</strong></span> <span class='ocrx_word' id='word_1_158' title='bbox 923 2795 1074 2879; x_wconf 89' lang='lat' dir='ltr'><strong>pretium</strong></span> <span class='ocrx_word' id='word_1_159' title='bbox 1094 2813 1319 2860; x_wconf 91' lang='lat' dir='ltr'><strong>nummorum</strong></span> <span class='ocrx_word' id='word_1_160' title='bbox 1340 2795 1514 2861; x_wconf 78' lang='lat' dir='ltr'><strong>decrescat</strong></span> 
     </span>
     <span class='ocr_line' id='line_1_22' title="bbox 333 2903 1517 2988; baseline 0.001 -19"><span class='ocrx_word' id='word_1_161' title='bbox 333 2903 389 2970; x_wconf 86' lang='lat' dir='ltr'><strong>vel</strong></span> <span class='ocrx_word' id='word_1_162' title='bbox 403 2909 573 2969; x_wconf 88' lang='lat' dir='ltr'><strong>accrescat</strong></span> <span class='ocrx_word' id='word_1_163' title='bbox 588 2925 596 2966; x_wconf 76' lang='grc' dir='ltr'>ε</span> <span class='ocrx_word' id='word_1_164' title='bbox 613 2903 661 2968; x_wconf 90' lang='lat' dir='ltr'><strong>ita</strong></span> <span class='ocrx_word' id='word_1_165' title='bbox 675 2903 869 2968; x_wconf 82' lang='lat' dir='ltr'><strong>communis</strong></span> <span class='ocrx_word' id='word_1_166' title='bbox 887 2904 1067 2969; x_wconf 88' lang='lat' dir='ltr'><strong>sententia.</strong></span> <span class='ocrx_word' id='word_1_167' title='bbox 1083 2903 1181 2969; x_wconf 87' lang='lat' dir='ltr'><strong>Retio</strong></span> <span class='ocrx_word' id='word_1_168' title='bbox 1197 2909 1260 2980; x_wconf 91' lang='lat' dir='ltr'><strong>est,</strong></span> <span class='ocrx_word' id='word_1_169' title='bbox 1278 2905 1358 2988; x_wconf 85' lang='lat' dir='ltr'><strong>quia</strong></span> <span class='ocrx_word' id='word_1_170' title='bbox 1370 2905 1517 2988; x_wconf 87' lang='lat' dir='ltr'><strong>pecunia</strong></span> 
     </span>
     <span class='ocr_line' id='line_1_23' title="bbox 333 3011 1518 3095; baseline 0 -19"><span class='ocrx_word' id='word_1_171' title='bbox 333 3030 404 3077; x_wconf 90' lang='lat' dir='ltr'><strong>non</strong></span> <span class='ocrx_word' id='word_1_172' title='bbox 418 3011 606 3077; x_wconf 89' lang='lat' dir='ltr'><strong>attenditur</strong></span> <span class='ocrx_word' id='word_1_173' title='bbox 626 3011 816 3076; x_wconf 90' lang='lat' dir='ltr'><strong>secundum</strong></span> <span class='ocrx_word' id='word_1_174' title='bbox 834 3029 957 3095; x_wconf 91' lang='lat' dir='ltr'><strong>corpus</strong></span> <span class='ocrx_word' id='word_1_175' title='bbox 979 3017 1013 3075; x_wconf 88' lang='lat' dir='ltr'><strong>et</strong></span> <span class='ocrx_word' id='word_1_176' title='bbox 1036 3012 1228 3090; x_wconf 88' lang='lat' dir='ltr'><strong>materiam,</strong></span> <span class='ocrx_word' id='word_1_177' title='bbox 1251 3012 1310 3077; x_wconf 89' lang='lat' dir='ltr'><strong>sed</strong></span> <span class='ocrx_word' id='word_1_178' title='bbox 1326 3013 1518 3078; x_wconf 88' lang='lat' dir='ltr'><strong>secundum</strong></span> 
     </span>
     <span class='ocr_line' id='line_1_24' title="bbox 335 3118 687 3202; baseline -0.009 -17"><span class='ocrx_word' id='word_1_179' title='bbox 335 3118 489 3185; x_wconf 85' lang='lat' dir='ltr'><strong>valorem</strong></span> <span class='ocrx_word' id='word_1_180' title='bbox 502 3119 687 3202; x_wconf 90' lang='lat' dir='ltr'><strong>publicum.</strong></span> 
     </span>
    </p>

    <p class='ocr_par' dir='ltr' id='par_1_6' title="bbox 334 3227 1518 3960">
     <span class='ocr_line' id='line_1_25' title="bbox 373 3227 1518 3313; baseline 0.002 -21"><span class='ocrx_word' id='word_1_181' title='bbox 373 3227 406 3291; x_wconf 54' lang='grc' dir='ltr'>Ψ</span> <span class='ocrx_word' id='word_1_182' title='bbox 417 3227 610 3292; x_wconf 88' lang='lat' dir='ltr'><strong>Notandum</strong></span> <span class='ocrx_word' id='word_1_183' title='bbox 623 3233 676 3292; x_wconf 88' lang='lat' dir='ltr'><strong>est</strong></span> <span class='ocrx_word' id='word_1_184' title='bbox 691 3227 782 3312; x_wconf 89' lang='lat' dir='ltr'><strong>quod</strong></span> <span class='ocrx_word' id='word_1_185' title='bbox 798 3227 1053 3293; x_wconf 80' lang='lat' dir='ltr'><strong>valormonetae</strong></span> <span class='ocrx_word' id='word_1_186' title='bbox 1066 3229 1192 3294; x_wconf 91' lang='lat' dir='ltr'><strong>mutari</strong></span> <span class='ocrx_word' id='word_1_187' title='bbox 1209 3229 1340 3313; x_wconf 88' lang='lat' dir='ltr'><strong>nequit,</strong></span> <span class='ocrx_word' id='word_1_188' title='bbox 1360 3229 1426 3293; x_wconf 92' lang='lat' dir='ltr'><strong>nisi</strong></span> <span class='ocrx_word' id='word_1_189' title='bbox 1438 3247 1518 3294; x_wconf 85' lang='lat' dir='ltr'><strong>auc·</strong></span> 
     </span>
     <span class='ocr_line' id='line_1_26' title="bbox 334 3334 1518 3421; baseline -0.001 -21"><span class='ocrx_word' id='word_1_190' title='bbox 334 3335 470 3400; x_wconf 89' lang='lat' dir='ltr'><strong>toritate</strong></span> <span class='ocrx_word' id='word_1_191' title='bbox 485 3335 647 3419; x_wconf 90' lang='lat' dir='ltr'><strong>principis</strong></span> <span class='ocrx_word' id='word_1_192' title='bbox 661 3334 717 3405; x_wconf 89' lang='lat' dir='ltr'><strong>vel</strong></span> <span class='ocrx_word' id='word_1_193' title='bbox 730 3336 950 3417; x_wconf 81' lang='lat' dir='ltr'><strong>magistratus</strong></span> <span class='ocrx_word' id='word_1_194' title='bbox 965 3335 1078 3420; x_wconf 88' lang='lat' dir='ltr'><strong>quoad</strong></span> <span class='ocrx_word' id='word_1_195' title='bbox 1088 3335 1290 3420; x_wconf 87' lang='lat' dir='ltr'><strong>temporalia</strong></span> <span class='ocrx_word' id='word_1_196' title='bbox 1303 3337 1518 3421; x_wconf 88' lang='lat' dir='ltr'><strong>superiorem</strong></span> 
     </span>
     <span class='ocr_line' id='line_1_27' title="bbox 334 3442 1514 3525; baseline -0.001 -18"><span class='ocrx_word' id='word_1_197' title='bbox 334 3461 406 3507; x_wconf 92' lang='lat' dir='ltr'><strong>non</strong></span> <span class='ocrx_word' id='word_1_198' title='bbox 415 3443 633 3524; x_wconf 79' lang='lat' dir='ltr'><strong>agnoscentis</strong></span> <span class='ocrx_word' id='word_1_199' title='bbox 649 3461 657 3504; x_wconf 92' lang='lat'>:</span> <span class='ocrx_word' id='word_1_200' title='bbox 673 3446 808 3507; x_wconf 87' lang='lat' dir='ltr'><strong>constat</strong></span> <span class='ocrx_word' id='word_1_201' title='bbox 824 3461 867 3506; x_wconf 84' lang='lat' dir='ltr'><strong>ex</strong></span> <span class='ocrx_word' id='word_1_202' title='bbox 877 3445 955 3525; x_wconf 88' lang='lat' dir='ltr'><strong>jure</strong></span> <span class='ocrx_word' id='word_1_203' title='bbox 967 3443 1115 3525; x_wconf 89' lang='lat' dir='ltr'><strong>positivo</strong></span> <span class='ocrx_word' id='word_1_204' title='bbox 1127 3449 1162 3507; x_wconf 92' lang='lat' dir='ltr'><strong>et</strong></span> <span class='ocrx_word' id='word_1_205' title='bbox 1176 3462 1219 3507; x_wconf 85' lang='lat' dir='ltr'><strong>ex</strong></span> <span class='ocrx_word' id='word_1_206' title='bbox 1233 3447 1356 3508; x_wconf 89' lang='lat' dir='ltr'><strong>nature</strong></span> <span class='ocrx_word' id='word_1_207' title='bbox 1370 3443 1430 3508; x_wconf 92' lang='lat' dir='ltr'><strong>rei.</strong></span> <span class='ocrx_word' id='word_1_208' title='bbox 1448 3442 1514 3506; x_wconf 90' lang='lat' dir='ltr'><strong>Sed</strong></span> 
     </span>
     <span class='ocr_line' id='line_1_28' title="bbox 335 3549 1518 3634; baseline -0.002 -19"><span class='ocrx_word' id='word_1_209' title='bbox 335 3549 505 3633; x_wconf 70' lang='lat' dir='ltr'><strong>eiusmodi</strong></span> <span class='ocrx_word' id='word_1_210' title='bbox 519 3549 664 3615; x_wconf 86' lang='lat' dir='ltr'><strong>mutatio</strong></span> <span class='ocrx_word' id='word_1_211' title='bbox 678 3549 752 3614; x_wconf 90' lang='lat' dir='ltr'><strong>fleri</strong></span> <span class='ocrx_word' id='word_1_212' title='bbox 767 3549 896 3632; x_wconf 87' lang='lat' dir='ltr'><strong>nequit,</strong></span> <span class='ocrx_word' id='word_1_213' title='bbox 915 3550 980 3613; x_wconf 91' lang='lat' dir='ltr'><strong>nisi</strong></span> <span class='ocrx_word' id='word_1_214' title='bbox 994 3549 1084 3613; x_wconf 87' lang='lat' dir='ltr'><strong>adsit</strong></span> <span class='ocrx_word' id='word_1_215' title='bbox 1099 3567 1203 3615; x_wconf 89' lang='lat' dir='ltr'><strong>causa</strong></span> <span class='ocrx_word' id='word_1_216' title='bbox 1213 3553 1309 3634; x_wconf 89' lang='lat' dir='ltr'><strong>justa</strong></span> <span class='ocrx_word' id='word_1_217' title='bbox 1330 3555 1366 3614; x_wconf 90' lang='lat' dir='ltr'><strong>et</strong></span> <span class='ocrx_word' id='word_1_218' title='bbox 1386 3551 1518 3632; x_wconf 86' lang='lat' dir='ltr'><strong>gravis-</strong></span> 
     </span>
     <span class='ocr_line' id='line_1_29' title="bbox 336 3657 1514 3744; baseline 0.001 -21"><span class='ocrx_word' id='word_1_219' title='bbox 336 3657 434 3737; x_wconf 91' lang='lat' dir='ltr'><strong>sima,</strong></span> <span class='ocrx_word' id='word_1_220' title='bbox 455 3659 535 3744; x_wconf 84' lang='lat' dir='ltr'><strong>quia</strong></span> <span class='ocrx_word' id='word_1_221' title='bbox 548 3659 752 3742; x_wconf 83' lang='lat' dir='ltr'><strong>gravissima</strong></span> <span class='ocrx_word' id='word_1_222' title='bbox 768 3665 849 3723; x_wconf 90' lang='lat' dir='ltr'><strong>sunt</strong></span> <span class='ocrx_word' id='word_1_223' title='bbox 862 3659 1081 3725; x_wconf 92' lang='lat' dir='ltr'><strong>incommoda</strong></span> <span class='ocrx_word' id='word_1_224' title='bbox 1096 3679 1171 3744; x_wconf 86' lang='lat' dir='ltr'><strong>quae</strong></span> <span class='ocrx_word' id='word_1_225' title='bbox 1187 3679 1230 3724; x_wconf 86' lang='lat' dir='ltr'><strong>ex</strong></span> <span class='ocrx_word' id='word_1_226' title='bbox 1244 3659 1302 3724; x_wconf 85' lang='lat' dir='ltr'><strong>tali</strong></span> <span class='ocrx_word' id='word_1_227' title='bbox 1323 3665 1514 3724; x_wconf 89' lang='lat' dir='ltr'><strong>commuta-</strong></span> 
     </span>
     <span class='ocr_line' id='line_1_30' title="bbox 334 3765 1517 3850; baseline -0.001 -20"><span class='ocrx_word' id='word_1_228' title='bbox 334 3765 428 3831; x_wconf 86' lang='lat' dir='ltr'><strong>tione</strong></span> <span class='ocrx_word' id='word_1_229' title='bbox 442 3773 634 3848; x_wconf 86' lang='lat' dir='ltr'><strong>emergunt,</strong></span> <span class='ocrx_word' id='word_1_230' title='bbox 652 3787 683 3830; x_wconf 89' lang='lat' dir='ltr'><strong>v.</strong></span> <span class='ocrx_word' id='word_1_231' title='bbox 699 3785 732 3848; x_wconf 79' lang='lat' dir='ltr'><strong>g.</strong></span> <span class='ocrx_word' id='word_1_232' title='bbox 753 3767 964 3850; x_wconf 88' lang='lat' dir='ltr'><strong>perturbatio</strong></span> <span class='ocrx_word' id='word_1_233' title='bbox 982 3767 1267 3849; x_wconf 79' lang='lat' dir='ltr'><strong>negotiationum,</strong></span> <span class='ocrx_word' id='word_1_234' title='bbox 1288 3765 1401 3831; x_wconf 92' lang='lat' dir='ltr'><strong>auctio</strong></span> <span class='ocrx_word' id='word_1_235' title='bbox 1415 3767 1517 3850; x_wconf 93' lang='lat' dir='ltr'><strong>pretii</strong></span> 
     </span>
     <span class='ocr_line' id='line_1_31' title="bbox 334 3873 1516 3960; baseline -0.001 -21"><span class='ocrx_word' id='word_1_236' title='bbox 334 3891 452 3940; x_wconf 87' lang='lat' dir='ltr'><strong>rerum</strong></span> <span class='ocrx_word' id='word_1_237' title='bbox 465 3875 651 3950; x_wconf 83' lang='lat' dir='ltr'><strong>venalium,</strong></span> <span class='ocrx_word' id='word_1_238' title='bbox 666 3875 805 3940; x_wconf 80' lang='lat' dir='ltr'><strong>fraudes</strong></span> <span class='ocrx_word' id='word_1_239' title='bbox 830 3876 954 3960; x_wconf 92' lang='lat' dir='ltr'><strong>quibus</strong></span> <span class='ocrx_word' id='word_1_240' title='bbox 976 3876 1050 3940; x_wconf 84' lang='lat' dir='ltr'><strong>haec</strong></span> <span class='ocrx_word' id='word_1_241' title='bbox 1064 3875 1209 3940; x_wconf 88' lang='lat' dir='ltr'><strong>mutatio</strong></span> <span class='ocrx_word' id='word_1_242' title='bbox 1232 3893 1353 3940; x_wconf 87' lang='lat' dir='ltr'><strong>ansam</strong></span> <span class='ocrx_word' id='word_1_243' title='bbox 1374 3873 1516 3959; x_wconf 83' lang='lat' dir='ltr'><strong>praebet.</strong></span> 
     </span>
    </p>

    <p class='ocr_par' dir='ltr' id='par_1_7' title="bbox 337 3983 1519 4392">
     <span class='ocr_line' id='line_1_32' title="bbox 375 3983 1519 4069; baseline -0.001 -20"><span class='ocrx_word' id='word_1_244' title='bbox 375 3983 431 4050; x_wconf 84' lang='lat' dir='ltr'><strong>An</strong></span> <span class='ocrx_word' id='word_1_245' title='bbox 463 3983 512 4048; x_wconf 84' lang='lat' dir='ltr'><strong>ad</strong></span> <span class='ocrx_word' id='word_1_246' title='bbox 541 3983 645 4048; x_wconf 85' lang='lat' dir='ltr'><strong>talem</strong></span> <span class='ocrx_word' id='word_1_247' title='bbox 676 3985 901 4048; x_wconf 80' lang='lat' dir='ltr'><strong>mutationem</strong></span> <span class='ocrx_word' id='word_1_248' title='bbox 934 3987 1131 4068; x_wconf 81' lang='lat' dir='ltr'><strong>requiratur</strong></span> <span class='ocrx_word' id='word_1_249' title='bbox 1157 4001 1334 4048; x_wconf 82' lang='lat' dir='ltr'><strong>consensus</strong></span> <span class='ocrx_word' id='word_1_250' title='bbox 1364 3983 1488 4069; x_wconf 83' lang='lat' dir='ltr'><strong>pepuli</strong></span> <span class='ocrx_word' id='word_1_251' title='bbox 1500 3983 1519 4048; x_wconf 86' lang='lat'><em>?</em></span> 
     </span>
     <span class='ocr_line' id='line_1_33' title="bbox 337 4091 1517 4178; baseline -0.002 -22"><span class='ocrx_word' id='word_1_252' title='bbox 337 4091 484 4158; x_wconf 78' lang='lat' dir='ltr'><strong>seclusis</strong></span> <span class='ocrx_word' id='word_1_253' title='bbox 507 4092 615 4176; x_wconf 90' lang='lat' dir='ltr'><strong>pactis</strong></span> <span class='ocrx_word' id='word_1_254' title='bbox 639 4093 729 4157; x_wconf 92' lang='lat' dir='ltr'><strong>inter</strong></span> <span class='ocrx_word' id='word_1_255' title='bbox 753 4095 941 4177; x_wconf 90' lang='lat' dir='ltr'><strong>principem</strong></span> <span class='ocrx_word' id='word_1_256' title='bbox 965 4100 1000 4158; x_wconf 91' lang='lat' dir='ltr'><strong>et</strong></span> <span class='ocrx_word' id='word_1_257' title='bbox 1023 4093 1200 4178; x_wconf 91' lang='lat' dir='ltr'><strong>populum,</strong></span> <span class='ocrx_word' id='word_1_258' title='bbox 1225 4112 1296 4159; x_wconf 93' lang='lat' dir='ltr'><strong>non</strong></span> <span class='ocrx_word' id='word_1_259' title='bbox 1319 4093 1517 4176; x_wconf 86' lang='lat' dir='ltr'><strong>requiritur,</strong></span> 
     </span>
     <span class='ocr_line' id='line_1_34' title="bbox 337 4199 1518 4284; baseline -0.001 -19"><span class='ocrx_word' id='word_1_260' title='bbox 337 4199 524 4266; x_wconf 92' lang='lat' dir='ltr'><strong>dummodo</strong></span> <span class='ocrx_word' id='word_1_261' title='bbox 539 4199 627 4264; x_wconf 90' lang='lat' dir='ltr'><strong>adsit</strong></span> <span class='ocrx_word' id='word_1_262' title='bbox 640 4219 743 4267; x_wconf 89' lang='lat' dir='ltr'><strong>causa</strong></span> <span class='ocrx_word' id='word_1_263' title='bbox 757 4219 884 4282; x_wconf 85' lang='lat' dir='ltr'><strong>urgens</strong></span> <span class='ocrx_word' id='word_1_264' title='bbox 898 4220 1034 4284; x_wconf 77' lang='lat' dir='ltr'><strong>magnae</strong></span> <span class='ocrx_word' id='word_1_265' title='bbox 1049 4203 1262 4268; x_wconf 89' lang='lat' dir='ltr'><strong>necessitatis</strong></span> <span class='ocrx_word' id='word_1_266' title='bbox 1276 4201 1333 4266; x_wconf 92' lang='lat' dir='ltr'><strong>vel</strong></span> <span class='ocrx_word' id='word_1_267' title='bbox 1349 4199 1518 4266; x_wconf 89' lang='lat' dir='ltr'><strong>evidentis</strong></span> 
     </span>
     <span class='ocr_line' id='line_1_35' title="bbox 338 4305 717 4392; baseline -0.016 -20"><span class='ocrx_word' id='word_1_268' title='bbox 338 4305 493 4374; x_wconf 91' lang='lat' dir='ltr'><strong>utilitatis</strong></span> <span class='ocrx_word' id='word_1_269' title='bbox 513 4306 667 4392; x_wconf 75' lang='lat' dir='ltr'><strong>publica.</strong></span> <span class='ocrx_word' id='word_1_270' title='bbox 710 4355 717 4366; x_wconf 82' lang='grc'><em>,</em></span> 
     </span>
    </p>
   </div>
   <div class='ocr_carea' id='block_1_4' title="bbox 743 4471 1113 4545">
    <p class='ocr_par' dir='ltr' id='par_1_8' title="bbox 743 4471 1113 4545">
     <span class='ocr_line' id='line_1_36' title="bbox 743 4471 1113 4545; baseline 0.008 -16"><span class='ocrx_word' id='word_1_271' title='bbox 743 4471 758 4545; x_wconf 72' lang='lat'>5</span> <span class='ocrx_word' id='word_1_272' title='bbox 777 4473 811 4530; x_wconf 92' lang='lat'><strong>11.</strong></span> <span class='ocrx_word' id='word_1_273' title='bbox 835 4473 877 4532; x_wconf 83' lang='lat' dir='ltr'><strong>be</strong></span> <span class='ocrx_word' id='word_1_274' title='bbox 895 4473 1113 4534; x_wconf 78' lang='lat' dir='ltr'><strong>exactionibus.</strong></span> 
     </span>
    </p>
   </div>
   <div class='ocr_carea' id='block_1_5' title="bbox 339 4631 1520 4828">
    <p class='ocr_par' dir='ltr' id='par_1_9' title="bbox 339 4631 1520 4828">
     <span class='ocr_line' id='line_1_37' title="bbox 380 4631 1517 4718; baseline 0.002 -22"><span class='ocrx_word' id='word_1_275' title='bbox 380 4632 415 4714; x_wconf 88' lang='lat' dir='ltr'><strong>a)</strong></span> <span class='ocrx_word' id='word_1_276' title='bbox 437 4631 529 4712; x_wconf 77' lang='lat' dir='ltr'><strong>Quid</strong></span> <span class='ocrx_word' id='word_1_277' title='bbox 550 4641 584 4696; x_wconf 87' lang='lat' dir='ltr'><strong>et</strong></span> <span class='ocrx_word' id='word_1_278' title='bbox 617 4632 802 4718; x_wconf 74' lang='lat' dir='ltr'><strong>quotuplex</strong></span> <span class='ocrx_word' id='word_1_279' title='bbox 823 4635 867 4698; x_wconf 82' lang='lat' dir='ltr'><strong>rit</strong></span> <span class='ocrx_word' id='word_1_280' title='bbox 892 4635 1049 4700; x_wconf 77' lang='lat' dir='ltr'><strong>erectio?</strong></span> <span class='ocrx_word' id='word_1_281' title='bbox 1076 4637 1107 4699; x_wconf 84' lang='lat' dir='ltr'><strong>l⁰</strong></span> <span class='ocrx_word' id='word_1_282' title='bbox 1131 4635 1353 4700; x_wconf 83' lang='lat' dir='ltr'><strong>Exactionum</strong></span> <span class='ocrx_word' id='word_1_283' title='bbox 1376 4634 1517 4699; x_wconf 88' lang='lat' dir='ltr'><strong>nomine</strong></span> 
     </span>
     <span class='ocr_line' id='line_1_38' title="bbox 339 4739 1520 4828; baseline 0.003 -23"><span class='ocrx_word' id='word_1_284' title='bbox 339 4739 484 4806; x_wconf 89' lang='lat' dir='ltr'><strong>veniunt</strong></span> <span class='ocrx_word' id='word_1_285' title='bbox 504 4741 773 4806; x_wconf 88' lang='lat' dir='ltr'><strong>contributiones</strong></span> <span class='ocrx_word' id='word_1_286' title='bbox 793 4747 827 4806; x_wconf 88' lang='lat' dir='ltr'><strong>et</strong></span> <span class='ocrx_word' id='word_1_287' title='bbox 852 4741 1002 4808; x_wconf 77' lang='lat' dir='ltr'><strong>collectae</strong></span> <span class='ocrx_word' id='word_1_288' title='bbox 1025 4744 1229 4827; x_wconf 76' lang='lat' dir='ltr'><strong>pecuniaria</strong></span> <span class='ocrx_word' id='word_1_289' title='bbox 1256 4761 1332 4828; x_wconf 83' lang='lat' dir='ltr'><strong>quae</strong></span> <span class='ocrx_word' id='word_1_290' title='bbox 1362 4760 1405 4807; x_wconf 80' lang='lat' dir='ltr'><strong>ex</strong></span> <span class='ocrx_word' id='word_1_291' title='bbox 1424 4743 1520 4825; x_wconf 86' lang='lat' dir='ltr'><strong>justa</strong></span> 
     </span>
    </p>
   </div>
   <div class='ocr_carea' id='block_1_6' title="bbox 0 0 1764 5572">
    <p class='ocr_par' dir='ltr' id='par_1_10' title="bbox 0 0 1764 5572">
     <span class='ocr_line' id='line_1_39' title="bbox 0 0 1764 5572; baseline 0 0"><span class='ocrx_word' id='word_1_292' title='bbox 0 0 1764 5572; x_wconf 95' lang='lat' dir='ltr'><strong> </strong></span> 
     </span>
    </p>
   </div>
  </div>
 </body>
</html>
