3504 5568
548 584 635 630 arnan
656 545 782 630 rannus
804 581 1025 630 neenarmmu.
1317 559 1379 626 ala

200 707 349 780 orantur,
364 699 444 768 licet
456 701 609 766 benedici
622 702 764 784 possint,
775 721 845 768 non
861 718 959 768 secus
972 719 1012 766 ao
1025 701 1235 783 paramenta.
1252 697 1378 764 Eadem

201 807 387 893 requiritur
399 813 433 874 et
447 809 572 873 suflicit
592 814 754 891 potestas.

241 919 267 999 c)
285 918 458 998 Quomodo
476 917 657 980 omittetur
671 919 872 982 consecratio
890 918 1002 982 catice
1014 926 1046 981 et
1055 917 1217 1002 patene?
1231 914 1375 981 Genera-

202 1025 263 1090 tim
287 1044 349 1109 par
371 1025 586 1088 omissionem
606 1025 749 1106 somne:
765 1024 855 1108 qnod
876 1025 1044 1107 contingit
1064 1026 1095 1087 1ο
1112 1043 1173 1108 per
1191 1022 1376 1090 notabilem

201 1134 414 1210 fractionem,
427 1131 507 1197 licet
521 1130 579 1196 illa
592 1131 711 1197 fractio
722 1131 763 1196 de
774 1131 863 1197 facili
877 1131 1101 1215 possitrallci;
1116 1131 1252 1216 quando
1270 1129 1379 1196 semel

203 1260 246 1306 ex
260 1239 694 1306 fractioneoelixfactusest
707 1239 844 1322 ineptus
854 1238 896 1304 ad
915 1259 1017 1306 suurn
1031 1257 1144 1316 usum,
1166 1245 1380 1314 exsecratum

202 1368 235 1411 r.
257 1369 290 1432 g.
307 1349 335 1412 si
348 1351 515 1424 foramen,
534 1348 754 1432 quantumvis
776 1347 950 1430 exiguum,
970 1349 1098 1414 factum
1114 1352 1206 1413 osset
1228 1347 1263 1412 in
1283 1351 1380 1431 parte

203 1457 354 1522 inferiori
369 1457 491 1523 caliois.

238 1567 271 1630 2⁰
294 1565 328 1629 Si
347 1585 408 1649 pes
431 1563 543 1629 calicis
566 1583 586 1629 a
606 1583 717 1649 cuppa
737 1583 799 1648 per
819 1564 1021 1630 fractionem
1042 1564 1273 1647 abrumpatur,
1296 1563 1384 1630 calix

204 1673 329 1755 amittit
338 1673 441 1737 etiam
449 1674 741 1738 consecrationem
752 1671 1009 1756 ;quodintelligi
1017 1670 1129 1748 debet,
1142 1671 1300 1755 sipedem
1309 1690 1381 1736 non

205 1781 368 1847 mobilem
391 1783 534 1858 hebeat;
557 1801 639 1848 nam
661 1782 688 1847 si
713 1782 800 1848 calix
823 1781 991 1848 tornatilis
1013 1781 1066 1858 sit,
1094 1786 1129 1846 et
1148 1799 1249 1865 pesa
1272 1799 1383 1865 cuppa

206 1889 403 1974 separabilis
427 1909 471 1955 ex
495 1895 618 1954 natura
632 1907 705 1968 sua,
721 1891 785 1955 iste
800 1889 898 1968 calix,
915 1890 1019 1955 etiam
1032 1893 1110 1974 post
1130 1889 1382 1972 separationem

206 1997 301 2082 pedis
312 1999 376 2074 sui,
392 1999 685 2063 consecrationem
698 1999 833 2075 retinet,
850 2016 929 2063 curn
945 1997 1017 2064 sola
1032 2016 1143 2080 cuppa
1158 1998 1193 2062 in
1209 1997 1267 2062 tali
1280 1995 1384 2064 calice

172 2083 179 2104 ⁸
206 2111 433 2172 consecretur.

246 2215 278 2277 3ο
296 2214 437 2290 Quando
450 2213 571 2280 calices
593 2219 628 2278 ct
640 2219 772 2298 patenae
785 2215 827 2279 de
842 2231 933 2280 novo
949 2215 1160 2278 inaurentur.
1184 2213 1271 2278 Olim
1286 2216 1385 2279 erant

208 2322 283 2388 duae
300 2323 478 2386 sententiae
495 2321 585 2405 apud
599 2321 803 2398 canonistas,
830 2323 909 2406 quia
929 2321 985 2386 alii
1008 2321 1249 2386 existimabant
1267 2339 1385 2388 eonse-

208 2431 394 2496 orationem
410 2448 486 2494 esse
502 2429 672 2514 praecipue
686 2430 723 2496 in
738 2430 927 2514 superficie,
947 2430 1003 2494 alii
1018 2435 1134 2495 autem
1146 2431 1183 2494 in
1196 2434 1268 2497 toto
1282 2429 1386 2496 calice

208 2538 263 2601 vel
277 2543 350 2603 tota
361 2556 483 2622 cuppa,
499 2540 597 2621 cujus
605 2540 716 2621 major
724 2557 802 2622 pars
814 2542 1011 2602 consecrata
1025 2537 1127 2602 debet
1140 2538 1182 2602 ad
1199 2557 1235 2602 se
1250 2539 1386 2602 trahere

208 2647 378 2712 minorem
391 2667 461 2713 non
477 2666 619 2713 sacram.
635 2647 701 2712 Sed
716 2651 747 2712 S.
765 2647 886 2730 Gongr.
904 2647 981 2724 Rit,
999 2647 1039 2710 11
1051 2649 1126 2730 Jun.
1143 2647 1233 2724 18111,
1251 2646 1389 2712 sustulit

210 2754 445 2820 difficultatem
457 2759 492 2819 et
507 2755 692 2820 declaravit
703 2755 830 2839 requiri
849 2773 976 2820 novam
989 2756 1292 2821 consecrationem.
1320 2755 1387 2820 Sed

210 2861 346 2944 quando
362 2863 583 2927 diuturnitate
601 2863 765 2945 temporis
784 2863 933 2926 exterior
951 2861 1125 2929 deauratio
1141 2863 1322 2948 absumpta
1336 2867 1389 2928 est

211 2968 315 3034 etiam
328 2968 487 3048 totaliter,
504 2970 592 3034 calix
608 2975 643 3035 et
656 2975 782 3053 patena
798 2989 869 3035 non
884 2975 1120 3035 exsecrantur:
1134 2971 1182 3036 ita
1195 2971 1388 3036 eommunis

211 3077 382 3142 sententia
398 3083 517 3143 eontra
531 3077 674 3162 aliquos.
691 3077 788 3143 Ratio
805 3079 909 3161 hujus
931 3078 1110 3144 sententiae
1130 3083 1192 3155 est,
1222 3079 1301 3162 quia
1319 3097 1390 3146 non

211 3184 323 3251 solum
335 3205 457 3250 aurum
474 3204 541 3270 quo
556 3185 644 3250 calix
657 3185 713 3250 vel
726 3190 850 3268 patena
863 3186 1050 3264 inauratur,
1066 3187 1127 3252 sed
1146 3189 1238 3252 totus
1252 3187 1340 3253 calix
1357 3191 1392 3252 et

211 3298 335 3376 patena
355 3297 599 3359 consecrantur
612 3313 619 3369 ;
634 3311 736 3376 porro
752 3295 863 3376 major
877 3313 956 3376 pars
969 3295 1071 3359 trahit
1092 3294 1135 3359 ed
1151 3313 1186 3359 se
1206 3295 1387 3361 minorem.

212 3400 278 3464 Sed
292 3401 349 3466 olii
359 3401 570 3486 respondent
583 3405 716 3484 partem
727 3399 949 3483 principalem
963 3401 998 3465 in
1012 3401 1114 3466 calice
1127 3407 1162 3466 et
1174 3406 1301 3486 patena
1313 3421 1389 3468 asse

212 3529 346 3588 aurum,
364 3511 443 3594 qnia
459 3511 532 3576 sola
545 3509 741 3592 superficias
755 3513 875 3574 aurata
887 3509 1083 3576 immediate
1097 3511 1205 3594 tangit
1216 3528 1341 3596 corpus
1355 3517 1390 3577 et

214 3619 418 3700 sanguinem
435 3618 566 3684 Christi.
583 3619 708 3681 Verum
723 3617 907 3701 disputatio
922 3617 980 3684 ille
993 3623 1045 3684 est
1068 3637 1332 3703 supervacanea,
1350 3639 1392 3687 eo

214 3727 305 3808 quod
320 3746 390 3792 non
406 3727 508 3792 liceat
520 3725 692 3792 celebrare
708 3743 787 3790 cum
800 3725 892 3790 vasis
907 3745 982 3810 quae
999 3725 1104 3809 longo
1124 3745 1189 3793 usu
1210 3725 1394 3796 inauratio-

214 3835 506 3902 nemamiserunt.

702 4012 733 4063 ll.
751 4012 907 4076 campanae.

255 4161 473 4249 nidampanae
481 4165 636 4232 benedici
649 4168 906 4233 senoenseorari
914 4167 1050 4246 debent,
1063 4171 1248 4254 antequam
1258 4167 1393 4236 ineam-

215 4271 328 4354 panile
345 4275 607 4352 transferantur,
624 4280 662 4340 ut
675 4275 990 4342 constaterPontil.
1003 4276 1114 4358 Rom,
1124 4277 1174 4341 tit.
1188 4274 1394 4344 oeBenedic·

216 4383 306 4446 tione
320 4403 509 4469 campanae.
532 4385 682 4452 Verbum
697 4385 804 4467 debet,
825 4388 916 4472 quod
939 4385 1130 4464 adhibetur,
1154 4388 1395 4456 necessitatem

216 4488 390 4573 importat.
409 4491 648 4571 Confirmatur,
665 4495 744 4580 quia
766 4515 809 4560 ex
824 4495 1051 4562 declaratione
1066 4495 1098 4559 S.
1116 4493 1237 4579 Gongr.
1254 4497 1395 4562 Rituum

216 4596 311 4678 bjul.
335 4597 425 4677 1611,
446 4601 627 4686 episcopus
642 4603 822 4687 probibere
837 4605 960 4687 potest,
982 4622 1026 4670 nc
1051 4622 1226 4690 campanae
1239 4604 1395 4670 nondum

218 4705 407 4773 benedicte
422 4707 613 4793 pulsentur,
630 4715 705 4777 tum
726 4712 805 4796 quia
823 4712 999 4794 regulares
1013 4712 1089 4795 cogi
1104 4715 1249 4796 possunt
1263 4713 1305 4778 ab
1325 4710 1395 4794 epi-

359 4836 391 4878 n.
1000 4871 1003 4876 .
1215 4821 1255 4885 33
