3498 5572
845 549 897 594 JUS
919 546 1100 594 GANOb'lCUll.

877 752 1013 816 SECTIO
1036 751 1073 813 11.

522 909 569 960 De
585 905 740 974 patronis
756 917 940 970 eorumque
955 903 1092 969 turibus
1107 904 1143 956 et
1159 897 1431 968 oblinetlonlbus.

860 1077 880 1126 1.
899 1077 938 1128 be
953 1073 1092 1140 pauoris.

424 1214 472 1280 En
495 1213 603 1290 dictis,
628 1231 750 1280 omnes
767 1213 1023 1278 constituuntur
1038 1210 1172 1294 patroni
1198 1209 1257 1296 qui
1280 1226 1324 1272 ex
1350 1204 1562 1278 fundatione,

382 1324 634 1390 constructione
649 1322 705 1388 vel
726 1322 923 1399 donatione,
939 1322 1050 1388 sor-titi
1078 1325 1159 1386 suut
1181 1321 1239 1403 jus
1261 1319 1474 1401 patronatus,
1500 1312 1567 1376 nisi

384 1431 574 1515 specialiter
588 1432 697 1514 ajure
708 1429 965 1520 prohibeantur.
992 1428 1064 1494 lmo
1089 1427 1288 1494 venditione
1316 1427 1431 1508 potest
1458 1427 1567 1486 traus-

382 1540 463 1604 lerri
475 1541 533 1622 Jus
546 1542 768 1622 patronatus3
792 1544 908 1602 tamen
923 1538 1043 1622 nequit
1053 1536 1178 1601 directe
1199 1533 1397 1600 venditione
1413 1535 1448 1594 et
1475 1547 1567 1611 emp-

383 1648 475 1712 tione
489 1646 628 1730 acquiri,
645 1664 725 1710 curn
740 1647 784 1709 sit
794 1648 853 1729 jus
869 1645 1036 1728 spirituali
1051 1644 1236 1720 adnexum,
1254 1641 1314 1706 sed
1330 1639 1490 1705 indirecte
1506 1654 1567 1700 seu

384 1755 496 1840 quoad
508 1759 565 1840 jus
578 1756 669 1820 reale
692 1760 827 1820 tantum
841 1759 947 1840 (cono.
971 1754 1134 1828 Trident,
1153 1769 1237 1817 sess.
1255 1751 1306 1827 15,
1323 1767 1395 1830 cap.
1426 1747 1457 1810 9.
1486 1743 1568 1808 Vide

322 1939 324 1943 Ι
384 1863 604 1946 8111111131,
617 1864 651 1926 h.
670 1865 721 1927 111.
738 1883 773 1926 n.
794 1864 970 1946 111111).

425 1971 458 2054 o)
474 1969 622 2055 Caperes
637 1976 718 2036 sunt
729 1971 817 2054 juris
831 1975 1033 2055 patronatus
1050 1991 1057 2033 :
1075 1971 1106 2034 1⁰
1123 1987 1194 2034 nou
1209 1971 1345 2032 tentum
1363 1963 1487 2041 clerici,
1509 1961 1570 2026 sed

387 2080 491 2146 etiam
504 2078 592 2156 laici,
607 2099 651 2143 ex
665 2097 738 2162 cap.
755 2079 819 2142 lb.
835 2081 899 2156 tit,
917 2079 1021 2144 etiam
1035 2077 1204 2159 illegitimi
1225 2080 1260 2140 et
1278 2074 1395 2158 spurii,
1408 2072 1489 2156 quia
1511 2073 1571 2154 jus

385 2191 587 2270 patronatus
602 2206 674 2252 non
687 2191 741 2250 est
754 2191 824 2251 tam
837 2187 949 2252 honor
965 2203 1068 2270 quam
1089 2183 1322 2268 compensatio
1336 2201 1343 2259 ;
1367 2181 1401 2244 9⁰
1419 2179 1569 2256 lemine,

387 2315 430 2359 ex
443 2314 515 2379 cap.
529 2295 588 2358 lin.
605 2295 647 2358 de
663 2291 763 2360 Cone.
773 2293 898 2380 prae-bs
923 2295 1002 2378 quia
1016 2294 1146 2360 lemine
1164 2310 1227 2376 per
1245 2309 1282 2356 se
1304 2289 1361 2355 vel
1379 2305 1443 2372 per
1464 2286 1571 2352 alium

386 2407 549 2487 prestare
563 2407 685 2486 potest-
693 2401 930 2468 defensionem
945 2407 980 2467 et
993 2419 1111 2468 curam
1122 2398 1272 2465 ecelesia
1283 2413 1387 2482 quam
1402 2393 1572 2460 exstruxit

385 2510 439 2574 vel
454 2511 602 2587 dotavit3
616 2512 674 2593 jus
689 2509 773 2574 illud
786 2527 857 2575 uon
871 2509 993 2574 transit
1006 2509 1050 2574 ad
1064 2509 1188 2584 virum,
1206 2507 1235 2572 si
1255 2511 1308 2571 est
1321 2501 1502 2589 personale
1515 2499 1573 2566 vel

388 2619 562 2683 adnexum
575 2613 675 2682 bonis
684 2617 1006 2701 paraphernalibus;
1023 2635 1122 2682 secus
1132 2613 1340 2700 probabilius
1355 2613 1384 2678 si
1397 2613 1572 2679 adnexum

386 2732 478 2792 esset
492 2727 592 2793 bouis
606 2727 642 2790 in
657 2726 774 2792 dotem
788 2725 875 2790 datis
891 2747 898 2802 ;
915 2727 947 2790 3⁰
962 2726 1081 2811 pupilli
1105 2731 1139 2790 et
1159 2726 1332 2800 minores;
1358 2721 1500 2798 etenim,
1525 2737 1570 2784 ex

387 2855 456 2900 una
477 2840 585 2919 parte,
600 2838 680 2898 sunt
703 2851 844 2917 capaces
868 2834 956 2917 juris
982 2838 1195 2918 patronatus,
1220 2832 1309 2897 sicut
1323 2836 1404 2896 suut
1428 2845 1570 2913 capaces

386 2943 593 3008 haereditatis
607 2947 641 3006 et
651 2941 756 3023 legati
771 2941 894 3025 quibus
906 2943 964 3024 jus
979 2946 1179 3024 patronatus
1195 2946 1249 3005 est
1262 2940 1455 3012 adnexum;
1479 2942 1514 3002 et
1528 2955 1569 3002 ex

386 3050 503 3127 altera,
520 3053 665 3134 possunt
680 3067 741 3131 per
757 3067 838 3113 suos
859 3054 989 3114 tutores
1010 3053 1044 3113 et
1060 3054 1236 3114 curatores
1261 3047 1439 3112 ecclesiam
1455 3045 1572 3110 defen·

388 3159 479 3223 dere.
495 3157 528 3222 Si
540 3156 690 3242 pupillus
715 3157 919 3222 discretione
934 3157 1077 3233 fruatur,
1106 3157 1328 3240 praesentabit
1350 3174 1430 3220 cum
1456 3158 1571 3220 aueto-

386 3267 485 3331 ritate
500 3265 643 3342 tutoris;
661 3269 777 3330 tamen
790 3265 920 3330 valeret
934 3265 1154 3348 praesentatio
1169 3266 1258 3330 lacta
1277 3265 1351 3329 sine
1374 3263 1432 3330 illa
1454 3266 1571 3328 auoto-

385 3373 497 3451 ritate,
515 3373 595 3458 quia
607 3373 643 3438 in
657 3371 887 3457 spiritualibus
899 3373 1049 3457 pupillus
1064 3392 1135 3438 uon
1150 3373 1329 3457 subjicitur
1343 3373 1458 3438 tutori.

427 3482 457 3565 b)
468 3483 650 3567 incapaces
662 3481 840 3565 suutjuris
854 3487 1074 3566 patronatus:
1091 3483 1123 3546 l·
1135 3482 1243 3548 ludaei
1260 3487 1295 3547 et
1318 3481 1375 3548 alii
1399 3481 1565 3560 infideles,

387 3609 466 3655 cum
479 3590 611 3656 honore
623 3589 781 3656 Ecclesiae
796 3590 890 3672 digni
905 3609 976 3655 non
987 3591 1066 3668 sint,
1083 3593 1183 3674 etjus
1197 3595 1398 3674 patronatus
1409 3591 1453 3656 sit
1466 3591 1569 3676 privi-

387 3697 517 3779 legium
530 3697 956 3764 abEcelesiaconoessum.
971 3697 1066 3763 Unde
1087 3698 1116 3762 si
1134 3699 1225 3764 bona
1250 3699 1373 3784 quibus
1395 3699 1568 3765 adnexum

390 3810 443 3870 est
455 3808 514 3889 jus
535 3811 736 3890 patronatus
761 3807 947 3872 transirent
967 3805 1065 3872 titulo
1091 3807 1299 3872 haereditatis
1313 3807 1381 3872 ,vel
1400 3809 1505 3890 legati
1526 3807 1569 3872 ad

387 3913 541 3997 judaeum
554 3913 609 3980 vel
621 3915 806 3993 intldelem,
822 3915 964 3981 ecclesio
975 3915 1142 3981 aeditleata
1153 3915 1209 3980 vel
1224 3917 1340 3982 dotata
1360 3936 1381 3982 a
1396 3917 1567 3996 defuncte,

389 4022 444 4086 cui
459 4023 609 4087 succedit
618 4023 765 4106 judeus,
783 4030 875 4088 esset
888 4023 1004 4089 libera.
1031 4025 1192 4109 Sequitur
1206 4026 1310 4090 etiam
1330 4025 1422 4109 quod
1439 4028 1498 4109 jus
1512 4044 1569 4109 pa—

391 4135 547 4196 tronatus
569 4131 708 4213 regibus
722 4131 778 4197 vel
793 4133 962 4216 supremis
977 4133 1224 4217 imperantibus
1240 4151 1443 4200 concessum
1458 4132 1569 4220 quoad

392 4238 506 4324 aliqua
526 4239 691 4306 beneficia
707 4243 840 4326 majora
862 4240 918 4306 vel
947 4239 1082 4307 nunora
1103 4243 1140 4306 iu
1166 4242 1305 4308 illorum
1327 4243 1569 4328 imperantium

392 4347 562 4414 territorio
590 4349 665 4426 sita,
692 4349 766 4434 ipso
786 4351 876 4416 tacto
901 4349 1105 4428 aboleretur,
1134 4351 1162 4416 si
1183 4371 1331 4436 regnum
1353 4353 1513 4420 transiret
1527 4349 1570 4418 ad

390 4457 544 4540 judeum
557 4456 614 4522 vel
627 4456 811 4525 infidelem.

432 4567 465 4629 2⁰
480 4563 644 4644 Haeretici,
658 4565 738 4632 lieet
753 4567 821 4634 sint
836 4569 1005 4654 baptizati,
1029 4575 1065 4636 et
1085 4568 1133 4637 sic
1155 4569 1379 4657 subjiciantur
1402 4566 1567 4648 Ecclesiae,

394 4677 475 4740 sunt
490 4679 603 4740 tamen
615 4675 792 4758 incapaces
803 4677 891 4760 juris
904 4683 1122 4760 patronatus:
1139 4676 1186 4746 ita
1196 4695 1317 4747 omnes
1328 4679 1385 4745 GC.
1399 4679 1496 4747 Ratio
1507 4685 1572 4763 est,
