3504 5566
379 587 438 650 1811
836 601 887 646 tus
909 599 1091 646 ctuoutcutt.

376 723 503 781 annexis
526 721 593 779 aliis
613 719 760 790 ecclesiis,
776 719 981 789 monasteriis
1000 717 1212 791 hospitalibus,
1228 721 1280 776 aut
1298 717 1458 790 quibusvis
1479 718 1554 777 loeis

376 811 447 893 pits,
463 811 532 869 licet
544 809 692 882 exemptis
706 827 714 867 ε
729 824 764 866 ac
789 791 908 868 tandmn
930 809 1119 881 imponendae
1142 807 1309 866 redditibus
1335 809 1554 880 pcrtinentibus

376 900 412 958 ad
437 899 567 958 fabricas
588 899 795 970 ecclesiarum,
816 898 1086 966 confraternitates
1108 904 1136 955 et
1161 898 1342 958 monasteria
1361 897 1463 956 omnia
1481 898 1553 969 (non

376 995 475 1047 tamen
496 986 742 1062 mendicantium)
757 993 787 1044 et
803 987 928 1046 decimis
948 1002 1138 1062 quacumque
1161 987 1278 1044 ratione
1293 987 1501 1059 spectantibus
1516 987 1553 1045 ad

376 1079 481 1148 laicoS,
497 1083 527 1135 et
540 1077 651 1136 milites
674 1077 894 1150 cuiuscumque
914 1076 1029 1134 militiae
1052 1082 1105 1134 aut
1123 1075 1239 1135 ordinis
1258 1077 1394 1149 (excepto
1414 1076 1553 1133 Hieroso-

377 1168 542 1242 lymitano),
555 1181 611 1226 nec
621 1165 658 1224 ab
668 1167 781 1224 unione
795 1165 909 1239 aliquot
921 1165 1134 1224 beneficiorum
1146 1165 1345 1236 simplicium;
1357 1165 1445 1224 sicuti
1457 1180 1554 1237 nequo

377 1257 536 1314 adecretis
551 1261 656 1314 contra
670 1255 883 1314 scholasterias
909 1255 1091 1326 obtinentes,
1101 1254 1214 1328 quihus
1239 1253 1388 1326 lectionis,
1411 1256 1457 1314 vel
1482 1255 1554 1314 doc-

377 1346 463 1403 trinae
478 1360 591 1404 munus
605 1345 644 1404 ad
657 1345 826 1404 docendum
839 1350 891 1404 aut
905 1359 958 1416 per
971 1359 1014 1414 sa,
1030 1351 1083 1402 aut
1097 1359 1150 1416 per
1163 1343 1240 1402 alios
1253 1351 1301 1403 est
1315 1359 1477 1404 annexum.
1496 1348 1554 1404 Nec

375 1435 505 1508 denique
520 1451 539 1494 a
552 1433 794 1508 quibuscumque
808 1433 1035 1506 provisionibus
1053 1445 1167 1504 curam,
1189 1433 1395 1504 directionem,
1414 1439 1442 1490 et
1459 1433 1553 1492 adrni-

375 1525 583 1584 nistrationem
604 1523 758 1584 seminarii
777 1523 1022 1597 respicientibus,
1039 1523 1127 1597 juxta
1145 1522 1308 1580 tridentin.
1335 1525 1423 1596 (sess,
1448 1525 1497 1594 13,
1518 1521 1554 1580 de

375 1615 515 1686 Referre„
531 1630 557 1673 e.
576 1615 631 1687 ta).

409 1707 503 1764 XXlX.
527 1709 550 1764 Α
569 1705 721 1763 reddenda
741 1705 856 1763 ratione
878 1703 1152 1762 administrationis
1174 1708 1268 1776 geste
1285 1702 1323 1761 ab
1342 1717 1509 1773 oeooaomo,
1523 1709 1555 1761 et

375 1795 485 1854 vicario
504 1794 661 1869 capitulari
683 1798 817 1866 tempore
844 1793 926 1852 sedis
950 1793 1131 1866 episcopalis
1152 1793 1305 1864 vacantis,
1322 1793 1408 1866 juxta
1422 1793 1552 1850 trident.

374 1890 463 1962 (sess.
478 1891 525 1956 at,
541 1885 577 1944 da
589 1885 731 1958 Reform,
744 1900 770 1942 c.
789 1884 845 1956 td).

409 1979 491 2034 XXX.
507 1981 529 2034 11
545 1975 778 2034 comminatione
795 1973 1117 2032 excommunicationis
1131 1989 1149 2032 a
1161 1975 1228 2048 jure
1244 1974 1321 2043 latae,
1338 1978 1368 2030 ot
1381 1973 1554 2032 asententia

374 2066 587 2140 suspensionis
604 2071 634 2123 ct
655 2064 815 2132 interdicti,
837 2063 896 2122 nisi
915 2064 1075 2136 appellatio
1093 2065 1183 2122 fucrit
1202 2065 1382 2136 interposita
1402 2063 1554 2135 cacapite

374 2155 533 2224 nullitatis,
548 2160 579 2211 et
592 2169 608 2211 e
623 2167 800 2211 conversan
815 2153 964 2212 sententia
976 2152 1177 2212 absolutionis
1192 2153 1229 2212 ab
1244 2153 1353 2212 iisdem
1367 2153 1516 2212 censuris.

410 2246 504 2302 XXXf.
520 2242 564 2301 nb
578 2244 773 2301 exsecutione
784 2255 1045 2315 quorumcumque
1058 2242 1185 2301 aliorum
1198 2243 1395 2314 decretorum,
1418 2245 1553 2302 locorum

373 2333 535 2392 ordinariis
554 2347 572 2390 a
591 2333 721 2390 Trident.
738 2338 768 2390 et
791 2332 911 2390 constit.
936 2331 979 2388 Pii
1001 2333 1037 2389 111
1057 2331 1232 2391 Bertedt'cttta
1255 2333 1342 2402 dcto,
1365 2333 1553 2392 demandata.

408 2425 515 2482 XXXll.
533 2425 564 2480 ln
580 2421 731 2494 predictis
747 2421 889 2480 omnibus
903 2421 1006 2479 causis
1023 2422 1204 2493 permittitur
1218 2423 1347 2494 simplex
1360 2423 1507 2482 duntaxat
1525 2429 1553 2482 ct

373 2511 607 2587 extrnJ'udicialis
622 2527 766 2570 recursus
781 2512 817 2570 ad
834 2514 863 2569 S.
881 2511 998 2580 sedem,
1014 2517 1043 2568 et
1061 2511 1148 2584 J'uxta
1167 2527 1270 2570 eorum
1291 2519 1428 2572 naturam
1454 2515 1552 2586 appel-

373 2604 444 2676 latio
465 2603 495 2660 in
523 2602 590 2660 selo
610 2601 781 2660 devolutivo
801 2601 837 2663 ad
862 2615 940 2674 quos
962 2601 1079 2672 dejure
1104 2603 1170 2658 sine
1192 2602 1390 2660 retardatione
1412 2603 1552 2676 legitimae

372 2691 577 2750 exsecutionis
593 2690 780 2748 decretorum
796 2703 888 2761 super
896 2690 1010 2748 eisdem
1019 2689 1122 2748 causis
1138 2708 1145 2746 :
1161 2705 1316 2763 nunquam
1332 2696 1432 2749 autam
1446 2690 1553 2748 admit·

373 2782 472 2850 tenda,
488 2779 548 2837 nisi
564 2779 648 2852 prius
661 2779 792 2838 constito
810 2780 847 2837 de
865 2779 1000 2854 legitima
1014 2779 1081 2852 ejus
1102 2779 1340 2852 interpositione,
1356 2787 1385 2837 et
1401 2781 1431 2838 in
1450 2781 1552 2838 causis

373 2887 390 2928 a
400 2871 467 2943 jure
481 2869 651 2942 permissis.

408 2962 527 3018 XXXltl.
544 2961 573 3017 Si
582 2959 763 3034 denegatum
771 2959 861 3016 fuerit
869 2959 1103 3018 instrumentum
1111 2960 1364 3034 sententiaeque
1373 2959 1549 3032 appellatur,

372 3049 527 3122 appellans
542 3053 660 3106 tenetur
685 3047 850 3120 producere
876 3048 907 3105 in
936 3049 1090 3122 actiseJ'us
1117 3050 1234 3122 copiam
1258 3049 1440 3122 simplicem;
1466 3055 1496 3106 et
1520 3049 1551 3106 in

371 3137 550 3196 inhibitione
572 3135 767 3209 exprimenda
780 3141 828 3193 cst
841 3135 973 3193 conditio
989 3167 1023 3178 ·—
1038 3143 1190 3211 quatenus
1215 3153 1285 3196 uero
1309 3143 1395 3196 tenor
1418 3137 1550 3195 insertus

370 3241 438 3285 uere
453 3233 483 3283 et
502 3226 533 3283 in
548 3221 802 3284 substantialibus
825 3239 895 3282 cum
916 3225 1057 3298 originali
1073 3227 1244 3296 concordat,
1269 3227 1434 3298 eodemque
1458 3227 1550 3300 origi-

372 3317 432 3373 nali
446 3319 611 3388 presentes
625 3313 730 3372 litterae
745 3313 854 3374 sintin
876 3319 1008 3386 tempore
1023 3316 1222 3388 posteriores;
1246 3315 1380 3388 alioquin
1404 3315 1506 3385 nullae,
1522 3320 1552 3373 et

371 3407 462 3464 irrite
478 3409 659 3463 censeantur
673 3435 708 3446 -
723 3404 782 3462 sub
804 3403 1007 3476 infrascriptis
1027 3405 1126 3476 poenis
1148 3413 1287 3479 respectu
1305 3406 1500 3474 domnorum,
1516 3413 1551 3464 ut

371 3510 436 3568 seq.
452 3509 536 3555 num.
550 3497 658 3553 XXXV.

408 3586 528 3642 XXXIV.
538 3584 567 3642 Si
577 3582 758 3656 appellatam
767 3582 883 3642 fuerita
893 3583 1067 3658 gravamine
1076 3584 1157 3658 quod
1167 3585 1407 3658 perdefinitivam
1418 3586 1549 3658 reparari

373 3673 488 3748 nequit,
509 3673 607 3731 sibae
627 3679 674 3731 est
692 3673 729 3731 de
743 3673 945 3732 carceratione
961 3673 1023 3746 jam
1046 3679 1151 3732 secuta
1176 3690 1244 3733 cum
1266 3675 1407 3734 mandato
1424 3675 1548 3746 verbali,

372 3778 433 3820 non
449 3761 617 3820 admittitur
630 3761 799 3835 appellatio,
811 3763 872 3820 nisi
887 3763 972 3834 prius
987 3763 1118 3820 constito
1129 3764 1166 3822 de
1176 3765 1378 3824 carceratione
1391 3779 1444 3838 per
1457 3766 1547 3838 depo-

372 3853 511 3910 sitionem
527 3851 656 3910 duorum
672 3851 777 3910 saltem
792 3851 931 3921 testium;
945 3857 975 3909 et
987 3851 1106 3910 interim
1126 3854 1280 3926 appellans
1294 3867 1447 3914 remanere
1461 3853 1549 3913 debet

371 3943 402 3998 in
418 3956 546 4012 carcere,
562 3941 659 4000 donec
674 3939 759 3998 aliter
771 3939 905 4000 decisum
928 3939 1027 3998 fuerit.
1045 3941 1158 4000 sivero
1180 3957 1340 4016 gravamen
1355 3949 1403 4001 est
1423 3943 1460 4000 da
1482 3957 1549 4001 cen-

371 4034 452 4091 suris
469 4033 532 4105 jam
555 4031 693 4104 prolatis,
717 4030 763 4088 rel
782 4030 819 4089 de
834 4031 1067 4088 comminatione
1093 4033 1316 4102 cancerationis,
1341 4037 1474 4102 torturae,
1495 4037 1549 4091 aut

370 4135 579 4190 censurarum,
590 4119 777 4180 observanda
786 4120 1000 4194 estdispositio
1013 4121 1201 4180 decretorum
1210 4123 1319 4196 congr.
1331 4122 1547 4195 episcoporum

369 4209 426 4268 sub
451 4211 541 4268 clem.
559 4212 629 4280 vlll,
655 4209 742 4283 juxta
760 4209 977 4268 declarationes
1002 4211 1153 4268 Benedicti
1174 4213 1245 4281 Xlll,
1270 4211 1302 4268 in
1325 4212 1488 4283 appendice
1510 4213 1547 4270 ad

369 4301 458 4358 Cone.
476 4303 560 4358 Rom.
576 4297 628 4357 ili.
645 4329 679 4341 —
695 4299 736 4356 td
754 4304 787 4356 t‘z
801 4305 831 4357 et
846 4303 888 4364 ta,
905 4301 1057 4358 decretum
1071 4301 1161 4358 Clam.
1172 4303 1243 4358 Vlll.
1258 4331 1294 4342 -
1308 4301 1411 4370 Quoad
1427 4301 1547 4360 absolu·

368 4390 479 4446 tionem
492 4389 627 4446 ultimam
638 4403 656 4445 a
668 4388 818 4458 censuris,
831 4394 967 4446 servetur
978 4389 1137 4461 dispositio
1149 4389 1312 4462 supradicti
1331 4396 1363 4447 ta
1374 4391 1465 4448 Clam.
1475 4391 1546 4454 11111,

364 4477 732 4550 juxtaetiamcanonieam
747 4478 943 4546 sanctionem,
954 4478 1034 4550 quod
1045 4479 1076 4535 in
1087 4495 1160 4538 casu
1172 4485 1288 4538 constet
1297 4481 1334 4538 de
1345 4481 1466 4552 justitia
1478 4495 1548 4540 cen-

368 4581 520 4638 surarum,
529 4567 635 4625 debeat
649 4569 758 4626 remitti
769 4567 922 4626 absolutio
936 4567 1035 4625 danda
1048 4568 1085 4626 ad
1097 4567 1232 4641 judicem
1242 4585 1261 4627 α
1271 4583 1346 4643 qao:
1357 4571 1384 4628 si
1396 4585 1467 4628 vero
1478 4585 1546 4629 con-

367 4661 427 4714 stat
440 4656 518 4714 clare
533 4656 569 4714 de
583 4657 743 4730 injustitia,
755 4657 847 4730 judex
862 4657 902 4716 ad
915 4671 1003 4731 prtem
1016 4656 1240 4718 absolutionem
1256 4659 1418 4731 impendat.
1428 4661 1459 4719 Si
1474 4674 1544 4718 vero

365 4746 445 4805 adsit
471 4747 607 4806 dubietas
631 4762 669 4805 an
685 4748 774 4805 fuerit
796 4749 888 4822 justa,
911 4747 1070 4807 honestius
1086 4755 1166 4808 essct
1185 4755 1217 4806 ut
1236 4750 1273 4808 ad
1303 4751 1542 4809 excommunica·
