3498 5572
348 536 415 616 'tat
816 569 866 616 rus
888 571 1068 616 aaronem.

355 685 579 760 siasticomm,
595 703 671 768 quae
687 685 749 750 sibi
764 687 912 770 arripere
928 687 1040 751 conati
1057 691 1147 762 sunt,
1165 691 1202 750 ut
1216 689 1337 770 postea
1354 683 1411 750 illa
1433 685 1533 750 habe

355 796 433 857 rent
446 796 485 856 ut
498 792 733 858 connaturalia
746 793 848 874 regiae
862 795 1062 878 majestatis.

347 923 349 928 ’
394 899 587 965 Notandum
602 908 655 966 est
669 901 760 986 quod
770 904 828 984 jus
842 902 1027 966 advocatiae
1042 902 1110 966 late
1121 907 1308 985 sumptum,
1322 921 1384 966 sen
1392 901 1534 967 facultas

354 1011 392 1072 ct
408 1005 570 1090 obligatio
588 1010 758 1092 generalis
781 1010 987 1074 defendendi
1001 1009 1194 1086 Ecclesiam,
1216 1011 1379 1074 tundatur
1405 1011 1440 1074 in
1456 1013 1534 1093 jure

358 1117 516 1196 naturali,
531 1119 743 1200 cumreligio
770 1121 812 1183 sit
835 1121 1025 1185 maximnm
1050 1120 1180 1184 bonum
1211 1120 1382 1184 societatis
1404 1120 1533 1195 civilis;

358 1224 420 1290 sed
438 1225 636 1291 constitutio
657 1226 854 1310 specialium
878 1228 1097 1292 defensorum
1122 1227 1309 1311 repetenda
1335 1231 1387 1291 est
1414 1245 1435 1291 a
1457 1229 1534 1310 jure

354 1331 594 1412 ecclesiastico,
611 1355 672 1400 seu
688 1355 730 1400 ex
747 1336 962 1418 delegatione
975 1336 1130 1402 Ecclesiae
1152 1337 1308 1402 obtinuit.
1334 1335 1393 1400 Hic
1418 1341 1536 1401 notan·

355 1439 438 1506 dum
454 1443 612 1528 estquod
627 1445 749 1528 triplex
765 1447 985 1528 distinguitur
1004 1446 1155 1511 ecolesiae
1178 1465 1279 1511 cura:
1298 1447 1329 1508 l⁶
1350 1445 1535 1509 creatoribu-

354 1547 439 1627 dr'lis,
458 1571 533 1634 quae
545 1553 819 1646 Jurisdictionem
833 1555 936 1618 habet
948 1555 1117 1620 adnexam
1130 1575 1138 1630 ;
1152 1555 1185 1618 Ψ
1196 1553 1437 1628 ministerialis,
1456 1571 1533 1635 quer

355 1663 452 1724 actus
469 1660 619 1744 implicat
639 1661 832 1745 spirituales
850 1668 910 1727 aut
936 1662 1166 1746 spiritualibus
1194 1661 1366 1736 adnexos;
1397 1660 1535 1725 tandem

354 1765 388 1829 3⁵
409 1769 671 1851 provideatialis
699 1770 772 1834 sive
805 1789 900 1853 purae
929 1770 1182 1850 sollicitudinis;
1209 1789 1252 1834 ex
1280 1769 1377 1834 dictis
1403 1771 1537 1834 constat

355 1873 526 1958 duplicem
545 1878 694 1960 priorem
716 1878 878 1960 denegari
899 1880 1063 1963 patronis,
1089 1883 1123 1944 et
1148 1879 1225 1943 ideo
1252 1877 1317 1942 illis
1342 1881 1536 1960 competere

355 1984 492 2050 tertiam
509 1989 652 2050 tantum.
1138 2071 1143 2082 ι

394 2093 491 2159 Nora.
507 2096 555 2161 Ite
568 2097 655 2180 juris
668 2101 870 2180 patronatus
880 2100 1093 2182 probatione,
1107 2099 1340 2180 derogatione,
1353 2095 1538 2162 amissione

352 2203 458 2290 atque
473 2203 515 2270 de
528 2205 631 2274 variis
645 2206 756 2271 modis
781 2207 904 2290 quibus
928 2210 967 2272 fit
988 2209 1219 2292 praesentatio,
1249 2212 1326 2284 etc,
1343 2209 1451 2288 agunt
1478 2203 1536 2266 GC.

357 2311 424 2378 Sed
440 2312 610 2377 sulssciaut
624 2313 723 2392 diota,
740 2313 866 2380 relictis
877 2315 951 2381 aliis
965 2317 1108 2383 minoris
1121 2316 1288 2382 momenti
1313 2319 1348 2380 et
1363 2313 1423 2379 vix
1445 2329 1539 2396 prac-

357 2417 443 2486 ticis.

754 2831 940 2907 TITULUS
972 2832 1135 2906 xxxix,

535 3011 574 3060 DE
597 3013 754 3072 eadsinus,
779 3015 996 3060 EXACTIONIBUS
1017 3015 1055 3059 ET
1078 2993 1359 3060 ruocolrartoma'us
1458 3019 1459 3024 ’

398 3331 493 3398 Nora.
518 3333 611 3398 Sicut
632 3335 690 3417 jus
711 3339 910 3416 patronatus
934 3341 987 3400 est
1011 3353 1099 3400 onus
1123 3333 1261 3419 aliquod
1286 3331 1447 3408 ecclesiae,
1463 3346 1540 3412 quaa

357 3441 442 3507 alias
455 3447 547 3507 esset
558 3440 673 3506 liberae
686 3443 887 3522 collationis,
904 3445 952 3508 ita
969 3461 1104 3519 censue,
1122 3443 1317 3508 exactiones
1334 3445 1369 3504 et
1381 3453 1541 3522 procuro-

357 3549 470 3614 tiones
485 3555 566 3614 aunt
580 3569 685 3616 onera
697 3551 917 3616 ecclesiarum
932 3557 966 3616 et
980 3551 1244 3624 beneficiorum
1265 3547 1388 3614 deinde
1403 3561 1538 3618 censue,

359 3658 555 3722 exactiones
570 3662 605 3722 et
629 3659 885 3740 procurationes
906 3677 982 3742 quae
1005 3658 1047 3722 de
1070 3657 1290 3722 ecclesiarum
1317 3651 1540 3738 proventibus

360 3765 518 3849 episcopo
533 3770 615 3829 sunt
628 3766 830 3844 exbibenda,
847 3764 1029 3850 aliquando
1046 3766 1149 3830 etiarn
1164 3769 1308 3848 patrono
1322 3765 1539 3846 prestantur.

359 3869 448 3954 Ergo
463 3891 534 3939 non
545 3871 661 3957 inepto
675 3874 794 3940 ordine
806 3874 860 3938 bic
874 3873 992 3937 titulus
1006 3871 1173 3957 superiori
1188 3869 1418 3954 subjungitur.

808 4093 863 4160 §t
884 4091 925 4150 oe
945 4089 1094 4150 rensibus.

402 4261 434 4346 a)
452 4262 577 4328 Caesus
591 4279 720 4326 nomen
733 4261 904 4344 accipitur,
923 4259 978 4325 vel
1004 4259 1170 4325 latissime
1193 4274 1255 4342 pro
1277 4277 1319 4323 eo
1335 4255 1431 4323 omni
1451 4251 1542 4342 quod

360 4370 538 4436 aunuatim
551 4369 588 4434 in
603 4373 696 4434 certa
709 4369 897 4454 quantitate
918 4372 1111 4451 praestatur,
1137 4371 1172 4432 et
1195 4367 1243 4432 sic
1266 4367 1433 4431 tributum
1453 4383 1543 4430 conr-

360 4477 555 4562 prehendit;
572 4477 628 4543 vel
639 4477 706 4542 late
721 4495 784 4560 pro
798 4495 914 4542 annua
938 4476 1117 4559 pensione,
1145 4494 1221 4560 quae
1248 4475 1393 4540 solvitur
1407 4493 1450 4538 ex
1463 4491 1544 4538 con·

361 4589 469 4652 tractu
487 4587 739 4672 emphyteutico
755 4586 810 4652 vel
824 4586 1005 4663 censititio;
1019 4585 1075 4652 vel
1090 4585 1230 4650 tandem
1239 4585 1374 4670 proprie
1389 4583 1425 4649 in
1438 4600 1543 4648 sensu

359 4693 627 4779 hujusrubricae,
641 4696 879 4781 propensione
890 4713 1090 4779 annuaque
1107 4693 1381 4779 exproventibus
1391 4689 1542 4760 ecclesia
