3510 5574
559 585 647 631 cisun
668 585 794 632 renerus
815 585 1035 635 nscnsrsmur.
1329 562 1382 628 stt

210 705 322 764 erecta
337 719 344 762 :
362 715 443 764 nam
463 719 571 766 uuum
591 702 796 768 heneficium
814 703 934 788 nequit
954 699 1057 766 simul
1076 699 1210 765 duobus
1229 695 1386 766 conferri.

249 809 276 890 a)
291 807 531 872 solemnitates
544 807 674 874 eadem
689 815 770 874 sunt
784 810 871 875 acin
883 809 1089 876 alienatione
1108 809 1279 872 honorum
1293 805 1386 882 eccl,

211 914 821 984 valetiaminunionebenetlciorum.
831 915 1025 984 Notandum
1038 915 1390 1000 tamenquodepiscc·

210 1041 285 1106 pus,
302 1027 413 1088 stante
423 1025 518 1108 justa
531 1039 645 1101 causa,
664 1025 815 1090 dividere
831 1025 939 1109 possit
958 1024 1133 1101 beneficia,
1152 1024 1255 1088 etiam
1273 1022 1389 1086 invitis

211 1131 398 1196 rectoribus
413 1133 519 1218 (conc.
535 1133 636 1210 rud,
653 1153 738 1198 sess.
754 1135 805 1210 st,
821 1152 849 1199 c.
866 1133 897 1211 4,
915 1134 957 1198 de
972 1133 1147 1218 Reform).

252 1239 459 1321 01111νὶ0101ιί
470 1241 692 1324 adjungimus
704 1242 1043 1308 dismembrationcm
1054 1246 1089 1306 et
1099 1241 1388 1325 suppressionem.

211 1351 245 1412 1ο
268 1349 528 1414 Dismembrctio
555 1356 608 1415 est
636 1351 760 1416 ablatio
788 1353 894 1438 partis
924 1353 1097 1418 fructuum
1127 1370 1170 1416 ex
1196 1369 1265 1416 uno
1290 1351 1390 1414 bene-

210 1457 287 1522 11010
305 1457 349 1522 ad
369 1457 526 1536 alterum,
544 1479 587 1524 ex
598 1462 693 1544 justa
712 1479 815 1526 causa
830 1465 865 1526 et
878 1466 1016 1526 auctore
1033 1460 1203 1544 episcopo,
1221 1463 1390 1544 quatenus

211 1563 269 1630 tali
297 1567 473 1644 beneflcio,
504 1568 596 1651 quod
622 1575 744 1633 tenues
766 1569 920 1634 redditus
949 1569 1067 1644 habet,
1094 1568 1193 1633 aliter
1219 1563 1390 1651 provideri

212 1691 281 1738 non
306 1679 429 1758 potest.
450 1675 546 1741 lustu
558 1695 671 1754 causa,
694 1696 770 1762 quae
787 1678 944 1744 consistit
962 1679 998 1743 in
1015 1678 1179 1742 tenuitate
1195 1674 1391 1746 reddituum

211 1780 373 1859 ccclesia,
384 1783 439 1848 cui
451 1784 652 1868 providetur
663 1804 725 1868 per
736 1786 1086 1862 ‚dismembraticnem
1099 1783 1175 1849 talis
1188 1801 1264 1848 esse
1278 1779 1388 1856 debet,

212 1908 287 1971 quae
302 1891 468 1956 moralem
483 1894 722 1959 necessitatem
744 1893 799 1959 vel
820 1894 1016 1960 evidentem
1040 1891 1189 1958 ecolesiae
1210 1889 1392 1956 utilitatem

210 1997 350 2076 indicet,
373 2000 422 2064 ita
442 2005 480 2064 ut
502 2002 581 2066 huic
602 2000 752 2066 ecclcsiae
777 2003 875 2067 aliter
896 2005 1087 2085 opportune
1111 2003 1260 2083 nequeat
1282 1998 1391 2082 provi-

211 2105 293 2170 deri.
312 2107 574 2177 Dismamhratio
595 2117 649 2176 est
671 2112 878 2195 generaliter
899 2131 919 2178 a
939 2114 1017 2195 jure
1036 2111 1215 2196 prohibita,
1236 2105 1316 2192 quia
1340 2111 1392 2172 est

210 2220 329 2282 contra
352 2218 509 2301 regulam
531 2219 744 2302 generalem,
773 2239 849 2306 quae
875 2221 1025 2287 statuit«
1042 2224 1081 2284 nt
1102 2217 1267 2304 beneficia
1289 2213 1392 2281 eccle-

211 2325 346 2391 siastica
373 2327 446 2392 sine
471 2327 697 2394 diminutione
726 2330 947 2395 conterantur
962 2353 989 2392 ».
1007 2327 1072 2392 Sed
1099 2345 1142 2391 ex
1168 2329 1263 2410 justa
1289 2335 1392 2389 causa

211 2451 315 2518 supra
328 2441 519 2504 memorata
532 2439 749 2522 permittitur.
771 2439 845 2505 Alio
859 2439 963 2504 modo
976 2438 1177 2521 contingere
1193 2439 1308 2520 potest
1329 2433 1393 2500 dis-

211 2545 424 2623 membratio,
442 2547 577 2631 quando
593 2547 720 2613 scilicet
733 2566 813 2632 pars
828 2547 988 2614 territorii
1003 2555 1089 2632 quae‘
1100 2545 1143 2611 ad
1164 2562 1269 2610 unam
1290 2543 1392 2627 perti-

211 2653 314 2716 nebat
327 2655 520 2736 paroeciam‚
538 2654 635 2720 alteri
657 2657 827 2720 tribuitur.
840 2655 935 2722 Idem
950 2656 991 2721 de
1006 2656 1070 2720 hac
1090 2651 1391 2720 dismembraticnc
1414 2733 1415 2741 ἵ

213 2761 394 2826 dicendum
417 2767 470 2827 est
490 2781 529 2829 ac
554 2763 595 2828 de
619 2763 741 2841 altera;
757 2769 810 2830 ast
833 2765 869 2828 in
891 2767 970 2848 jure
995 2764 1124 2840 odiosa,
1148 2762 1209 2826 sed
1236 2779 1279 2826 ex
1298 2761 1393 2843 justa

212 2889 314 2936 causa
328 2871 542 2956 abepiscopo
556 2871 629 2937 deri
644 2865 768 2956 potest,
781 2873 885 2938 etiam
899 2872 1015 2936 invitis
1029 2871 1229 2937 rectoribus.

252 2979 285 3043 2⁰
314 2977 513 3064 suppressio
540 2987 593 3045 est
619 2981 734 3046 totalis
766 2981 923 3047 beneficii
956 2981 1136 3045 exstinctio
1169 2977 1391 3062 omniumque

210 3088 340 3170 jurium
355 3089 386 3152 ei
400 3089 656 3166 cohaerentium,
674 3109 716 3155 ex
727 3093 822 3173 justa
835 3109 949 3167 causa,
965 3095 1004 3155 ut
1018 3089 1184 3154 tenuitate
1196 3086 1393 3152 reddituum

214 3215 257 3260 ex
272 3197 395 3281 quihus
409 3198 556 3262 ministri
573 3197 618 3263 ali
632 3218 703 3264 non
723 3197 1096 3284 possunt.Ccno.T1id.
1116 3199 1211 3279 (sess.
1228 3193 1278 3272 st,
1295 3211 1323 3260 c.
1341 3197 1390 3272 15,

214 3304 254 3369 de
269 3305 431 3388 Reform.)
446 3307 610 3390 permittit
626 3309 784 3392 episcopo
804 3306 908 3372 talem
922 3305 1201 3392 suppressionem
1222 3304 1389 3382 beneficii,

214 3412 335 3478 saltem
353 3414 446 3498 quod
460 3434 530 3480 uon
545 3416 588 3479 sit
601 3415 759 3497 dignitas.
776 3417 902 3482 Locum
917 3415 1020 3481 habet
1040 3414 1209 3499 praeoipue
1232 3415 1267 3478 in
1291 3411 1393 3478 cccle-

215 3521 273 3584 siis
292 3520 479 3604 collegiatis
499 3541 574 3608 quae
595 3530 713 3590 carent
736 3543 881 3592 numero
901 3525 1145 3591 canonicorum
1165 3521 1330 3606 requisito
1351 3519 1394 3585 ad

215 3630 339 3696 decens
351 3632 464 3698 cultus
479 3633 689 3699 exercitium.

254 3739 292 3804 ln
321 3739 503 3818 divisione,
533 3743 834 3809 dismembratione
860 3749 895 3809 et
921 3741 1179 3828 suppressione,
1203 3736 1394 3822 generatim

214 3849 435 3932 requiruntur
448 3851 662 3916 conditiones
675 3871 736 3917 seu
751 3851 987 3919 solemnitates
998 3870 1060 3937 pro
1073 3849 1277 3916 alienatione
1290 3847 1395 3910 bono-

215 3973 292 4020 rum
318 3955 625 4024 ecclesiasticorum
648 3962 864 4046 praescripta,
880 3980 1006 4045 nempe
1030 3960 1145 4026 citatio
1169 3975 1289 4022 eorum
1313 3973 1394 4038 quc-

215 4079 292 4128 rum
306 4065 449 4131 interest
461 4073 496 4132 et
510 4065 576 4134 alia
589 4069 746 4151 superius
762 4075 962 4135 enumerata
978 4067 1090 4152 quoad
1105 4065 1280 4131 unionem.

698 4291 835 4356 SEGTIO
857 4293 910 4355 111.

548 4445 596 4504 De
613 4446 791 4504 conatione
806 4447 1059 4504 beneficiorum.

255 4607 313 4677 llic
327 4615 441 4694 agitur
453 4613 495 4679 de
509 4613 690 4680 collatione
706 4613 823 4692 libera,
842 4613 923 4678 dum
940 4611 1081 4678 collator
1101 4629 1163 4696 pro
1178 4609 1317 4676 arbitrio
1332 4623 1395 4672 suo

217 4726 330 4802 potest
344 4722 425 4786 dare
447 4723 649 4788 beneficium
665 4723 743 4788 huic
765 4722 820 4787 vel
841 4721 886 4786 illi
910 4721 1042 4798 clerico,
1060 4719 1331 4805 independenter
1354 4716 1395 4780 ab
