<?xml version="1.0" encoding="UTF-8"?>
<!DOCTYPE html PUBLIC "-//W3C//DTD XHTML 1.0 Transitional//EN"
    "http://www.w3.org/TR/xhtml1/DTD/xhtml1-transitional.dtd">
<html xmlns="http://www.w3.org/1999/xhtml" xml:lang="en" lang="en">
 <head>
  <title>
</title>
<meta http-equiv="Content-Type" content="text/html;charset=utf-8" />
  <meta name='ocr-system' content='tesseract 3.04.00' />
  <meta name='ocr-capabilities' content='ocr_page ocr_carea ocr_par ocr_line ocrx_word'/>
</head>
<body>
  <div class='ocr_page' id='page_1' title='image "./juscanonicumjux00grangoog_0145.png"; bbox 0 0 3504 5566; ppageno 0'>
   <div class='ocr_carea' id='block_1_1' title="bbox 514 573 1354 638">
    <p class='ocr_par' dir='ltr' id='par_1_1' title="bbox 514 573 1354 638">
     <span class='ocr_line' id='line_1_1' title="bbox 514 573 1354 638; baseline 0.005 -6"><span class='ocrx_word' id='word_1_1' title='bbox 514 589 601 634; x_wconf 85' lang='lat' dir='ltr'><strong>naen</strong></span> <span class='ocrx_word' id='word_1_2' title='bbox 623 590 774 636; x_wconf 83' lang='lat' dir='ltr'><strong>secunnns</strong></span> <span class='ocrx_word' id='word_1_3' title='bbox 796 591 1016 638; x_wconf 77' lang='lat' dir='ltr'><strong>necenrxuuu.</strong></span> <span class='ocrx_word' id='word_1_4' title='bbox 1297 573 1354 636; x_wconf 93' lang='grc'><strong>133</strong></span> 
     </span>
    </p>
   </div>
   <div class='ocr_carea' id='block_1_2' title="bbox 180 707 1460 794">
    <p class='ocr_par' dir='ltr' id='par_1_2' title="bbox 180 707 1460 794">
     <span class='ocr_line' id='line_1_2' title="bbox 180 707 1460 794; baseline 0.004 -19"><span class='ocrx_word' id='word_1_5' title='bbox 180 713 299 776; x_wconf 87' lang='lat' dir='ltr'><strong>contra</strong></span> <span class='ocrx_word' id='word_1_6' title='bbox 321 707 537 785; x_wconf 90' lang='lat' dir='ltr'><strong>sententiam,</strong></span> <span class='ocrx_word' id='word_1_7' title='bbox 557 712 593 773; x_wconf 89' lang='lat' dir='ltr'><strong>et</strong></span> <span class='ocrx_word' id='word_1_8' title='bbox 609 710 801 791; x_wconf 78' lang='lat' dir='ltr'><strong>generatim</strong></span> <span class='ocrx_word' id='word_1_9' title='bbox 816 729 892 794; x_wconf 83' lang='lat' dir='ltr'><strong>quse</strong></span> <span class='ocrx_word' id='word_1_10' title='bbox 908 709 1163 774; x_wconf 79' lang='lat' dir='ltr'><strong>exsecutionem</strong></span> <span class='ocrx_word' id='word_1_11' title='bbox 1177 711 1355 775; x_wconf 81' lang='lat' dir='ltr'><strong>sententies</strong></span> <span class='ocrx_word' id='word_1_12' title='bbox 1457 769 1460 780; x_wconf 93' lang='lat'><em>.</em></span> 
     </span>
    </p>
   </div>
   <div class='ocr_carea' id='block_1_3' title="bbox 181 811 1357 1438">
    <p class='ocr_par' dir='ltr' id='par_1_3' title="bbox 181 811 1357 1438">
     <span class='ocr_line' id='line_1_3' title="bbox 181 811 1357 896; baseline 0 -20"><span class='ocrx_word' id='word_1_13' title='bbox 181 812 393 896; x_wconf 90' lang='lat' dir='ltr'><strong>impediunt:</strong></span> <span class='ocrx_word' id='word_1_14' title='bbox 423 829 521 876; x_wconf 87' lang='lat' dir='ltr'><strong>secus</strong></span> <span class='ocrx_word' id='word_1_15' title='bbox 545 817 686 894; x_wconf 87' lang='lat' dir='ltr'><strong>gravato</strong></span> <span class='ocrx_word' id='word_1_16' title='bbox 709 831 779 877; x_wconf 90' lang='lat' dir='ltr'><strong>non</strong></span> <span class='ocrx_word' id='word_1_17' title='bbox 802 818 997 896; x_wconf 89' lang='lat' dir='ltr'><strong>superesset</strong></span> <span class='ocrx_word' id='word_1_18' title='bbox 1020 811 1229 878; x_wconf 87' lang='lat' dir='ltr'><strong>ordinarium</strong></span> <span class='ocrx_word' id='word_1_19' title='bbox 1247 831 1357 878; x_wconf 90' lang='lat' dir='ltr'><strong>reme-</strong></span> 
     </span>
     <span class='ocr_line' id='line_1_4' title="bbox 181 919 1357 1005; baseline 0.002 -21"><span class='ocrx_word' id='word_1_20' title='bbox 181 921 286 996; x_wconf 90' lang='lat' dir='ltr'>dium,</span> <span class='ocrx_word' id='word_1_21' title='bbox 307 920 372 984; x_wconf 91' lang='lat' dir='ltr'><strong>nisi</strong></span> <span class='ocrx_word' id='word_1_22' title='bbox 393 919 638 1005; x_wconf 81' lang='lat' dir='ltr'><strong>appellationis.</strong></span> <span class='ocrx_word' id='word_1_23' title='bbox 659 919 753 986; x_wconf 88' lang='lat' dir='ltr'><strong>Unde</strong></span> <span class='ocrx_word' id='word_1_24' title='bbox 771 919 886 1004; x_wconf 93' lang='lat' dir='ltr'><strong>plures</strong></span> <span class='ocrx_word' id='word_1_25' title='bbox 907 919 1195 1004; x_wconf 82' lang='lat' dir='ltr'><strong>aJuriseousultis</strong></span> <span class='ocrx_word' id='word_1_26' title='bbox 1217 939 1357 986; x_wconf 90' lang='lat' dir='ltr'><strong>enume-</strong></span> 
     </span>
     <span class='ocr_line' id='line_1_5' title="bbox 182 1028 1357 1114; baseline 0.002 -22"><span class='ocrx_word' id='word_1_27' title='bbox 182 1033 300 1093; x_wconf 90' lang='lat' dir='ltr'><strong>rantur</strong></span> <span class='ocrx_word' id='word_1_28' title='bbox 316 1029 542 1112; x_wconf 84' lang='lat' dir='ltr'><strong>exceptiones,</strong></span> <span class='ocrx_word' id='word_1_29' title='bbox 571 1047 647 1114; x_wconf 74' lang='lat' dir='ltr'><strong>quse</strong></span> <span class='ocrx_word' id='word_1_30' title='bbox 671 1029 713 1093; x_wconf 92' lang='lat' dir='ltr'><strong>ab</strong></span> <span class='ocrx_word' id='word_1_31' title='bbox 728 1029 810 1112; x_wconf 89' lang='lat' dir='ltr'><strong>ipsis</strong></span> <span class='ocrx_word' id='word_1_32' title='bbox 833 1035 1000 1104; x_wconf 84' lang='lat' dir='ltr'><strong>vocantur</strong></span> <span class='ocrx_word' id='word_1_33' title='bbox 1014 1028 1182 1093; x_wconf 78' lang='lat' dir='ltr'><strong>onomate</strong></span> <span class='ocrx_word' id='word_1_34' title='bbox 1196 1047 1257 1093; x_wconf 92' lang='lat' dir='ltr'><strong>seu</strong></span> <span class='ocrx_word' id='word_1_35' title='bbox 1278 1029 1357 1094; x_wconf 80' lang='lat' dir='ltr'><strong>irre-</strong></span> 
     </span>
     <span class='ocr_line' id='line_1_6' title="bbox 182 1136 1357 1222; baseline 0.002 -22"><span class='ocrx_word' id='word_1_36' title='bbox 182 1137 326 1220; x_wconf 72' lang='lat' dir='ltr'><strong>gulares,</strong></span> <span class='ocrx_word' id='word_1_37' title='bbox 342 1155 485 1222; x_wconf 73' lang='lat' dir='ltr'><strong>quaeque</strong></span> <span class='ocrx_word' id='word_1_38' title='bbox 500 1137 645 1222; x_wconf 89' lang='lat' dir='ltr'><strong>proponi</strong></span> <span class='ocrx_word' id='word_1_39' title='bbox 659 1141 803 1220; x_wconf 87' lang='lat' dir='ltr'><strong>possunt</strong></span> <span class='ocrx_word' id='word_1_40' title='bbox 827 1141 907 1202; x_wconf 91' lang='lat' dir='ltr'><strong>ante</strong></span> <span class='ocrx_word' id='word_1_41' title='bbox 922 1137 977 1201; x_wconf 89' lang='lat' dir='ltr'><strong>vel</strong></span> <span class='ocrx_word' id='word_1_42' title='bbox 990 1142 1069 1220; x_wconf 88' lang='lat' dir='ltr'><strong>post</strong></span> <span class='ocrx_word' id='word_1_43' title='bbox 1079 1136 1174 1201; x_wconf 89' lang='lat' dir='ltr'><strong>litem</strong></span> <span class='ocrx_word' id='word_1_44' title='bbox 1189 1140 1357 1202; x_wconf 88' lang='lat' dir='ltr'><strong>contesta-</strong></span> 
     </span>
     <span class='ocr_line' id='line_1_7' title="bbox 183 1245 1354 1329; baseline -0.001 -20"><span class='ocrx_word' id='word_1_45' title='bbox 183 1248 253 1309; x_wconf 90' lang='lat' dir='ltr'><strong>tam</strong></span> <span class='ocrx_word' id='word_1_46' title='bbox 277 1265 284 1306; x_wconf 93' lang='lat'><strong>:</strong></span> <span class='ocrx_word' id='word_1_47' title='bbox 311 1246 358 1309; x_wconf 89' lang='lat' dir='ltr'><strong>ita</strong></span> <span class='ocrx_word' id='word_1_48' title='bbox 384 1246 538 1328; x_wconf 74' lang='lat' dir='ltr'><strong>exceptio</strong></span> <span class='ocrx_word' id='word_1_49' title='bbox 560 1245 684 1329; x_wconf 84' lang='lat' dir='ltr'><strong>judicis</strong></span> <span class='ocrx_word' id='word_1_50' title='bbox 709 1246 849 1310; x_wconf 90' lang='lat' dir='ltr'><strong>omnino</strong></span> <span class='ocrx_word' id='word_1_51' title='bbox 875 1245 1151 1328; x_wconf 91' lang='lat' dir='ltr'><strong>incompetentis‚</strong></span> <span class='ocrx_word' id='word_1_52' title='bbox 1182 1245 1354 1319; x_wconf 84' lang='lat' dir='ltr'><strong>feriarum,</strong></span> 
     </span>
     <span class='ocr_line' id='line_1_8' title="bbox 182 1353 995 1438; baseline -0.002 -20"><span class='ocrx_word' id='word_1_53' title='bbox 182 1354 390 1438; x_wconf 78' lang='lat' dir='ltr'><strong>gravaminis</strong></span> <span class='ocrx_word' id='word_1_54' title='bbox 405 1353 598 1430; x_wconf 87' lang='lat' dir='ltr'><strong>successivi,</strong></span> <span class='ocrx_word' id='word_1_55' title='bbox 617 1354 752 1420; x_wconf 81' lang='lat' dir='ltr'><strong>termini</strong></span> <span class='ocrx_word' id='word_1_56' title='bbox 766 1355 914 1436; x_wconf 80' lang='lat' dir='ltr'><strong>angusti,</strong></span> <span class='ocrx_word' id='word_1_57' title='bbox 933 1357 995 1424; x_wconf 89' lang='lat' dir='ltr'><strong>etc.</strong></span> 
     </span>
    </p>
   </div>
   <div class='ocr_carea' id='block_1_4' title="bbox 416 1576 1126 1679">
    <p class='ocr_par' dir='ltr' id='par_1_4' title="bbox 416 1576 1126 1679">
     <span class='ocr_line' id='line_1_9' title="bbox 416 1576 1126 1679; baseline 0.001 -17"><span class='ocrx_word' id='word_1_58' title='bbox 416 1605 433 1678; x_wconf 67' lang='grc'>5</span> <span class='ocrx_word' id='word_1_59' title='bbox 452 1607 498 1663; x_wconf 93' lang='grc'>111.</span> <span class='ocrx_word' id='word_1_60' title='bbox 518 1605 560 1663; x_wconf 83' lang='lat' dir='ltr'><strong>Dc</strong></span> <span class='ocrx_word' id='word_1_61' title='bbox 572 1576 677 1678; x_wconf 36' lang='lat' dir='ltr'><strong>&#39;formo</strong></span> <span class='ocrx_word' id='word_1_62' title='bbox 694 1611 723 1664; x_wconf 86' lang='lat' dir='ltr'><strong>et</strong></span> <span class='ocrx_word' id='word_1_63' title='bbox 742 1603 892 1678; x_wconf 67' lang='lat' dir='ltr'><strong>effectibus</strong></span> <span class='ocrx_word' id='word_1_64' title='bbox 910 1605 1126 1679; x_wconf 58' lang='lat' dir='ltr'><strong>moenam.</strong></span> 
     </span>
    </p>
   </div>
   <div class='ocr_carea' id='block_1_5' title="bbox 166 1795 1475 4597">
    <p class='ocr_par' dir='ltr' id='par_1_5' title="bbox 185 1795 1382 2206">
     <span class='ocr_line' id='line_1_10' title="bbox 225 1795 1356 1880; baseline 0 -20"><span class='ocrx_word' id='word_1_65' title='bbox 225 1795 257 1878; x_wconf 87' lang='lat' dir='ltr'><strong>o)</strong></span> <span class='ocrx_word' id='word_1_66' title='bbox 282 1795 505 1880; x_wconf 88' lang='lat' dir='ltr'><strong>Exceptiones</strong></span> <span class='ocrx_word' id='word_1_67' title='bbox 534 1797 565 1859; x_wconf 81' lang='lat'><strong>1⁰</strong></span> <span class='ocrx_word' id='word_1_68' title='bbox 584 1796 729 1880; x_wconf 93' lang='lat' dir='ltr'><strong>proponi</strong></span> <span class='ocrx_word' id='word_1_69' title='bbox 751 1801 897 1880; x_wconf 88' lang='lat' dir='ltr'><strong>possunt</strong></span> <span class='ocrx_word' id='word_1_70' title='bbox 927 1796 1049 1878; x_wconf 86' lang='lat' dir='ltr'><strong>scripto</strong></span> <span class='ocrx_word' id='word_1_71' title='bbox 1075 1795 1129 1859; x_wconf 91' lang='lat' dir='ltr'><strong>vel</strong></span> <span class='ocrx_word' id='word_1_72' title='bbox 1156 1796 1234 1860; x_wconf 86' lang='lat' dir='ltr'><strong>vive</strong></span> <span class='ocrx_word' id='word_1_73' title='bbox 1263 1814 1356 1870; x_wconf 88' lang='lat' dir='ltr'><strong>voce,</strong></span> 
     </span>
     <span class='ocr_line' id='line_1_11' title="bbox 185 1904 1359 1988; baseline -0.002 -18"><span class='ocrx_word' id='word_1_74' title='bbox 185 1904 371 1970; x_wconf 89' lang='lat' dir='ltr'><strong>dummodo</strong></span> <span class='ocrx_word' id='word_1_75' title='bbox 393 1907 627 1988; x_wconf 82' lang='lat' dir='ltr'><strong>proponantur</strong></span> <span class='ocrx_word' id='word_1_76' title='bbox 652 1904 797 1969; x_wconf 86' lang='lat' dir='ltr'><strong>clareat</strong></span> <span class='ocrx_word' id='word_1_77' title='bbox 820 1904 1055 1980; x_wconf 91' lang='lat' dir='ltr'><strong>determinate,</strong></span> <span class='ocrx_word' id='word_1_78' title='bbox 1078 1908 1117 1966; x_wconf 91' lang='lat' dir='ltr'><strong>ut</strong></span> <span class='ocrx_word' id='word_1_79' title='bbox 1136 1907 1194 1988; x_wconf 83' lang='lat' dir='ltr'><strong>jus</strong></span> <span class='ocrx_word' id='word_1_80' title='bbox 1209 1907 1244 1970; x_wconf 89' lang='lat' dir='ltr'><strong>et</strong></span> <span class='ocrx_word' id='word_1_81' title='bbox 1257 1921 1359 1970; x_wconf 91' lang='lat' dir='ltr'><strong>causa</strong></span> 
     </span>
     <span class='ocr_line' id='line_1_12' title="bbox 185 2011 1359 2098; baseline -0.002 -20"><span class='ocrx_word' id='word_1_82' title='bbox 185 2012 374 2096; x_wconf 83' lang='lat' dir='ltr'><strong>excipiendi</strong></span> <span class='ocrx_word' id='word_1_83' title='bbox 395 2016 564 2096; x_wconf 87' lang='lat' dir='ltr'><strong>appareat.</strong></span> <span class='ocrx_word' id='word_1_84' title='bbox 581 2012 751 2098; x_wconf 79' lang='lat' dir='ltr'><strong>Excipitur</strong></span> <span class='ocrx_word' id='word_1_85' title='bbox 773 2013 802 2076; x_wconf 89' lang='lat' dir='ltr'><strong>si</strong></span> <span class='ocrx_word' id='word_1_86' title='bbox 816 2017 1051 2096; x_wconf 92' lang='lat' dir='ltr'><strong>proponantur</strong></span> <span class='ocrx_word' id='word_1_87' title='bbox 1064 2030 1126 2096; x_wconf 92' lang='lat' dir='ltr'><strong>per</strong></span> <span class='ocrx_word' id='word_1_88' title='bbox 1145 2011 1287 2077; x_wconf 91' lang='lat' dir='ltr'><strong>modum</strong></span> <span class='ocrx_word' id='word_1_89' title='bbox 1306 2031 1359 2078; x_wconf 91' lang='lat' dir='ltr'><strong>ac·</strong></span> 
     </span>
     <span class='ocr_line' id='line_1_13' title="bbox 187 2112 1382 2206; baseline -0.003 -20"><span class='ocrx_word' id='word_1_90' title='bbox 187 2122 298 2198; x_wconf 86' lang='lat' dir='ltr'><strong>tionis,</strong></span> <span class='ocrx_word' id='word_1_91' title='bbox 315 2140 382 2206; x_wconf 88' lang='lat' dir='ltr'><strong>quo</strong></span> <span class='ocrx_word' id='word_1_92' title='bbox 395 2139 476 2186; x_wconf 92' lang='lat' dir='ltr'><strong>casu</strong></span> <span class='ocrx_word' id='word_1_93' title='bbox 490 2120 692 2202; x_wconf 86' lang='lat' dir='ltr'><strong>regulariter</strong></span> <span class='ocrx_word' id='word_1_94' title='bbox 705 2122 741 2185; x_wconf 92' lang='lat' dir='ltr'><strong>in</strong></span> <span class='ocrx_word' id='word_1_95' title='bbox 751 2121 914 2204; x_wconf 90' lang='lat' dir='ltr'><strong>scriptum</strong></span> <span class='ocrx_word' id='word_1_96' title='bbox 928 2119 1124 2204; x_wconf 80' lang='lat' dir='ltr'><strong>redigendae</strong></span> <span class='ocrx_word' id='word_1_97' title='bbox 1136 2124 1224 2184; x_wconf 89' lang='lat' dir='ltr'><strong>sunt.</strong></span> <span class='ocrx_word' id='word_1_98' title='bbox 1375 2112 1382 2126; x_wconf 87' lang='lat'>&#39;</span> 
     </span>
    </p>

    <p class='ocr_par' dir='ltr' id='par_1_6' title="bbox 183 2228 1361 2850">
     <span class='ocr_line' id='line_1_14' title="bbox 225 2228 1359 2313; baseline -0.004 -17"><span class='ocrx_word' id='word_1_99' title='bbox 225 2231 257 2296; x_wconf 66' lang='lat'><strong>2⁰</strong></span> <span class='ocrx_word' id='word_1_100' title='bbox 272 2228 413 2308; x_wconf 81' lang='lat' dir='ltr'><strong>Quando</strong></span> <span class='ocrx_word' id='word_1_101' title='bbox 427 2229 541 2312; x_wconf 88' lang='lat' dir='ltr'><strong>plures</strong></span> <span class='ocrx_word' id='word_1_102' title='bbox 557 2229 775 2313; x_wconf 76' lang='lat' dir='ltr'><strong>exceptiones</strong></span> <span class='ocrx_word' id='word_1_103' title='bbox 802 2228 965 2295; x_wconf 80' lang='lat' dir='ltr'><strong>dilatoriae</strong></span> <span class='ocrx_word' id='word_1_104' title='bbox 983 2233 1194 2312; x_wconf 85' lang='lat' dir='ltr'><strong>competunt,</strong></span> <span class='ocrx_word' id='word_1_105' title='bbox 1211 2247 1359 2312; x_wconf 85' lang='lat' dir='ltr'><strong>sequens</strong></span> 
     </span>
     <span class='ocr_line' id='line_1_15' title="bbox 185 2335 1361 2420; baseline -0.003 -18"><span class='ocrx_word' id='word_1_106' title='bbox 185 2339 274 2402; x_wconf 92' lang='lat' dir='ltr'><strong>inter</strong></span> <span class='ocrx_word' id='word_1_107' title='bbox 288 2336 362 2402; x_wconf 87' lang='lat' dir='ltr'><strong>illas</strong></span> <span class='ocrx_word' id='word_1_108' title='bbox 375 2340 577 2403; x_wconf 89' lang='lat' dir='ltr'><strong>observatur</strong></span> <span class='ocrx_word' id='word_1_109' title='bbox 590 2337 673 2403; x_wconf 90' lang='lat' dir='ltr'><strong>ordo</strong></span> <span class='ocrx_word' id='word_1_110' title='bbox 690 2357 698 2398; x_wconf 92' lang='lat'>:</span> <span class='ocrx_word' id='word_1_111' title='bbox 715 2336 938 2420; x_wconf 90' lang='lat' dir='ltr'><strong>proponenda</strong></span> <span class='ocrx_word' id='word_1_112' title='bbox 951 2339 1004 2400; x_wconf 90' lang='lat' dir='ltr'><strong>est</strong></span> <span class='ocrx_word' id='word_1_113' title='bbox 1015 2335 1072 2400; x_wconf 89' lang='lat' dir='ltr'><strong>illa</strong></span> <span class='ocrx_word' id='word_1_114' title='bbox 1090 2354 1167 2420; x_wconf 79' lang='lat' dir='ltr'><strong>quae</strong></span> <span class='ocrx_word' id='word_1_115' title='bbox 1181 2336 1361 2419; x_wconf 90' lang='lat' dir='ltr'><strong>impugnat</strong></span> 
     </span>
     <span class='ocr_line' id='line_1_16' title="bbox 183 2444 1360 2530; baseline -0.003 -20"><span class='ocrx_word' id='word_1_116' title='bbox 183 2445 354 2528; x_wconf 87' lang='lat' dir='ltr'><strong>judicem;</strong></span> <span class='ocrx_word' id='word_1_117' title='bbox 372 2446 494 2511; x_wconf 91' lang='lat' dir='ltr'><strong>deinde</strong></span> <span class='ocrx_word' id='word_1_118' title='bbox 510 2446 749 2530; x_wconf 88' lang='lat' dir='ltr'><strong>excipiendum</strong></span> <span class='ocrx_word' id='word_1_119' title='bbox 769 2450 821 2510; x_wconf 88' lang='lat' dir='ltr'><strong>est</strong></span> <span class='ocrx_word' id='word_1_120' title='bbox 839 2450 958 2510; x_wconf 86' lang='lat' dir='ltr'><strong>contra</strong></span> <span class='ocrx_word' id='word_1_121' title='bbox 976 2444 1187 2528; x_wconf 87' lang='lat' dir='ltr'><strong>rescriptum,</strong></span> <span class='ocrx_word' id='word_1_122' title='bbox 1211 2445 1290 2528; x_wconf 88' lang='lat' dir='ltr'><strong>quia</strong></span> <span class='ocrx_word' id='word_1_123' title='bbox 1308 2449 1360 2509; x_wconf 88' lang='lat' dir='ltr'><strong>est</strong></span> 
     </span>
     <span class='ocr_line' id='line_1_17' title="bbox 187 2553 1360 2638; baseline 0.002 -22"><span class='ocrx_word' id='word_1_124' title='bbox 187 2554 348 2618; x_wconf 88' lang='lat' dir='ltr'><strong>vitiosum</strong></span> <span class='ocrx_word' id='word_1_125' title='bbox 371 2574 432 2638; x_wconf 91' lang='lat' dir='ltr'><strong>per</strong></span> <span class='ocrx_word' id='word_1_126' title='bbox 465 2555 700 2638; x_wconf 88' lang='lat' dir='ltr'><strong>obreptionem</strong></span> <span class='ocrx_word' id='word_1_127' title='bbox 723 2553 779 2618; x_wconf 90' lang='lat' dir='ltr'><strong>vel</strong></span> <span class='ocrx_word' id='word_1_128' title='bbox 803 2555 1075 2638; x_wconf 67' lang='lat' dir='ltr'><strong>subreptionem</strong></span> <span class='ocrx_word' id='word_1_129' title='bbox 1099 2556 1219 2635; x_wconf 92' lang='lat' dir='ltr'><strong>postea</strong></span> <span class='ocrx_word' id='word_1_130' title='bbox 1242 2556 1360 2618; x_wconf 87' lang='lat' dir='ltr'><strong>contra</strong></span> 
     </span>
     <span class='ocr_line' id='line_1_18' title="bbox 186 2661 1360 2746; baseline -0.003 -18"><span class='ocrx_word' id='word_1_131' title='bbox 186 2680 369 2744; x_wconf 90' lang='lat' dir='ltr'><strong>personam</strong></span> <span class='ocrx_word' id='word_1_132' title='bbox 382 2661 506 2726; x_wconf 86' lang='lat' dir='ltr'><strong>actoris</strong></span> <span class='ocrx_word' id='word_1_133' title='bbox 518 2661 575 2726; x_wconf 82' lang='lat' dir='ltr'><strong>vel</strong></span> <span class='ocrx_word' id='word_1_134' title='bbox 585 2661 823 2746; x_wconf 85' lang='lat' dir='ltr'><strong>procuratoris,</strong></span> <span class='ocrx_word' id='word_1_135' title='bbox 839 2666 873 2724; x_wconf 89' lang='lat' dir='ltr'><strong>et</strong></span> <span class='ocrx_word' id='word_1_136' title='bbox 883 2661 1021 2726; x_wconf 91' lang='lat' dir='ltr'><strong>tandem</strong></span> <span class='ocrx_word' id='word_1_137' title='bbox 1033 2665 1151 2725; x_wconf 88' lang='lat' dir='ltr'><strong>contra</strong></span> <span class='ocrx_word' id='word_1_138' title='bbox 1160 2661 1270 2743; x_wconf 86' lang='lat' dir='ltr'><strong>ipsam</strong></span> <span class='ocrx_word' id='word_1_139' title='bbox 1282 2678 1360 2726; x_wconf 88' lang='lat' dir='ltr'><strong>cau·-</strong></span> 
     </span>
     <span class='ocr_line' id='line_1_19' title="bbox 188 2770 496 2850; baseline -0.006 -16"><span class='ocrx_word' id='word_1_140' title='bbox 188 2770 413 2850; x_wconf 48' lang='lat' dir='ltr'><strong>samrlooum,</strong></span> <span class='ocrx_word' id='word_1_141' title='bbox 433 2778 496 2836; x_wconf 84' lang='lat' dir='ltr'><strong>etc.</strong></span> 
     </span>
    </p>

    <p class='ocr_par' dir='ltr' id='par_1_7' title="bbox 187 2878 1359 3180">
     <span class='ocr_line' id='line_1_20' title="bbox 226 2878 1359 2965; baseline 0 -23"><span class='ocrx_word' id='word_1_142' title='bbox 226 2881 258 2942; x_wconf 77' lang='grc' dir='ltr'><strong>3ο</strong></span> <span class='ocrx_word' id='word_1_143' title='bbox 285 2878 401 2944; x_wconf 86' lang='lat' dir='ltr'><strong>Plures</strong></span> <span class='ocrx_word' id='word_1_144' title='bbox 426 2881 571 2944; x_wconf 85' lang='lat' dir='ltr'><strong>simula</strong></span> <span class='ocrx_word' id='word_1_145' title='bbox 602 2899 660 2946; x_wconf 89' lang='lat' dir='ltr'><strong>reo</strong></span> <span class='ocrx_word' id='word_1_146' title='bbox 686 2881 826 2965; x_wconf 87' lang='lat' dir='ltr'><strong>proponi</strong></span> <span class='ocrx_word' id='word_1_147' title='bbox 854 2884 999 2964; x_wconf 87' lang='lat' dir='ltr'><strong>possunt</strong></span> <span class='ocrx_word' id='word_1_148' title='bbox 1024 2878 1253 2962; x_wconf 87' lang='lat' dir='ltr'><strong>exceptiones,</strong></span> <span class='ocrx_word' id='word_1_149' title='bbox 1280 2878 1359 2962; x_wconf 86' lang='lat' dir='ltr'><strong>quia</strong></span> 
     </span>
     <span class='ocr_line' id='line_1_21' title="bbox 187 2987 1359 3072; baseline -0.001 -20"><span class='ocrx_word' id='word_1_150' title='bbox 187 2987 403 3072; x_wconf 79' lang='lat' dir='ltr'><strong>exceptiones</strong></span> <span class='ocrx_word' id='word_1_151' title='bbox 418 2987 509 3052; x_wconf 87' lang='lat' dir='ltr'><strong>aliud</strong></span> <span class='ocrx_word' id='word_1_152' title='bbox 519 3003 589 3054; x_wconf 92' lang='lat' dir='ltr'><strong>non</strong></span> <span class='ocrx_word' id='word_1_153' title='bbox 599 2992 680 3052; x_wconf 89' lang='lat' dir='ltr'><strong>sunt</strong></span> <span class='ocrx_word' id='word_1_154' title='bbox 688 2989 754 3052; x_wconf 90' lang='lat' dir='ltr'><strong>nisi</strong></span> <span class='ocrx_word' id='word_1_155' title='bbox 769 2989 996 3065; x_wconf 83' lang='lat' dir='ltr'><strong>defensiones,</strong></span> <span class='ocrx_word' id='word_1_156' title='bbox 1010 2990 1080 3052; x_wconf 91' lang='lat' dir='ltr'><strong>imo</strong></span> <span class='ocrx_word' id='word_1_157' title='bbox 1093 2987 1225 3052; x_wconf 90' lang='lat' dir='ltr'><strong>etiamsi</strong></span> <span class='ocrx_word' id='word_1_158' title='bbox 1240 3005 1359 3069; x_wconf 87' lang='lat' dir='ltr'><strong>excep-</strong></span> 
     </span>
     <span class='ocr_line' id='line_1_22' title="bbox 188 3097 1359 3180; baseline -0.002 -20"><span class='ocrx_word' id='word_1_159' title='bbox 188 3097 298 3162; x_wconf 87' lang='lat' dir='ltr'><strong>tiones</strong></span> <span class='ocrx_word' id='word_1_160' title='bbox 319 3098 497 3161; x_wconf 82' lang='lat' dir='ltr'><strong>contrariae</strong></span> <span class='ocrx_word' id='word_1_161' title='bbox 518 3101 643 3174; x_wconf 88' lang='lat' dir='ltr'><strong>essent,</strong></span> <span class='ocrx_word' id='word_1_162' title='bbox 663 3097 766 3162; x_wconf 90' lang='lat' dir='ltr'><strong>modo</strong></span> <span class='ocrx_word' id='word_1_163' title='bbox 786 3097 987 3162; x_wconf 85' lang='lat' dir='ltr'><strong>alternative</strong></span> <span class='ocrx_word' id='word_1_164' title='bbox 1005 3099 1263 3180; x_wconf 88' lang='lat' dir='ltr'><strong>·proponantur;</strong></span> <span class='ocrx_word' id='word_1_165' title='bbox 1278 3113 1359 3160; x_wconf 92' lang='lat' dir='ltr'><strong>nam</strong></span> 
     </span>
    </p>

    <p class='ocr_par' dir='ltr' id='par_1_8' title="bbox 166 3199 1359 3402">
     <span class='ocr_line' id='line_1_23' title="bbox 166 3199 1359 3289; baseline -0.002 -22"><span class='ocrx_word' id='word_1_166' title='bbox 166 3205 267 3268; x_wconf 73' lang='lat' dir='ltr'><strong>‘reus</strong></span> <span class='ocrx_word' id='word_1_167' title='bbox 290 3221 359 3270; x_wconf 93' lang='lat' dir='ltr'><strong>non</strong></span> <span class='ocrx_word' id='word_1_168' title='bbox 383 3205 504 3270; x_wconf 88' lang='lat' dir='ltr'><strong>asserit</strong></span> <span class='ocrx_word' id='word_1_169' title='bbox 527 3209 706 3289; x_wconf 85' lang='lat' dir='ltr'><strong>utramque</strong></span> <span class='ocrx_word' id='word_1_170' title='bbox 733 3223 807 3270; x_wconf 90' lang='lat' dir='ltr'><strong>esse</strong></span> <span class='ocrx_word' id='word_1_171' title='bbox 830 3223 957 3282; x_wconf 87' lang='lat' dir='ltr'><strong>veram,</strong></span> <span class='ocrx_word' id='word_1_172' title='bbox 980 3203 1041 3268; x_wconf 88' lang='lat' dir='ltr'><strong>sed</strong></span> <span class='ocrx_word' id='word_1_173' title='bbox 1060 3207 1194 3268; x_wconf 89' lang='lat' dir='ltr'><strong>tantum</strong></span> <span class='ocrx_word' id='word_1_174' title='bbox 1218 3219 1254 3266; x_wconf 91' lang='lat' dir='ltr'><strong>se</strong></span> <span class='ocrx_word' id='word_1_175' title='bbox 1271 3199 1359 3266; x_wconf 86' lang='lat' dir='ltr'><strong>velle</strong></span> 
     </span>
     <span class='ocr_line' id='line_1_24' title="bbox 187 3311 1197 3402; baseline -0.002 -26"><span class='ocrx_word' id='word_1_176' title='bbox 187 3313 332 3402; x_wconf 85' lang='lat' dir='ltr'><strong>probare</strong></span> <span class='ocrx_word' id='word_1_177' title='bbox 344 3313 539 3388; x_wconf 90' lang='lat' dir='ltr'><strong>secundam,</strong></span> <span class='ocrx_word' id='word_1_178' title='bbox 555 3314 582 3376; x_wconf 88' lang='lat' dir='ltr'><strong>si</strong></span> <span class='ocrx_word' id='word_1_179' title='bbox 596 3317 690 3378; x_wconf 87' lang='lat' dir='ltr'><strong>actor</strong></span> <span class='ocrx_word' id='word_1_180' title='bbox 703 3318 822 3379; x_wconf 92' lang='lat' dir='ltr'><strong>contra</strong></span> <span class='ocrx_word' id='word_1_181' title='bbox 834 3313 978 3397; x_wconf 88' lang='lat' dir='ltr'><strong>primam</strong></span> <span class='ocrx_word' id='word_1_182' title='bbox 992 3311 1197 3396; x_wconf 87' lang='lat' dir='ltr'><strong>probaverit.</strong></span> 
     </span>
    </p>

    <p class='ocr_par' dir='ltr' id='par_1_9' title="bbox 188 3419 1359 3723">
     <span class='ocr_line' id='line_1_25' title="bbox 228 3419 1358 3504; baseline -0.002 -20"><span class='ocrx_word' id='word_1_183' title='bbox 228 3421 256 3502; x_wconf 83' lang='lat' dir='ltr'><strong>b)</strong></span> <span class='ocrx_word' id='word_1_184' title='bbox 269 3419 418 3502; x_wconf 79' lang='lat' dir='ltr'><strong>Effectus</strong></span> <span class='ocrx_word' id='word_1_185' title='bbox 434 3421 641 3504; x_wconf 87' lang='lat' dir='ltr'><strong>exceptionis</strong></span> <span class='ocrx_word' id='word_1_186' title='bbox 656 3423 687 3485; x_wconf 83' lang='grc'><strong>1·</strong></span> <span class='ocrx_word' id='word_1_187' title='bbox 702 3427 755 3486; x_wconf 88' lang='lat' dir='ltr'><strong>est</strong></span> <span class='ocrx_word' id='word_1_188' title='bbox 770 3421 861 3504; x_wconf 88' lang='lat' dir='ltr'><strong>quod</strong></span> <span class='ocrx_word' id='word_1_189' title='bbox 876 3439 955 3488; x_wconf 90' lang='lat' dir='ltr'><strong>reus</strong></span> <span class='ocrx_word' id='word_1_190' title='bbox 972 3421 1170 3504; x_wconf 88' lang='lat' dir='ltr'><strong>excipiendo</strong></span> <span class='ocrx_word' id='word_1_191' title='bbox 1180 3421 1240 3486; x_wconf 90' lang='lat' dir='ltr'><strong>ssat</strong></span> <span class='ocrx_word' id='word_1_192' title='bbox 1254 3423 1358 3491; x_wconf 83' lang='lat' dir='ltr'><strong>actor,</strong></span> 
     </span>
     <span class='ocr_line' id='line_1_26' title="bbox 189 3528 1359 3616; baseline 0.001 -23"><span class='ocrx_word' id='word_1_193' title='bbox 189 3528 311 3594; x_wconf 76' lang='lat' dir='ltr'><strong>saitem</strong></span> <span class='ocrx_word' id='word_1_194' title='bbox 335 3531 447 3614; x_wconf 85' lang='lat' dir='ltr'><strong>quoad</strong></span> <span class='ocrx_word' id='word_1_195' title='bbox 475 3549 563 3596; x_wconf 88' lang='lat' dir='ltr'><strong>onus</strong></span> <span class='ocrx_word' id='word_1_196' title='bbox 585 3531 750 3616; x_wconf 87' lang='lat' dir='ltr'><strong>probandi</strong></span> <span class='ocrx_word' id='word_1_197' title='bbox 774 3549 872 3596; x_wconf 88' lang='lat' dir='ltr'><strong>suam</strong></span> <span class='ocrx_word' id='word_1_198' title='bbox 898 3531 1149 3615; x_wconf 85' lang='lat' dir='ltr'><strong>exceptionem,</strong></span> <span class='ocrx_word' id='word_1_199' title='bbox 1179 3547 1249 3596; x_wconf 90' lang='lat' dir='ltr'><strong>non</strong></span> <span class='ocrx_word' id='word_1_200' title='bbox 1279 3547 1359 3594; x_wconf 90' lang='lat' dir='ltr'><strong>vero</strong></span> 
     </span>
     <span class='ocr_line' id='line_1_27' title="bbox 188 3637 389 3723; baseline -0.01 -21"><span class='ocrx_word' id='word_1_201' title='bbox 188 3637 300 3723; x_wconf 88' lang='lat' dir='ltr'><strong>quoad</strong></span> <span class='ocrx_word' id='word_1_202' title='bbox 315 3637 389 3703; x_wconf 82' lang='lat' dir='ltr'><strong>etia.</strong></span> 
     </span>
    </p>

    <p class='ocr_par' dir='ltr' id='par_1_10' title="bbox 189 3746 1410 4050">
     <span class='ocr_line' id='line_1_28' title="bbox 227 3746 1360 3832; baseline -0.002 -22"><span class='ocrx_word' id='word_1_203' title='bbox 227 3747 260 3810; x_wconf 76' lang='lat'><strong>2⁰</strong></span> <span class='ocrx_word' id='word_1_204' title='bbox 274 3746 433 3832; x_wconf 86' lang='lat' dir='ltr'><strong>Exceptio</strong></span> <span class='ocrx_word' id='word_1_205' title='bbox 443 3749 506 3813; x_wconf 90' lang='lat' dir='ltr'><strong>rite</strong></span> <span class='ocrx_word' id='word_1_206' title='bbox 521 3749 663 3831; x_wconf 91' lang='lat' dir='ltr'><strong>probata</strong></span> <span class='ocrx_word' id='word_1_207' title='bbox 677 3746 825 3813; x_wconf 88' lang='lat' dir='ltr'><strong>excludit</strong></span> <span class='ocrx_word' id='word_1_208' title='bbox 838 3746 872 3811; x_wconf 86' lang='lat' dir='ltr'><strong>id</strong></span> <span class='ocrx_word' id='word_1_209' title='bbox 888 3746 979 3830; x_wconf 86' lang='lat' dir='ltr'><strong>quod</strong></span> <span class='ocrx_word' id='word_1_210' title='bbox 993 3747 1029 3810; x_wconf 91' lang='lat' dir='ltr'><strong>in</strong></span> <span class='ocrx_word' id='word_1_211' title='bbox 1043 3747 1269 3812; x_wconf 90' lang='lat' dir='ltr'><strong>intentionem</strong></span> <span class='ocrx_word' id='word_1_212' title='bbox 1282 3763 1360 3810; x_wconf 92' lang='lat' dir='ltr'><strong>con-</strong></span> 
     </span>
     <span class='ocr_line' id='line_1_29' title="bbox 189 3852 1361 3929; baseline -0.003 -9"><span class='ocrx_word' id='word_1_213' title='bbox 189 3857 487 3922; x_wconf 87' lang='lat' dir='ltr'><strong>demnationemve</strong></span> <span class='ocrx_word' id='word_1_214' title='bbox 503 3857 685 3922; x_wconf 88' lang='lat' dir='ltr'><strong>deductum</strong></span> <span class='ocrx_word' id='word_1_215' title='bbox 707 3861 782 3921; x_wconf 89' lang='lat' dir='ltr'><strong>est:</strong></span> <span class='ocrx_word' id='word_1_216' title='bbox 810 3855 911 3920; x_wconf 67' lang='lat' dir='ltr'><strong>unde,</strong></span> <span class='ocrx_word' id='word_1_217' title='bbox 924 3855 953 3918; x_wconf 89' lang='lat' dir='ltr'><strong>si</strong></span> <span class='ocrx_word' id='word_1_218' title='bbox 973 3853 1127 3920; x_wconf 88' lang='lat' dir='ltr'><strong>dilatoria</strong></span> <span class='ocrx_word' id='word_1_219' title='bbox 1141 3854 1195 3929; x_wconf 90' lang='lat' dir='ltr'><strong>sit,</strong></span> <span class='ocrx_word' id='word_1_220' title='bbox 1212 3852 1361 3919; x_wconf 84' lang='lat' dir='ltr'><strong>retardat</strong></span> 
     </span>
     <span class='ocr_line' id='line_1_30' title="bbox 190 3961 1410 4050; baseline -0.004 -20"><span class='ocrx_word' id='word_1_221' title='bbox 190 3983 403 4050; x_wconf 64' lang='lat' dir='ltr'><strong>processum</strong></span> <span class='ocrx_word' id='word_1_222' title='bbox 419 3965 447 4030; x_wconf 91' lang='lat' dir='ltr'><strong>si</strong></span> <span class='ocrx_word' id='word_1_223' title='bbox 462 3967 701 4049; x_wconf 88' lang='lat' dir='ltr'><strong>peremptoria,</strong></span> <span class='ocrx_word' id='word_1_224' title='bbox 718 3966 826 4049; x_wconf 88' lang='lat' dir='ltr'><strong>ipsam</strong></span> <span class='ocrx_word' id='word_1_225' title='bbox 841 3964 1011 4040; x_wconf 83' lang='lat' dir='ltr'><strong>actionem</strong></span> <span class='ocrx_word' id='word_1_226' title='bbox 1026 3961 1129 4028; x_wconf 88' lang='lat' dir='ltr'><strong>elidit.</strong></span> <span class='ocrx_word' id='word_1_227' title='bbox 1405 4027 1410 4042; x_wconf 57' lang='grc'><strong><em>,</em></strong></span> 
     </span>
    </p>

    <p class='ocr_par' dir='ltr' id='par_1_11' title="bbox 189 4068 1475 4597">
     <span class='ocr_line' id='line_1_31' title="bbox 227 4068 1475 4158; baseline -0.002 -22"><span class='ocrx_word' id='word_1_228' title='bbox 227 4075 260 4136; x_wconf 78' lang='lat'><strong>3⁰</strong></span> <span class='ocrx_word' id='word_1_229' title='bbox 275 4073 308 4138; x_wconf 90' lang='lat' dir='ltr'><strong>Si</strong></span> <span class='ocrx_word' id='word_1_230' title='bbox 323 4092 401 4139; x_wconf 87' lang='lat' dir='ltr'><strong>reus</strong></span> <span class='ocrx_word' id='word_1_231' title='bbox 416 4074 665 4157; x_wconf 86' lang='lat' dir='ltr'><strong>inprobatione</strong></span> <span class='ocrx_word' id='word_1_232' title='bbox 681 4072 889 4158; x_wconf 82' lang='lat' dir='ltr'><strong>exceptionis</strong></span> <span class='ocrx_word' id='word_1_233' title='bbox 911 4071 1083 4146; x_wconf 90' lang='lat' dir='ltr'><strong>defecerit,</strong></span> <span class='ocrx_word' id='word_1_234' title='bbox 1110 4087 1180 4134; x_wconf 92' lang='lat' dir='ltr'><strong>non</strong></span> <span class='ocrx_word' id='word_1_235' title='bbox 1193 4068 1270 4134; x_wconf 91' lang='lat' dir='ltr'><strong>ideo</strong></span> <span class='ocrx_word' id='word_1_236' title='bbox 1297 4072 1361 4134; x_wconf 88' lang='lat' dir='ltr'><strong>sta-</strong></span> <span class='ocrx_word' id='word_1_237' title='bbox 1473 4113 1475 4115; x_wconf 93' lang='lat'>-</span> 
     </span>
     <span class='ocr_line' id='line_1_32' title="bbox 189 4177 1362 4266; baseline -0.005 -19"><span class='ocrx_word' id='word_1_238' title='bbox 189 4185 250 4248; x_wconf 85' lang='lat' dir='ltr'><strong>tim</strong></span> <span class='ocrx_word' id='word_1_239' title='bbox 265 4186 359 4249; x_wconf 90' lang='lat' dir='ltr'><strong>actor</strong></span> <span class='ocrx_word' id='word_1_240' title='bbox 371 4181 486 4258; x_wconf 87' lang='lat' dir='ltr'><strong>vincit,</strong></span> <span class='ocrx_word' id='word_1_241' title='bbox 504 4183 563 4248; x_wconf 91' lang='lat' dir='ltr'><strong>sed</strong></span> <span class='ocrx_word' id='word_1_242' title='bbox 579 4186 712 4248; x_wconf 88' lang='lat' dir='ltr'><strong>tantum</strong></span> <span class='ocrx_word' id='word_1_243' title='bbox 727 4182 862 4266; x_wconf 86' lang='lat' dir='ltr'><strong>quando</strong></span> <span class='ocrx_word' id='word_1_244' title='bbox 884 4198 982 4246; x_wconf 87' lang='lat' dir='ltr'><strong>suam</strong></span> <span class='ocrx_word' id='word_1_245' title='bbox 1001 4178 1226 4243; x_wconf 90' lang='lat' dir='ltr'><strong>intentionem</strong></span> <span class='ocrx_word' id='word_1_246' title='bbox 1243 4177 1362 4260; x_wconf 91' lang='lat' dir='ltr'><strong>proba-</strong></span> 
     </span>
     <span class='ocr_line' id='line_1_33' title="bbox 189 4283 1362 4374; baseline -0.006 -20"><span class='ocrx_word' id='word_1_247' title='bbox 189 4291 248 4355; x_wconf 91' lang='lat' dir='ltr'><strong>vit.</strong></span> <span class='ocrx_word' id='word_1_248' title='bbox 266 4290 397 4356; x_wconf 85' lang='lat' dir='ltr'><strong>Etenim</strong></span> <span class='ocrx_word' id='word_1_249' title='bbox 414 4291 676 4374; x_wconf 71' lang='lat' dir='ltr'><strong>«exceptionem</strong></span> <span class='ocrx_word' id='word_1_250' title='bbox 692 4289 855 4373; x_wconf 90' lang='lat' dir='ltr'><strong>objiciens</strong></span> <span class='ocrx_word' id='word_1_251' title='bbox 872 4308 942 4354; x_wconf 92' lang='lat' dir='ltr'><strong>non</strong></span> <span class='ocrx_word' id='word_1_252' title='bbox 957 4287 1092 4352; x_wconf 85' lang='lat' dir='ltr'><strong>videtur</strong></span> <span class='ocrx_word' id='word_1_253' title='bbox 1111 4284 1152 4350; x_wconf 90' lang='lat' dir='ltr'><strong>de</strong></span> <span class='ocrx_word' id='word_1_254' title='bbox 1173 4283 1362 4348; x_wconf 90' lang='lat' dir='ltr'><strong>intentione</strong></span> 
     </span>
     <span class='ocr_line' id='line_1_34' title="bbox 190 4393 1362 4479; baseline -0.009 -14"><span class='ocrx_word' id='word_1_255' title='bbox 190 4399 375 4465; x_wconf 86' lang='lat' dir='ltr'><strong>adversarii</strong></span> <span class='ocrx_word' id='word_1_256' title='bbox 400 4399 554 4463; x_wconf 83' lang='lat' dir='ltr'><strong>confiteri</strong></span> <span class='ocrx_word' id='word_1_257' title='bbox 580 4423 607 4476; x_wconf 83' lang='lat'><strong>»,</strong></span> <span class='ocrx_word' id='word_1_258' title='bbox 633 4399 733 4479; x_wconf 85' lang='lat' dir='ltr'><strong>juxta</strong></span> <span class='ocrx_word' id='word_1_259' title='bbox 757 4416 828 4479; x_wconf 92' lang='lat' dir='ltr'><strong>reg.</strong></span> <span class='ocrx_word' id='word_1_260' title='bbox 854 4398 892 4461; x_wconf 85' lang='grc'><strong>63</strong></span> <span class='ocrx_word' id='word_1_261' title='bbox 913 4397 949 4462; x_wconf 90' lang='lat' dir='ltr'><strong>in</strong></span> <span class='ocrx_word' id='word_1_262' title='bbox 968 4397 1011 4471; x_wconf 82' lang='lat'><strong>6⁰,</strong></span> <span class='ocrx_word' id='word_1_263' title='bbox 1027 4413 1106 4459; x_wconf 91' lang='lat' dir='ltr'><strong>cum</strong></span> <span class='ocrx_word' id='word_1_264' title='bbox 1122 4393 1275 4476; x_wconf 88' lang='lat' dir='ltr'><strong>exceptio</strong></span> <span class='ocrx_word' id='word_1_265' title='bbox 1293 4411 1362 4456; x_wconf 91' lang='lat' dir='ltr'><strong>non</strong></span> 
     </span>
     <span class='ocr_line' id='line_1_35' title="bbox 191 4500 1256 4597; baseline -0.006 -27"><span class='ocrx_word' id='word_1_266' title='bbox 191 4507 257 4578; x_wconf 84' lang='lat' dir='ltr'><strong>alia</strong></span> <span class='ocrx_word' id='word_1_267' title='bbox 270 4511 385 4572; x_wconf 89' lang='lat' dir='ltr'><strong>mente</strong></span> <span class='ocrx_word' id='word_1_268' title='bbox 401 4504 579 4594; x_wconf 85' lang='lat' dir='ltr'><strong>objiciatur</strong></span> <span class='ocrx_word' id='word_1_269' title='bbox 593 4523 696 4597; x_wconf 88' lang='lat' dir='ltr'><strong>quam</strong></span> <span class='ocrx_word' id='word_1_270' title='bbox 711 4510 749 4568; x_wconf 94' lang='lat' dir='ltr'><strong>ut</strong></span> <span class='ocrx_word' id='word_1_271' title='bbox 763 4503 866 4572; x_wconf 88' lang='lat' dir='ltr'><strong>elidat</strong></span> <span class='ocrx_word' id='word_1_272' title='bbox 879 4501 1106 4570; x_wconf 88' lang='lat' dir='ltr'><strong>intentionem</strong></span> <span class='ocrx_word' id='word_1_273' title='bbox 1122 4500 1256 4568; x_wconf 87' lang='lat' dir='ltr'><strong>actoris.</strong></span> 
     </span>
    </p>
   </div>
   <div class='ocr_carea' id='block_1_6' title="bbox 0 0 1768 5566">
    <p class='ocr_par' dir='ltr' id='par_1_12' title="bbox 0 0 1768 5566">
     <span class='ocr_line' id='line_1_36' title="bbox 0 0 1768 5566; baseline 0 0"><span class='ocrx_word' id='word_1_274' title='bbox 0 0 1768 5566; x_wconf 95' lang='lat' dir='ltr'><strong> </strong></span> 
     </span>
    </p>
   </div>
  </div>
 </body>
</html>
