3498 5572
550 567 636 615 trusa
656 567 782 614 rannus
802 565 1022 614 nummarius.
1315 541 1375 609 tto

158 675 162 682 ’
197 689 425 766 contradicat3
445 689 599 754 »deinde
617 694 769 773 potestas
783 688 888 772 patris
900 687 939 751 in
955 685 1168 752 voluntatem
1188 684 1250 748 dlii
1263 683 1373 765 impu-

197 799 287 863 beris
301 797 464 863 fundatur
475 798 511 862 in
523 799 608 880 'jure
627 795 784 862 naturali.
810 795 887 860 llaec
904 793 1048 859 irritatio
1068 799 1122 857 est
1143 792 1280 868 directa,
1297 789 1376 872 quia

197 905 359 990 potestati
377 905 523 970 irritanti
541 904 659 968 subest
672 905 745 987 ipsa
762 902 922 968 voluntas
939 902 1109 966 voventis.
1125 899 1252 965 Tamen
1267 899 1296 962 si
1318 914 1377 961 vc-

198 1014 310 1080 ventis
332 1013 539 1078 ratificarent
558 1017 640 1077 vota
660 1011 718 1076 illa
735 1017 813 1095 post
832 1013 1058 1096 pubertatem,
1080 1025 1160 1074 cum
1180 1007 1376 1092 cognitione
1477 1001 1479 1005 ’

199 1139 319 1187 eornm
337 1121 581 1197 irritabilitatis,
598 1121 697 1185 firma
710 1125 826 1185 esseut
841 1119 921 1185 talia
934 1124 1026 1185 vota.
1083 1110 1084 1118 '

238 1231 271 1294 P
289 1231 370 1295 Post
387 1232 602 1314 pubertatem
620 1233 732 1294 cessat
751 1229 824 1292 haeo
839 1232 991 1310 potestas
1006 1232 1158 1311 paterna,
1178 1226 1292 1311 quoad
1306 1225 1378 1290 irri-

201 1339 364 1404 tationem
389 1342 563 1411 votorum,
586 1337 650 1401 nisi
676 1355 717 1400 ea
734 1336 957 1420 praejudicent
976 1335 1039 1418 ipsi
1061 1335 1220 1418 potestati
1243 1336 1377 1417 patriam

201 1446 328 1510 etenim
339 1447 411 1510 haec
425 1450 506 1510 vota
518 1463 588 1508 non
603 1449 821 1527 acceptantur
835 1461 857 1507 a
869 1443 940 1506 Deo
956 1442 1145 1506 secundum
1159 1443 1194 1506 id
1209 1461 1277 1524 quo
1300 1448 1380 1506 sunt

201 1554 453 1637 praejudiciosa3
471 1556 529 1630 sic,
541 1571 574 1618 v.
589 1571 636 1634 g,
648 1553 885 1636 paterirritare
899 1551 1017 1634 nequit
1028 1557 1146 1614 votum
1161 1552 1379 1616 continentiae

203 1661 300 1726 asrlio
314 1663 489 1738 emissum,
506 1661 587 1744 quia
594 1660 676 1724 illud
692 1678 763 1724 non
775 1659 975 1742 praejudicat
982 1659 1142 1741 potestati
1153 1659 1281 1742 patriam
1300 1677 1381 1742 qua-

202 1775 341 1852 propter
356 1786 425 1833 non
439 1769 585 1833 habetur
597 1767 732 1850 proprie
746 1765 889 1830 irritatio
899 1765 934 1828 in
947 1765 1012 1830 hoc
1025 1783 1117 1830 casu.

244 1877 272 1955 b)
298 1877 450 1940 Potestas
470 1874 640 1940 maritalis
654 1881 687 1936 et
701 1873 825 1937 baritis.
843 1872 937 1936 Idem
950 1872 1050 1956 plane
1066 1873 1248 1938 dicendum
1272 1879 1325 1938 est
1339 1875 1381 1938 de

204 1985 326 2048 marito
349 1982 506 2066 respectu
521 1981 649 2057 uxoris,
667 1981 708 2044 de
724 1997 831 2044 uxore
854 1985 1012 2062 respectu
1035 1981 1159 2057 mariti,
1188 1986 1223 2046 et
1243 1981 1382 2046 taudem

204 2093 352 2158 debaro
375 2091 487 2176 quoad
511 2108 640 2166 servos,
664 2107 703 2154 ac
720 2089 761 2152 de
785 2093 881 2172 patre
908 2089 962 2153 vel
982 2095 1094 2153 tutore
1110 2091 1221 2174 quoad
1236 2092 1383 2173 puberes

205 2201 268 2266 sibi
282 2203 464 2284 subjectos.
483 2201 629 2266 Possunt
651 2205 784 2265 tantum
809 2201 941 2264 irritare
957 2205 1038 2264 vota
1057 2219 1133 2284 quae
1147 2200 1383 2284 praejudicium

205 2311 354 2374 afferunt
367 2310 528 2392 potestati
548 2307 694 2373 maritali
715 2312 749 2372 et
771 2307 959 2372 dominicae.
977 2306 1071 2371 Unde
1094 2309 1137 2373 ad
1156 2307 1385 2372 determinan-

206 2417 289 2481 dum
303 2420 338 2481 in
352 2416 564 2500 particulari,
574 2434 618 2482 an
632 2417 786 2493 maritus,
808 2434 896 2481 uxor
913 2415 969 2480 vel
987 2417 1091 2480 herus
1106 2416 1239 2499 possint
1252 2416 1384 2479 irritare

207 2524 274 2588 tale
285 2529 416 2600 votum,
429 2525 554 2588 sulsseit
562 2524 788 2598 considerare,
804 2543 848 2589 an
862 2523 947 2588 illud
962 2523 1088 2588 olllciat
1099 2524 1244 2606 juribus,
1260 2541 1385 2606 praero—

207 2632 340 2712 galivio,
358 2637 435 2708 etc,
453 2632 577 2708 mariti,
603 2631 720 2696 uxoris
743 2630 799 2696 vel
823 2631 908 2695 heri.
935 2631 1146 2716 Quapropter
1166 2632 1309 2694 irritatio
1329 2630 1387 2694 illa

208 2737 369 2821 appellari
383 2737 470 2803 solet
489 2739 664 2804 indirecta.
690 2737 817 2803 Tamen
837 2739 942 2822 aliqui
961 2739 1085 2803 docent
1107 2739 1269 2802 maritum
1283 2756 1386 2820 posse

208 2843 334 2910 directe
357 2847 488 2912 irritare
509 2852 591 2911 vota
619 2853 730 2912 stante
757 2846 977 2912 matrimonio
1003 2847 1139 2922 emissa,
1164 2852 1196 2909 et
1220 2845 1385 2909 indirecte

210 2959 353 3032 tantum,
371 2955 474 3020 modo
494 2953 674 3032 declarato,
689 2955 779 3020 lacta
791 2961 870 3020 ante
887 2955 1154 3020 matrimonium.

248 3063 300 3128 Ad
315 3061 478 3128 directam
496 3062 644 3128 validam
665 3063 891 3128 irritationem
916 3067 1086 3138 votorum,
1114 3081 1183 3127 uon
1204 3063 1388 3146 requiritur

209 3189 327 3247 causa3
343 3189 425 3236 nom
434 3171 576 3236 irritatio
589 3171 717 3236 directa
729 3172 921 3252 generatim
936 3178 990 3236 est
999 3172 1199 3236 exercitium
1210 3171 1389 3254 potestatis

210 3278 368 3362 propriae,
401 3279 442 3344 ab
458 3276 565 3344 altero
590 3297 661 3343 non
683 3283 864 3355 mutuatae;
888 3279 1000 3362 quoad
1018 3278 1231 3357 indirectam,
1255 3297 1299 3342 ex
1317 3279 1391 3362 ipsa

211 3391 334 3451 natura
347 3387 397 3451 rei
421 3387 566 3450 babetur
589 3387 675 3451 ratio
695 3407 702 3448 :
726 3385 895 3471 siquidem
918 3392 1039 3451 votum
1054 3393 1214 3452 censetur
1231 3385 1391 3470 praejudi-

212 3493 354 3560 ciosum.
1115 3497 1118 3506 ’

253 3606 280 3684 c)
294 3602 447 3668 Potestas
453 3604 679 3688 prelatorum
701 3605 817 3689 quood
828 3605 988 3670 subditos.
1007 3606 1037 3668 1ο
1054 3605 1218 3669 Summus
1236 3604 1393 3670 Pontifex

213 3714 327 3792 potest
338 3711 470 3775 irritare
485 3717 567 3776 vota
579 3711 800 3794 regularium,
814 3713 895 3797 quia
905 3717 958 3776 est
969 3730 1151 3795 supremus
1167 3711 1328 3795 praelatus
1341 3730 1394 3775 re-

213 3815 384 3896 gularium
397 3819 570 3894 omnium;
586 3819 618 3882 P
632 3819 811 3902 episcopus
820 3824 934 3902 potest
948 3819 1080 3884 irritare
1093 3823 1175 3884 vota
1183 3817 1395 3900 regularium

215 3943 285 3990 non
300 3924 556 4010 exemptorum3
582 3945 663 3992 nam
676 3927 732 3990 isti
747 3928 977 4010 subjiciuntur
989 3928 1151 4008 potestati
1166 3927 1316 4010 episcopi
1331 3926 1394 3989 sub

215 4033 314 4114 cujus
324 4033 561 4116 jurisdictione
576 4034 707 4099 vivunt.
725 4033 791 4098 Sed
806 4035 983 4118 speciatim
996 4034 1051 4098 hic
1062 4033 1270 4098 considerari
1279 4037 1396 4116 posset

215 4139 435 4224 praelatorum
460 4141 670 4224 regularium
692 4147 856 4226 potestas,
884 4143 912 4206 si
937 4143 979 4207 de
1001 4143 1075 4226 ipsa
1093 4161 1163 4206 non
1188 4141 1397 4206 sufficienter

217 4255 332 4315 actum
354 4256 447 4315 esset
467 4251 504 4314 in
518 4251 619 4316 titulo
632 4250 744 4314 lllllll.
772 4249 889 4335 ltaque
907 4270 1016 4337 pauca
1031 4255 1112 4316 sunt
1125 4249 1282 4315 addenda
1297 4267 1398 4330 supe-

217 4359 289 4422 rius
311 4357 419 4423 dictis.
444 4360 476 4422 1ο
496 4357 629 4424 Praelati
653 4358 828 4440 regulares
847 4363 994 4442 possunt
1019 4359 1152 4422 irritare
1175 4358 1290 4422 omnia
1314 4360 1394 4420 vota

217 4465 469 4548 religiosorum,
484 4467 634 4550 exceptis
648 4467 738 4531 votis
750 4466 973 4550 professionis
989 4473 1024 4531 et
1044 4471 1123 4532 voto
1139 4465 1339 4531 monseundi
1354 4464 1398 4528 ad

219 4573 424 4640 strictiorem
438 4573 604 4640 ordinem.
631 4575 664 4638 P
679 4575 796 4651 Quoad
816 4573 1004 4639 abbatissas
1019 4579 1054 4638 et
1069 4574 1261 4657 priorissas,
1278 4577 1398 4638 notan-

220 4683 303 4747 dum
318 4689 370 4747 est
385 4669 487 4748 etiarn
502 4682 594 4766 quod
607 4687 811 4766 potestatem
829 4682 920 4745 illam
936 4682 1062 4746 babent
1075 4700 1153 4745 cum
1172 4681 1373 4745 limitatione
1390 4701 1397 4754 ;

362 4813 393 4858 tt.
1220 4791 1259 4852 aa
