3510 5574
550 579 635 628 LIBER
657 581 781 628 TERTIUS
803 575 1021 628 ercanrattt'tl.

477 766 519 816 ltl.
538 763 606 825 Quis
620 764 765 829 assignare
780 763 868 827 possit
881 762 1094 828 coadjutorem?

237 907 269 969 l⁰
283 905 467 990 coadjutor
480 912 666 990 perpetuus
680 907 752 974 dari
767 908 888 990 nequit
901 906 968 970 nisi
981 925 1003 970 a
1012 906 1112 990 Papa,
1125 911 1160 969 et
1173 905 1376 987 regulariter

198 1019 332 1080 tanturn
353 1016 390 1080 in
408 1015 560 1082 ecclesiis
574 1013 823 1082 cathedralibus
839 1021 900 1082 aut
917 1015 1146 1092 monasteriis,
1170 1015 1213 1079 ob
1237 1033 1376 1079 causam

197 1111 411 1190 neoe‘esitatis
425 1125 481 1190 vel
494 1125 660 1191 utilitatis.
672 1123 848 1208 Colligitur
861 1145 905 1190 er
916 1125 1017 1202 Trid,
1030 1123 1122 1208 quod
1132 1125 1229 1206 (sess.
1241 1125 1292 1200 ab,
1302 1143 1331 1188 c.
1344 1127 1374 1200 7,

197 1231 240 1296 de
263 1233 426 1317 Resona.)
453 1235 606 1300 decernit
630 1236 861 1320 coadjutorius
884 1239 1067 1318 perpetuas
1092 1253 1167 1298 esse
1195 1233 1373 1298 tollendas.

167 1381 170 1390 ν
197 1339 307 1418 ilatio,
323 1343 404 1426 quia
416 1344 636 1426 coadjutoris}
648 1349 834 1428 perpetuae,
847 1362 926 1408 oum
940 1343 1011 1407 vim
1024 1343 1174 1408 habeant
1187 1341 1376 1407 collationis

197 1449 354 1514 beneilcii
364 1453 527 1530 vacaturi,
538 1451 745 1534 generaliter
753 1452 980 1517 adversantur
991 1452 1061 1534 juri
1071 1449 1261 1526 communi;
1275 1469 1376 1534 porro

198 1557 294 1622 solus
308 1559 483 1625 Romanus
497 1559 654 1626 Pontifex
666 1566 780 1644 potest
803 1561 838 1624 in
857 1563 936 1644 jure
960 1561 1134 1625 communi
1162 1559 1375 1642 dispensare;

199 1671 234 1729 et
249 1666 338 1744 ideo,
362 1671 474 1732 stante
487 1669 715 1752 prohibitione
738 1668 936 1745 universali,
957 1668 1050 1734 solus
1071 1670 1246 1750 assignare
1265 1673 1380 1751 potest

196 1775 447 1860 coadjutorium
455 1778 757 1860 perpetuamivids
766 1777 891 1842 Bened.
903 1777 985 1854 xlv,
999 1777 1085 1860 Syn.
1101 1777 1213 1854 dica,
1222 1775 1279 1840 lib.
1292 1773 1375 1856 lilii,

194 1904 223 1950 o.
241 1888 285 1968 x).

235 1997 269 2058 Ψ
284 1995 468 2079 Goadjutor
482 1995 680 2078 temporalis
702 1995 986 2079 eptacephalus
1007 1997 1241 2078 superioribus
1259 1997 1301 2060 de
1320 1997 1377 2060 via

197 2101 375 2167 ordinaria
390 2103 462 2168 dari
472 2103 742 2187 potestasololt
757 2099 854 2168 Pont.
869 2103 908 2185 (o.
926 2122 984 2168 un.
999 2121 1097 2187 praes.
1114 2105 1164 2168 tit.
1179 2105 1215 2170 iu
1228 2107 1283 2186 θ’).
1294 2105 1377 2170 Nam
1483 2107 1487 2124 '

191 2211 271 2276 talis
295 2211 387 2277 datio
410 2216 616 2277 numeratus
633 2209 724 2276 iuter
746 2230 867 2278 causas
891 2214 1052 2294 majores,
1077 2231 1152 2296 quae
1178 2213 1214 2276 in
1240 2214 1378 2294 signum

191 2318 349 2402 specialis
363 2319 600 2402 praerogstivae
610 2319 688 2385 Sedi
695 2319 897 2403 Apostolicae
910 2325 1093 2386 reservatas
1102 2320 1252 2384 luerunt.
1265 2321 1305 2385 Et
1313 2320 1378 2386 hoc

188 2428 250 2509 jus
264 2426 312 2491 ita
325 2431 379 2491 est
392 2427 546 2493 Romano
561 2427 715 2492 Pontiiici
728 2429 916 2511 proprium,
927 2433 966 2492 ut
975 2412 1135 2511 quaslibet
1148 2428 1374 2504 consuetudo,

192 2535 299 2600 etiam
319 2533 587 2613 immemorialis,
613 2537 649 2599 in
670 2536 879 2600 contrarium
897 2536 1081 2619 rejiciatur,
1102 2555 1141 2602 ao
1162 2537 1305 2620 proinde
1320 2540 1378 2620 jus

192 2639 279 2708 illud
293 2661 365 2708 non
380 2649 433 2708 est
444 2644 699 2728 prescriptihile
714 2663 776 2730 per
789 2645 1084 2710 consuetudinem.

237 2751 303 2815 Sed
319 2751 478 2830 diximus,
496 2753 537 2818 de
551 2755 609 2817 via
632 2753 808 2818 ordinaria
824 2773 835 2817 :
852 2754 983 2818 namin
1004 2772 1086 2819 casu
1099 2755 1324 2832 necessitatis,
1343 2761 1378 2819 et

120 2946 122 2950 ι
194 2861 222 2926 si
247 2861 290 2925 ob
316 2860 514 2928 distantiam
539 2863 701 2927 Summus
724 2862 881 2927 Pontifex
902 2862 1000 2928 facile
1025 2863 1110 2928 adiri
1134 2870 1293 2948 nequeat,
1318 2864 1377 2929 ali-

195 2970 335 3054 quando
349 2972 568 3036 constituitur
579 2973 768 3056 coadjutor,
792 2973 874 3056 quin
897 2972 1104 3036 interveniat
1123 2977 1276 3055 potestas
1295 2991 1377 3057 pou·

195 3079 310 3155 tiliois,
329 3079 450 3144 saitem
467 3081 604 3146 directe.
621 3082 661 3145 Et
679 3083 716 3146 in
739 3099 820 3146 casu
844 3081 1057 3146 necessitatis
1072 3099 1158 3165 opus
1173 3088 1227 3145 est
1240 3081 1377 3146 distinc-

195 3188 291 3252 tione
308 3207 316 3250 :
334 3189 368 3252 Si
383 3190 562 3273 episcopus
576 3191 881 3256 administrationis
900 3191 1044 3272 incapax
1059 3191 1104 3254 sit
1117 3192 1161 3255 ob
1172 3191 1307 3255 senium
1322 3191 1378 3254 vel

196 3297 410 3380 corporalem
432 3299 714 3376 invaletudinem,
730 3304 845 3383 potest
869 3299 953 3382 ipse,
969 3299 1171 3364 auctoritate
1186 3318 1207 3363 a
1222 3299 1253 3363 S.
1269 3300 1303 3363 P.
1320 3299 1378 3364 de-

196 3405 312 3487 legata
334 3413 369 3472 ct
390 3426 470 3472 cum
491 3409 634 3475 consilio
656 3414 691 3474 et
711 3425 883 3474 consensu
907 3409 960 3473 sui
984 3407 1137 3490 capituli,
1158 3409 1214 3472 vel
1237 3409 1378 3492 majoris

198 3515 306 3597 partis
319 3517 487 3599 ejusdem,
504 3537 680 3585 assumere
695 3519 758 3584 sibi
774 3537 883 3584 unum
903 3517 959 3583 vel
983 3519 1069 3583 duos
1092 3517 1320 3600 coadjutores,
1335 3518 1377 3583 ad

200 3641 318 3688 secum
333 3627 483 3692 oiiloium
498 3630 766 3715 exsequendum.
784 3627 819 3692 Si
834 3645 918 3694 vero
932 3629 1054 3692 morbo
1076 3627 1192 3704 animi,
1209 3633 1247 3690 ut
1262 3643 1379 3691 amen-

202 3734 259 3806 tia,
274 3733 416 3810 laboret,
433 3739 514 3801 tunc
528 3737 715 3820 capitulum
734 3736 856 3801 eadem
877 3735 1078 3802 auctoritate
1093 3735 1266 3818 pontitloia
1284 3733 1378 3814 eligit

201 3841 437 3924 coadjutorem
461 3863 579 3921 unum,
606 3845 662 3909 vel
684 3845 727 3910 ad
751 3863 926 3909 summum
945 3844 1042 3908 duos.
1068 3843 1105 3906 ln
1131 3843 1196 3908 hoo
1218 3861 1310 3918 casu,
1336 3843 1379 3906 ed

201 3951 409 4034 coadjutoris
420 3953 700 4018 constitutionem
716 3970 917 4018 concurrere
934 3953 1061 4017 debent
1074 3951 1150 4016 duae
1164 3957 1277 4034 partes
1291 3951 1380 4032 oapi-

202 4058 275 4136 tuli,
291 4079 354 4125 nec
369 4061 494 4126 suillcit
510 4062 650 4145 majoris
664 4062 771 4145 partis
785 4060 986 4126 consensus.

240 4171 469 4254 3·Coadjutor
484 4172 681 4256 temporalis
694 4173 843 4256 parocho
865 4172 921 4237 vel
946 4171 1043 4237 alteri
1064 4170 1205 4254 pretato
1229 4168 1379 4234 interiori

202 4277 274 4343 dari
287 4286 402 4364 potest
414 4281 457 4345 ab
471 4281 642 4366 episcopo,
659 4283 762 4347 etiam
778 4289 942 4365 tauquam
957 4280 1053 4345 Sedis
1071 4279 1272 4363 Apostolicae
1290 4277 1381 4343 dele·

201 4392 292 4467 gato,
311 4388 369 4453 vel
391 4388 457 4455 alio
480 4390 619 4472 praelato
644 4391 792 4457 habente
817 4393 876 4475 jus
909 4387 1138 4456 constituendi
1163 4387 1379 4470 coadjutores

202 4497 284 4580 (cap.
301 4499 321 4562 3
334 4517 386 4582 pr.
401 4501 464 4576 tit,
477 4505 512 4564 et
526 4499 686 4579 Trident,
704 4519 789 4567 sess.
802 4503 853 4578 al,
865 4519 893 4566 o.
904 4502 936 4580 6,
946 4501 987 4566 de
995 4497 1170 4581 Reform).
1184 4493 1379 4562 Raticiliius

204 4605 538 4694 delegationisajure
552 4613 650 4676 iactae
665 4617 728 4688 est,
742 4611 822 4695 quia
835 4611 869 4674 id
885 4609 1118 4675 necessarium
1133 4612 1195 4683 est,
1211 4625 1256 4670 ne
1275 4606 1380 4672 accle-

206 4716 265 4793 sia,
282 4719 430 4783 maxime
446 4719 480 4783 in
493 4737 575 4784 cura
587 4721 790 4796 animarum,
808 4719 922 4784 debito
938 4717 1128 4782 ministerio
1143 4715 1357 4781 destituatur.
