3498 5572
269 513 270 521 ¹
369 531 429 596 398
830 551 882 600 uns
902 553 1085 601 canonem.

370 669 508 735 nomine
544 669 857 736 emolumentorum
891 672 1021 737 lunaris
1057 671 1200 737 veniunt
1240 671 1431 738 oblationes
1473 689 1548 755 quar

368 783 457 846 11661
477 783 655 848 occasione
676 783 833 866 hujusce,
857 786 956 867 cujus
973 785 1111 866 generis
1128 788 1210 848 sunt
1227 782 1393 848 intortitia
1412 786 1447 844 et
1466 799 1548 845 can-

369 889 453 956 delae
472 907 547 974 quae
566 889 605 954 in·
619 889 754 955 funebri
772 893 991 974 processione
1007 891 1062 956 vel
1080 893 1178 967 circa,
1195 889 1251 956 vel
1277 895 1368 964 ante,
1384 888 1440 954 vel
1467 895 1545 972 post

368 999 532 1062 feretrum
545 997 754 1076 deferuntur,
772 1016 907 1064 necnon
921 1005 957 1064 et
983 999 1072 1064 cerei
1091 999 1148 1083 661
1176 999 1307 1064 funeris
1334 1001 1489 1080 tempore
1510 997 1544 1060 iu

368 1105 534 1170 altaribus
551 1105 743 1188 sparnum
764 1107 806 1170 ah
824 1106 1017 1172 haeredibus
1041 1106 1212 1172 demortui
1234 1105 1426 1170 afferuntur
1452 1103 1546 1180 ;item

368 1231 592 1297 quaecumque
609 1213 652 1278 ad
663 1231 826 1297 pompam
837 1215 983 1292 tonnis,
998 1219 1081 1300 puta
1103 1213 1252 1295 insignia
1265 1213 1419 1288 familia,
1440 1211 1476 1275 in
1498 1227 1548 1274 66-

366 1321 748 1404 clesiamimportantur.
761 1321 923 1406 llaecpars
934 1321 1248 1392 emolumentorum
1259 1321 1415 1386 omnium
1424 1319 1547 1401 dejure

367 1433 420 1491 est
430 1435 560 1512 quarta,
577 1449 621 1494 ex
634 1447 707 1514 cap.
724 1431 744 1494 8
757 1432 830 1514 huj.
842 1431 893 1495 tit.
906 1431 973 1495 Sed
983 1431 1019 1495 in
1030 1430 1321 1494 determinatione
1331 1429 1498 1514 portionis
1514 1431 1548 1491 61

367 1555 482 1600 rerum
497 1557 540 1602 ex
554 1539 678 1622 quihus
692 1538 893 1613 desumitur,
905 1539 1056 1630 maxime
1071 1538 1256 1621 spectanda
1269 1541 1318 1602 661
1334 1535 1546 1604 consuetudo

367 1649 405 1725 (c.
422 1645 488 1708 16.
507 1649 530 1708 1.
548 1649 583 1710 61
597 1647 700 1711 variae
716 1644 1005 1712 declarationesS.
1024 1645 1145 1726 Gongr.
1160 1645 1284 1726 Cone).

406 1754 439 1817 l?
453 1753 566 1818 Portio
581 1753 653 1818 haec
668 1753 755 1818 solvi
769 1754 872 1818 dehet
886 1751 1036 1818 ecclesiae
1056 1752 1239 1836 parochiali
1260 1753 1295 1816 in
1316 1772 1384 1836 666
1396 1751 1546 1835 61166616

366 1861 546 1926 defunctus
566 1862 701 1946 sepeliri
725 1863 909 1938 debuisset,
928 1863 1002 1928 sive
1025 1863 1060 1926 in
1074 1863 1131 1926 illa
1145 1863 1306 1944 parochia
1318 1867 1476 1926 mortuus
1491 1861 1544 1936 sit,

367 1970 435 2034 sive
459 1971 495 2034 in
517 1971 583 2038 alia
608 1991 615 2034 ε
645 1972 866 2062 expluribus
889 1990 962 2056 cap.
988 1974 1060 2056 huj.
1091 1973 1142 2034 tit.
1159 1973 1257 2036 Ratio
1284 1977 1346 2048 661,
1369 1972 1545 2054 quiscum

365 2081 546 2162 parochus‘
558 2082 725 2146 sustineat
750 2101 838 2147 onus
866 2081 1059 2146 celebrandi
1087 2081 1199 2146 cilicie
1225 2086 1261 2144 et
1287 2078 1545 2146 administrandi

365 2193 587 2264 sacramenta,
613 2189 849 2273 aequissimum
872 2195 925 2254 est
951 2193 989 2253 ut
1011 2189 1124 2253 eidem
1147 2188 1416 2272 praesteturhaec
1430 2187 1542 2270 portio

364 2295 576 2379 paroehialis.
607 2297 733 2374 Quarta
760 2297 967 2362 luneralium
995 2313 1057 2381 pro
1092 2296 1269 2380 sepulture
1299 2296 1542 2362 canonicorum

364 2405 609 2470 cathedralium
632 2405 777 2470 debetur
802 2407 950 2489 parocho
975 2405 1147 2482 domicilii,
1174 2423 1246 2470 non
1280 2423 1362 2470 vero
1395 2403 1555 2496 parocho⁸

365 2513 560 2590 cathedrali,
574 2534 686 2599 66666
699 2515 847 2598 parocho
859 2515 1027 2598 parochiae
1042 2515 1098 2579 uhi
1113 2515 1210 2580 adest
1221 2513 1544 2597 sepulturasuorum

356 2625 547 2704 majorum.
565 2623 615 2688 lta
629 2624 661 2686 S.
678 2623 801 2705 Gongr.
820 2623 919 2687 Gonc.
938 2623 1066 2689 tamaii
1081 2625 1171 2698 1686,
1184 2624 1224 2686 116
1237 2629 1322 2705 6661.
1342 2623 1543 2686 169111116-

364 2747 456 2807 men,
486 2732 514 2794 61
539 2731 720 2796 tumulatio
746 2733 846 2796 lieret
880 2733 916 2794 in
945 2732 1130 2800 cathedrali
1165 2751 1228 2814 per
1252 2731 1543 2814 praescriptionem

365 2843 534 2922 exempta,
561 2845 682 2924 quarta
703 2839 986 2924 nonffdeheretur
1007 2842 1156 2924 parocho
1178 2841 1327 2906 defuncti
1351 2841 1394 2922 (S.
1420 2841 1541 2922 Congr.

365 2944 464 3012 (lonc.
482 2949 521 3011 16
531 2947 607 3030 julii
623 2949 724 3032 1767).

403 3057 437 3120 2⁰
461 3056 610 3122 Solvitur
633 3059 676 3124 ab
699 3059 757 3125 illa
781 3059 924 3126 ecclesia
943 3061 979 3125 in
1002 3079 1069 3146 qua
1090 3061 1268 3144 sepultura
1286 3060 1394 3126 electa
1416 3065 1478 3136 est,
1501 3077 1544 3123 ex

362 3181 435 3248 666.
467 3167 497 3243 1,
523 3168 562 3231 lo
583 3173 618 3232 61
645 3165 862 3232 1116616616·
886 3170 958 3254 huj.
983 3171 1047 3246 tit,
1074 3171 1208 3234 etiamsi
1240 3171 1313 3234 haeo
1334 3167 1477 3234 66616616
1501 3169 1544 3230 611
1576 3149 1582 3161 ’

363 3274 565 3340 cathedralis
575 3275 619 3359 (S.
634 3274 756 3358 Gongr.
768 3275 868 3342 Gonc.
883 3279 921 3341 17
937 3283 1023 3361 6661.
1036 3279 1126 3354 troo,
1139 3279 1217 3360 etc.)
1228 3277 1284 3342 vel
1296 3277 1544 3342 monasterium

363 3387 561 3466 exemptum
586 3383 769 3466 (Benediot.
796 3385 880 3463 lllll,
911 3392 1020 3451 const.
1045 3386 1218 3452 Romanus
1244 3386 1427 3468 Pontifex).
1459 3385 1544 3448 Sunt

363 3495 478 3554 tamen
492 3492 649 3575 quaedam
660 3497 871 3560 monasteria
885 3494 1075 3578 specialiter
1088 3495 1314 3579 privilegiata,
1334 3495 1543 3578 666166666-

363 3599 420 3664 nia
442 3606 564 3666 66616
588 3607 708 3686 quarta
730 3603 886 3682 funerali,
913 3609 947 3668 et
969 3603 1112 3670 ecclesia
1136 3603 1339 3670 cathedralis
1353 3603 1542 3687 quadrage-

362 3708 457 3774 naria
470 3711 724 3793 prescriptione
740 3713 885 3796 acquirit
899 3715 1153 3797 exemptionem
1176 3733 1196 3779 a
1216 3711 1388 3778 solutione
1412 3714 1539 3796 quartae

361 3816 535 3884 funeralis.

402 3923 432 4006 b)
445 3925 615 3992 Parochus
629 3945 690 4010 pro
705 3934 783 3995 actu
797 3929 982 4013 sepultnrae
1003 3928 1088 3994 nihil
1109 3930 1247 4012 exigere
1267 3933 1382 4013 potest
1401 3927 1443 3992 de
1463 3929 1540 4010 jure

361 4037 536 4098 communi
550 4037 635 4118 (can.
653 4037 692 4100 lt
704 4037 983 4122 praemiandum,
1001 4039 1044 4113 1⁰,
1056 4058 1087 4122 q.
1104 4037 1146 4119 1).
1161 4037 1259 4102 Ratio
1273 4041 1327 4100 est
1341 4036 1421 4120 quia
1440 4053 1542 4099 6666-

361 4143 477 4209 monia
488 4143 724 4222 ecclesiastica,
742 4145 851 4230 666116
866 4152 919 4211 661
932 4145 1118 4230 sepultura,
1136 4151 1189 4210 est
1198 4148 1256 4228 jus
1268 4129 1446 4228 spirituale
1458 4142 1541 4206 lide-

360 4249 449 4316 lihus
463 4257 673 4336 competens.
698 4253 844 4319 citatum
867 4273 940 4338 cap.
969 4255 1008 4318 13
1024 4253 1161 4319 videtur
1177 4253 1357 4337 prohibere
1376 4257 1541 4335 tanquam

361 4359 586 4425 simoniacum
607 4361 847 4446 quodcumque
867 4361 1139 4428 emolumentum
1159 4378 1221 4446 pro
1246 4365 1324 4427 actu
1354 4356 1538 4442 sepulturae

360 4467 507 4550 parocho
517 4467 900 4546 datum3verumtamen
909 4487 1030 4536 omnes
1041 4471 1226 4536 canonista
1236 4469 1457 4535 consentiunt
1466 4466 1538 4530 dari

360 4593 461 4659 posse
476 4577 656 4642 materiam
672 4577 897 4661 temporalem
909 4575 1053 4661 alicujus
1068 4583 1272 4652 contractus,
1289 4583 1328 4640 ut
1346 4581 1461 4642 taxam
1476 4591 1537 4658 pro

360 4682 583 4750 aedillcatione
600 4690 635 4749 et
648 4685 1114 4763 conservationeooemeterii,
1125 4691 1188 4753 etc·
1204 4685 1321 4769 ltaque
1338 4703 1382 4750 ex
1397 4701 1540 4749 consue·
