3488 5568
376 571 435 638 tat
834 583 887 634 tus
908 581 1091 636 onuourouu.

369 709 472 794 palis.
487 706 553 777 Sed
572 704 734 788 obligatio
756 705 947 789 applicandi
968 706 1103 772 diversa
1118 707 1224 771 estab
1243 703 1449 788 obligatione
1463 701 1552 770 cele-

375 815 495 882 brandi
517 815 644 881 tostum
670 819 835 897 tanquam
856 813 898 878 de
921 820 1112 898 praecepto,
1140 818 1178 879 ut
1207 817 1342 879 constat
1369 831 1412 879 ex
1439 811 1550 877 dietis.

374 924 481 1006 Igitur
494 924 654 992 standum
665 927 717 988 ost
729 923 844 988 verbis
857 921 982 988 Urbani
996 921 1077 1000 Vlll,
1091 941 1167 1008 qum
1180 940 1251 988 nou
1260 923 1436 1006 patiuntur
1448 920 1553 986 talem

373 1033 700 1118 interpretationem,
719 1049 782 1096 sou
806 1029 848 1096 do
868 1029 1075 1114 obligatione
1096 1029 1302 1115 disjunctiva
1325 1029 1415 1096 inter
1442 1033 1553 1112 patro·

374 1159 458 1206 rrum
478 1140 634 1208 dimcesis
657 1145 694 1206 et
714 1145 898 1223 patronum
919 1139 984 1206 loci
1011 1139 1156 1222 intelligi
1179 1144 1365 1224 nequeunt.
1393 1138 1552 1220 Legimus

374 1250 465 1314 onim
482 1270 490 1313 ε
508 1275 524 1310 «
595 1255 698 1334 atqua
723 1249 826 1314 unius
848 1267 893 1314 ex
913 1247 1210 1333 principalioribus
1231 1247 1384 1332 patronis
1407 1247 1444 1310 in
1467 1263 1552 1328 quo-

372 1375 519 1442 cumque
533 1375 640 1440 regno
662 1355 718 1422 vel
738 1355 924 1440 provincia,
941 1361 976 1421 et
990 1355 1130 1422 alterius
1145 1356 1272 1440 pariter
1291 1353 1550 1438 principalioris,

372 1466 408 1530 iu
424 1483 637 1552 quacumque
655 1467 791 1532 civitate
812 1465 869 1532 vel
886 1465 1012 1550 oppido
1033 1463 1090 1530 vel
1108 1483 1210 1549 pago,
1234 1465 1292 1530 ubi
1306 1465 1371 1530 bos
1389 1468 1552 1548 patronos

372 1571 489 1640 haberi
515 1579 550 1640 et
568 1575 723 1642 venerari
746 1574 930 1656 contigerit
948 1601 976 1636 ».
995 1573 1123 1639 Eodem
1147 1573 1251 1639 modo
1278 1571 1435 1638 Pontifex
1459 1569 1553 1635 addit

372 1685 555 1763 patronum
568 1681 634 1748 loci
644 1687 789 1767 patrono
804 1681 970 1762 dioecesis,
986 1699 1054 1766 quo
1068 1681 1198 1747 addidit
1207 1681 1358 1764 primum
1371 1677 1446 1745 aliis
1455 1677 1551 1742 iestis

373 1795 476 1855 autea
490 1791 710 1856 enumeratis.

412 1899 445 1962 ὅο
460 1899 523 1976 Qui
538 1900 669 1965 duabus
679 1901 911 1984 praeficiuntur
922 1901 1111 1984 parochiis,
1121 1900 1206 1966 duas
1218 1898 1386 1984 applicare
1406 1895 1553 1962 obstrin-

373 2013 502 2088 guntur
515 2009 649 2086 missas,
674 2009 747 2076 sive
768 2027 830 2094 per
848 2027 897 2086 se,
914 2009 950 2074 iu
965 2009 1085 2075 diebus
1103 2009 1226 2094 qrubus
1240 2006 1400 2074 facultate
1413 2003 1553 2071 binandi

373 2117 543 2194 fruuntur,
565 2117 637 2183 sive
651 2136 714 2202 per
727 2117 844 2196 abum,
861 2119 934 2183 sive
955 2117 1096 2184 undem
1121 2119 1210 2184 intra
1227 2115 1495 2191 hebdomadum
1518 2119 1553 2179 et

339 2269 345 2284 .
374 2243 462 2290 onus
476 2223 559 2290 illud
570 2231 762 2309 permanet,
786 2243 857 2292 non
877 2226 990 2292 solum
1003 2245 1066 2310 pro
1088 2225 1155 2290 illis
1181 2227 1301 2290 diebus
1314 2225 1372 2308 qui
1391 2222 1552 2308 apopulo

374 2339 565 2410 servantur,
580 2353 701 2399 verum
716 2335 821 2400 etiam
843 2354 905 2420 pro
921 2335 1041 2400 diebus
1055 2335 1152 2400 iestis
1166 2335 1367 2401 auctoritate
1380 2332 1553 2416 pontilicis

374 2441 578 2525 suppressis,
602 2447 767 2527 utsupra
790 2443 950 2509 diximus.
973 2443 1052 2508 llaec
1078 2443 1233 2509 doctrina
1253 2445 1327 2526 jem
1351 2445 1486 2506 constat
1508 2457 1552 2502 ex

373 2555 481 2614 const.
502 2549 588 2615 Cum
603 2569 735 2636 aemper
754 2551 881 2617 Beuad.
907 2551 986 2616 xlv.
1009 2550 1149 2629 Deinde,
1165 2550 1360 2634 expressius
1383 2546 1553 2613 declarata

373 2656 438 2720 tuit
450 2675 472 2722 a
485 2657 518 2720 S.
535 2657 568 2722 C.
586 2657 686 2723 Cone.
712 2659 749 2722 in
763 2658 867 2724 variis
881 2660 1074 2743 responsis,
1092 2661 1271 2741 signanter
1288 2655 1403 2722 timaii
1424 2653 1504 2718 litat
1517 2659 1553 2716 ot

372 2765 411 2828 bi
427 2763 511 2828 lebr.
538 2765 628 2828 tata.
644 2763 717 2830 Non
741 2763 943 2842 admittitur,
961 2771 1002 2830 ut
1021 2783 1126 2832 eausa
1139 2783 1309 2831 excusans
1323 2763 1366 2829 ab
1381 2759 1552 2845 eJ'usmodi

372 2871 525 2936 muneris
537 2870 772 2956 implemento,
789 2891 901 2956 neque
911 2871 1109 2938 reddituum
1124 2875 1284 2952 tenuitas,
1299 2890 1412 2956 noque
1422 2871 1553 2934 invete-

373 2985 447 3047 rata
459 2980 672 3046 consuetudo
686 2982 868 3057 contraria,
886 2987 925 3046 ut
937 2981 1028 3048 clara
1045 2982 1177 3047 emitur
1190 3001 1234 3048 ex
1253 2980 1399 3048 laudatis
1412 2995 1552 3061 respon-

375 3087 528 3154 sionibus
542 3087 575 3153 S.
592 3087 714 3172 Gongr.
730 3089 831 3155 Cone.
849 3088 957 3167 Unde,
975 3089 1109 3156 etiamsi
1123 3109 1193 3156 una
1207 3109 1250 3155 ex
1263 3087 1431 3173 parochiis
1445 3087 1550 3152 unitis

373 3194 485 3260 nullos
505 3195 660 3262 redditus
683 3196 835 3274 baberet,
864 3214 935 3262 non
959 3195 1039 3262 ideo
1064 3197 1273 3262 eximeretur
1297 3195 1465 3280 parochus
1485 3193 1553 3258 illis

372 3304 575 3388 praepositus
589 3305 632 3371 ab
646 3304 854 3388 obbgations
868 3307 921 3370 bis
936 3305 1128 3390 applicandi
1143 3323 1206 3389 pro
1220 3303 1358 3390 populo.
1374 3303 1502 3369 Tamen
1516 3302 1552 3366 in

371 3412 437 3478 boc
451 3431 533 3480 casu
548 3413 581 3478 S.
596 3412 702 3479 Sedes
715 3413 804 3480 solet
816 3414 1005 3481 concedere
1018 3415 1187 3500 episcopis
1201 3414 1396 3498 petentibus
1413 3411 1553 3478 faculta-

372 3527 444 3588 tom
458 3521 675 3606 dispensandi
690 3540 770 3588 cum
783 3523 941 3606 parochis
954 3524 1174 3608 pauperibus.
1195 3559 1235 3570 --
1249 3523 1404 3586 Diximus
1418 3521 1552 3586 duodus

371 3627 552 3713 pmcbiis,
572 3627 665 3714 quod
684 3629 830 3712 intelligi
854 3631 957 3697 debet
977 3631 1019 3696 de
1044 3631 1171 3698 unione
1188 3649 1259 3697 non
1273 3629 1487 3704 exstinctiva,
1508 3647 1553 3693 ex

375 3753 444 3820 qua
457 3736 533 3804 duae
545 3737 712 3822 parocbiae
728 3745 809 3804 sunt
830 3739 879 3804 ita
891 3739 996 3804 unitas
1014 3745 1049 3806 et
1064 3741 1269 3823 conjunctas,
1294 3743 1333 3801 ut
1351 3757 1395 3804 ex
1419 3736 1553 3803 duabus

374 3861 445 3908 una
458 3843 582 3911 effecta
594 3843 639 3910 sit
651 3862 731 3910 cum
744 3845 834 3910 tituli
847 3845 988 3912 alterius
1004 3847 1242 3912 exstinctione.

413 3951 446 4016 6·
460 3951 653 4018 Notandum
668 3959 721 4018 est
731 3953 823 4037 quod
837 3953 1000 4035 obligatio
1008 3953 1202 4020 celebrandi
1214 3972 1278 4042 pro
1289 3951 1415 4039 populo
1431 3952 1553 4018 diebus

373 4059 552 4126 dominicis
566 4066 602 4125 et
613 4061 711 4126 iestis
723 4061 772 4126 ita
789 4067 890 4144 urget
903 4062 1081 4144 parochos,
1107 4069 1146 4126 ut
1163 4045 1307 4127 isti'non
1319 4063 1453 4146 possint
1463 4061 1553 4126 banc

373 4167 618 4250 obligationem
631 4169 814 4236 transferre
829 4169 865 4234 iu
879 4168 965 4235 alios
979 4169 1064 4246 dies,
1080 4170 1146 4234 uisi
1160 4189 1205 4235 ex
1212 4188 1317 4237 causa
1324 4169 1479 4252 legitima
1490 4177 1552 4234 aut

373 4295 418 4341 ex
430 4275 563 4343 indulto
575 4277 927 4362 apostolico:ooustat
946 4297 991 4343 ex
1010 4285 1134 4344 natura
1155 4279 1263 4362 ipsius
1282 4278 1500 4360 obligationis
1516 4285 1553 4342 et

371 4383 597 4466 colligiturcx
609 4387 713 4452 iuriis
726 4385 885 4452 declarat.
899 4387 932 4450 S.
943 4387 1050 4466 Sedis,
1063 4389 1153 4454 inter
1166 4405 1252 4471 quas
1265 4387 1412 4452 babetur
1426 4404 1552 4451 reeens

371 4495 553 4576 responsio
563 4493 597 4557 S.
613 4493 735 4576 Gougr.
753 4493 853 4560 Cone.
868 4495 986 4578 idjam
1000 4497 1090 4560 litis.
