3504 5566
375 524 434 588 tot
831 543 882 589 tus
902 541 1082 590 cononicus.

372 659 415 723 ad
426 659 623 742 principem,
637 663 672 724 et
685 665 763 726 ante
774 659 989 725 sententiam.
1002 657 1121 726 Differt
1133 658 1236 724 etiam
1248 677 1269 723 a
1280 659 1545 726 consultatione:

373 783 453 830 nom
474 766 547 831 haec
567 767 724 848 dirigitur
743 767 787 830 ad
811 766 1009 851 prinoipem,
1027 771 1067 831 ut
1091 766 1297 850 respondeat
1316 785 1420 850 snper
1442 767 1544 833 dubio

368 873 466 954 juris,
482 892 553 939 non
567 892 650 939 vero
672 879 711 939 ut
728 875 838 958 ipsam
854 891 992 940 causam
1013 873 1163 950 deliniat,
1178 873 1257 939 licet
1275 873 1383 958 judex
1405 874 1545 958 inferior

369 980 404 1044 in
420 981 657 1048 sententiando
674 986 837 1066 sequatur
849 999 1053 1065 responsum
1072 981 1251 1064 principis;
1268 983 1407 1046 econtra
1423 979 1542 1046 relatio

370 1092 478 1152 totam
490 1105 628 1154 oausam
643 1089 804 1154 transfert
816 1088 859 1154 ad
873 1089 1071 1172 prinoipem,
1089 1094 1127 1152 ut
1142 1088 1172 1152 is
1186 1105 1263 1154 eam
1277 1088 1419 1154 decidat.

410 1193 444 1277 d)
460 1194 551 1275 Quid
564 1197 654 1277 suris
674 1198 761 1260 circa
780 1196 1004 1260 relationem?
1027 1197 1058 1259 1⁰
1072 1193 1149 1260 llaec
1167 1195 1323 1260 iacienda
1338 1201 1390 1260 ost
1408 1199 1541 1260 tantum

369 1302 405 1364 in
419 1319 523 1367 causa
533 1303 649 1378 ardua,
667 1307 702 1368 et
714 1304 749 1367 in
763 1303 866 1368 dubio
878 1304 977 1386 juris,
995 1319 1065 1367 non
1080 1303 1158 1367 loeti
1177 1323 1184 1365 :
1201 1321 1283 1368 nam
1296 1302 1456 1387 principis
1470 1320 1540 1368 non

372 1413 423 1472 est
436 1409 525 1474 iacta
534 1409 715 1487 declarare,
732 1410 792 1476 sed
803 1412 892 1492 Jura.

409 1517 441 1580 2⁰
454 1516 600 1582 Effectus
614 1517 717 1601 hujus
732 1517 905 1582 relationis
921 1523 983 1594 est,
996 1517 1087 1603 quod
1101 1519 1136 1582 in
1146 1537 1187 1583 ea
1196 1535 1299 1583 causa
1313 1516 1541 1600 suspendatur

364 1623 488 1706 judicis
506 1625 685 1690 referentis
698 1625 900 1708 jurisdictio,
918 1631 953 1690 et
971 1643 1073 1692 causa
1093 1645 1153 1708 per
1175 1626 1372 1708 principem,
1389 1622 1445 1690 vel
1465 1626 1538 1706 ejus

368 1749 610 1810 successorem,
629 1732 816 1797 decidenda
829 1734 873 1796 sit
887 1734 926 1816 (c.
944 1733 1020 1796 bde
1040 1733 1103 1815 Off.
1122 1735 1253 1818 delepi.

407 1841 439 1904 3⁰
453 1840 559 1906 Hodie
574 1840 757 1904 relationes
771 1842 844 1904 istae
861 1842 933 1905 lere
949 1841 1172 1906 exoleverunt
1185 1843 1352 1922 (Meschoi,
1370 1841 1402 1904 h.
1421 1841 1468 1922 t).

803 2247 969 2308 TirULUS
990 2245 1097 2308 XXlX.

696 2391 743 2442 De
760 2391 891 2444 clericis
908 2391 1211 2458 pereurinantlbus.

405 2745 436 2826 a)
451 2743 509 2809 llic
521 2743 639 2808 titulus
654 2749 707 2809 est
719 2743 826 2809 veluti
840 2743 1011 2827 appendix
1025 2743 1224 2828 superioris3
1240 2761 1321 2809 nam
1335 2743 1377 2808 de
1391 2741 1537 2826 appelia-

365 2853 457 2916 tione
471 2851 554 2917 reoli
569 2852 612 2916 ad
627 2851 749 2916 Sedena
764 2850 992 2934 Apostciioam
1006 2853 1133 2934 agitur;
1145 2849 1256 2915 clerici
1270 2851 1362 2914 enim
1376 2851 1441 2914 iter
1454 2849 1535 2915 arri-

363 2959 462 3043 piunt
476 2964 514 3024 ut
528 2979 564 3024 se
584 2961 705 3026 sistant
722 2979 837 3027 coram
854 2961 1008 3026 Romano
1023 2960 1194 3025 Pontifice.
1212 2959 1337 3024 Tamen
1352 2959 1486 3023 rubrica
1499 2960 1535 3022 in

364 3085 467 3132 sensu
482 3069 593 3133 latiori
608 3068 763 3145 sumitur,
780 3087 903 3152 nempe
919 3073 1087 3152 quatenus
1104 3067 1145 3132 de
1160 3067 1288 3132 clericis
1300 3065 1357 3131 vel
1375 3067 1469 3132 laicis
1486 3067 1535 3130 in-

364 3174 527 3257 telligitur
545 3176 587 3240 ad
610 3176 767 3242 Sanctam
795 3176 918 3240 Sedem
937 3175 1247 3259 proficiscentibus,
1268 3174 1340 3238 sive
1363 3193 1405 3238 ex
1433 3193 1534 3241 causa

363 3284 645 3365 peregrinationis
659 3284 703 3349 ad
714 3283 833 3347 limina
846 3283 1096 3368 Apostolorum,
1114 3285 1186 3348 sive
1208 3301 1251 3346 ex
1272 3281 1337 3348 alia
1355 3299 1458 3347 causa
1476 3301 1534 3347 ne-

363 3391 574 3457 cessariavel
589 3390 754 3476 probabili
770 3413 777 3456 :
795 3392 881 3456 ratio
899 3393 991 3456 eninr
1004 3390 1255 3456 constitutionis
1265 3387 1338 3453 lnn.
1348 3388 1391 3452 lil
1402 3389 1447 3472 (in
1459 3407 1531 3473 cap.

363 3517 421 3562 un.
437 3500 471 3562 h.
487 3501 525 3581 t.)
541 3505 594 3564 est
616 3499 795 3582 generalis,
822 3504 857 3564 et
878 3499 955 3564 ideo
982 3519 1018 3564 se
1045 3498 1198 3565 extendit
1220 3497 1263 3564 ad
1287 3515 1407 3563 omnes
1434 3497 1534 3580 proii-

362 3605 526 3672 ciscentes
535 3607 582 3673 ad
597 3605 732 3690 Papam.

402 3713 1528 3799 b)ParegrinatioadS.Sedemvimetelieotumappellationisbabet,

360 3824 408 3886 ita
419 3828 458 3886 ut
471 3840 534 3888 nec
545 3823 654 3904 judex
667 3823 856 3888 ordinarius
870 3842 933 3888 nec
949 3823 1123 3905 delegatus
1138 3823 1246 3907 possit
1256 3827 1375 3889 contm
1384 3825 1532 3906 peregri·

361 3935 500 3993 nantem
522 3930 706 4012 procedere
727 3935 805 4014 post
825 3932 890 3995 iter
903 3936 1087 4015 arreptum,
1104 3931 1248 4014 ideoque
1263 3931 1416 3996 revocari
1430 3931 1532 3995 debet

360 4036 523 4120 quidquid
538 4041 657 4102 contra
672 4037 832 4102 eumdem
846 4040 1121 4121 peregrinantem
1139 4041 1343 4103 attentatum
1356 4037 1478 4102 luisset
1488 4039 1528 4119 (c.

359 4163 417 4210 uu.
433 4145 466 4209 h.
477 4145 525 4226 t).
540 4144 626 4209 Talis
640 4145 818 4211 enimcum
826 4146 984 4210 omnibus
992 4147 1093 4211 rebus
1102 4147 1172 4210 suis
1181 4147 1244 4210 sub
1256 4147 1465 4230 protectione
1478 4145 1532 4210 Se-

359 4251 410 4314 dis
420 4251 619 4334 Apostolicae
631 4253 857 4318 constituitur.
874 4255 917 4316 nt
929 4253 1092 4336 protectio
1102 4253 1145 4318 ad
1161 4252 1279 4319 limina
1291 4252 1538 4338 Apostolorum,

287 4423 290 4430 ,
360 4358 519 4422 effectum
530 4357 765 4443 appellationis
779 4360 882 4424 hebet
897 4365 1030 4426 tantum
1044 4363 1075 4424 1⁰
1088 4359 1223 4444 quaudo
1236 4361 1276 4424 fit
1293 4362 1382 4428 intra
1402 4363 1441 4427 10
1459 4361 1530 4426 dies

358 4481 379 4529 a
392 4465 562 4530 sententia
573 4464 643 4532 lata
655 4465 712 4531 vel
726 4467 924 4548 gravamine
938 4465 1041 4544 illato,
1051 4469 1154 4534 modo
1165 4467 1271 4552 judici
1284 4468 1340 4534 vel
1353 4470 1441 4552 parti
1452 4469 1529 4534 inti·

358 4577 485 4648 matum
497 4575 582 4638 ratio
598 4578 651 4638 est
665 4575 744 4658 quia
757 4572 844 4652 talis,
855 4573 934 4639 licet
947 4592 1016 4638 non
1031 4575 1154 4653 verbis,
1166 4577 1254 4642 iacto
1268 4581 1383 4643 tamen
1396 4577 1471 4661 ipso
1486 4577 1528 4643 ad

359 4677 480 4742 Sedem
505 4681 732 4763 Apostolicam
746 4681 894 4766 appellet
908 4683 947 4764 (a.
963 4681 1003 4746 52
1017 4681 1059 4747 de
1071 4683 1226 4766 Appelli.
1240 4684 1316 4752 bno
1329 4684 1527 4768 hujusmodi
