3510 5574
550 585 637 632 irase
658 581 787 632 userius
808 583 1030 631 caesarium.
1211 593 1215 611 ·
1321 563 1379 630 aar

187 687 349 777 sessim,
377 702 568 774 absentiam
598 702 725 784 eligere
754 703 932 779 deberent,
962 721 1006 767 ne
1038 701 1150 767 cultus
1182 701 1318 766 divinus
1345 701 1381 764 in

203 807 345 874 ecclesia
358 809 542 876 cathedrali
555 811 742 877 minuatur.

241 916 323 982 Aliae
344 937 467 998 causae,
482 926 607 1004 praeter
628 926 859 998 enumeratas,
876 937 948 987 non
971 925 1137 986 excusent
1151 937 1172 987 a
1185 917 1379 994 residendo,

201 1047 235 1092 v.
252 1046 285 1110 g.
302 1030 534 1113 peregrinatio
548 1031 739 1097 devotionis
754 1049 868 1108 causa,
886 1031 942 1096 vel
959 1031 1072 1096 studia
1085 1030 1304 1096 scientiarum
1322 1032 1382 1093 aut

200 1135 392 1202 litterarum
405 1139 636 1222 profanarum.

200 1397 215 1466 ,i
230 1399 265 1454 V.
280 1394 484 1468 bonitatibus
498 1411 565 1472 qrsae
578 1395 738 1456 obveniunt
754 1395 938 1471 beneficiatis
952 1397 1164 1468 residentibus,
1182 1400 1210 1457 et
1225 1397 1380 1470 speciatim

529 1484 565 1544 de
579 1485 842 1546 distributionibus
857 1486 1052 1562 quotidianis.

241 1682 281 1764 aij
295 1679 333 1745 ln
354 1680 501 1764 capitulo
525 1680 676 1765 quolibet
699 1681 799 1746 datur
821 1699 943 1748 mensa
962 1682 1166 1757 communis,
1186 1697 1261 1764 qum
1285 1697 1379 1744 ccm-

199 1791 362 1877 plectitur
384 1791 564 1854 universos
585 1791 715 1855 fructus
734 1789 872 1874 capituli
895 1791 1097 1855 dividendos
1119 1791 1209 1853 inter
1228 1788 1378 1853 clericos.

199 1901 343 1965 Fructus
364 1900 420 1963 isti
444 1898 586 1983 duplicis
609 1900 746 1981 generis
771 1905 852 1964 sunt
869 1921 876 1963 :
893 1899 950 1966 alii
975 1901 1085 1964 annui
1105 1919 1166 1964 seu
1191 1899 1308 1982 quossi,
1324 1899 1380 1980 qui

201 2011 328 2074 dentur
349 2013 489 2092 propter
512 2027 663 2074 annuam
687 2008 921 2086 residentiam,
945 2015 980 2074 et
1001 2008 1199 2092 simpliciter
1225 2007 1383 2071 dicuntur

199 2121 335 2201 fructus
344 2118 547 2203 prebendae,
562 2137 624 2182 seu
634 2118 838 2202 praebendc;
850 2118 907 2183 alii
921 2119 1114 2184 consistunt
1126 2117 1162 2180 in
1178 2115 1383 2180 distributio·

200 2227 303 2290 nibus
319 2225 535 2310 quotidianis,
547 2244 623 2308 quae
639 2225 743 2291 etiem
757 2226 917 2291 dicuntur
925 2227 1127 2311 presentie,
1147 2223 1310 2290 victualis
1323 2225 1383 2286 aut

199 2337 334 2417 fruetus
360 2335 580 2400 canonicales.
608 2335 694 2400 Sunt
717 2354 801 2418 crgo
817 2338 989 2422 portiones
1012 2335 1208 2401 reddituum
1233 2331 1382 2416 quotidie

200 2442 360 2507 distribui
375 2443 483 2508 sob’te
504 2445 545 2507 iis
565 2445 627 2527 qui
645 2444 813 2509 intersunt
832 2444 951 2509 diuinis
972 2445 1103 2528 officiis,
1120 2461 1160 2508 ac
1169 2440 1315 2528 proinde
1328 2441 1381 2522 so-

199 2571 281 2616 ucre
291 2553 401 2618 cultris
415 2555 525 2618 divim
531 2557 754 2620 consonandi
766 2563 799 2620 et
813 2557 966 2641 acuendi
978 2555 1188 2620 introductis.

241 2665 273 2746 b)
292 2663 433 2736 Fructus
453 2665 559 2730 annui
580 2666 770 2730 obveniunt
791 2666 922 2730 clericis
940 2665 1169 2730 residentibus
1189 2663 1262 2728 sive
1285 2675 1377 2738 vere,

201 2772 239 2830 ut
254 2771 438 2832 constatex
452 2767 539 2832 Trid.
555 2768 651 2851 (sess.
662 2769 713 2845 23,
728 2787 757 2834 c.
772 2771 801 2846 t,
819 2775 944 2834 etsess.
957 2769 1007 2846 id,
1023 2785 1052 2832 e.
1067 2769 1116 2844 tt,
1134 2767 1176 2831 de
1189 2765 1290 2848 Rei),
1308 2765 1380 2829 sive

201 2877 307 2940 etiam
326 2878 415 2954 flete,
440 2895 501 2942 seu
524 2895 568 2941 ex
581 2877 734 2959 legitima
747 2895 852 2943 causa
865 2877 1075 2953 absentibus,
1090 2881 1130 2940 ut
1143 2876 1273 2940 eruitur
1287 2891 1331 2937 ex
1350 2889 1379 2936 c.

201 2985 230 3058 7,
247 2983 297 3060 tt,
309 2983 393 3048 tdh.
410 2985 460 3048 tit.
477 2985 585 3062 Ratio,
604 2986 683 3069 quia
693 2987 827 3068 justum
847 2990 952 3050 estut
971 2985 1029 3069 qui
1045 2983 1195 3049 ecelesia
1218 2981 1380 3077 deseruit,

202 3093 244 3155 ab
266 3109 308 3156 ea
327 3097 546 3156 sustentetur.
564 3092 630 3158 Sed
646 3093 902 3158 distributiones
917 3092 1125 3176 quotidiana
1140 3089 1221 3156 solis
1236 3090 1379 3153 interes-

203 3199 357 3264 sentibus
377 3201 413 3263 in
441 3201 556 3278 choro,
574 3219 636 3266 seu
662 3201 786 3266 divinis
809 3201 940 3276 officiis,
957 3199 1156 3265 obveniunt.
1175 3196 1315 3262 Constat
1339 3214 1382 3259 ex

202 3305 302 3385 Trid.,
322 3325 406 3373 sess.
420 3309 471 3386 dd,
490 3328 518 3374 c.
542 3309 592 3386 te,
614 3309 656 3374 de
678 3309 753 3393 Res.
774 3309 863 3374 Ficte
885 3308 1086 3386 residentes,
1107 3305 1186 3372 licet
1208 3304 1383 3370 lucrentur

201 3414 331 3479 fructus
345 3434 494 3497 grossos,
511 3435 581 3482 nou
596 3420 711 3481 tamen
727 3417 983 3482 distributiones
998 3414 1230 3499 quotidianas;
1247 3411 1308 3477 sed
1327 3412 1381 3476 hee
1494 3459 1499 3470 .

203 3529 400 3588 accrescunt
411 3525 711 3600 interessentibus;
726 3525 796 3590 imo
810 3524 1009 3590 absentibus
1028 3521 1157 3587 remitti
1179 3526 1238 3584 aut
1257 3517 1382 3584 condo-

204 3631 278 3696 nari
291 3637 478 3716 nequeunt,
495 3632 566 3697 sive
581 3629 773 3716 ecapitulo,
791 3633 862 3696 sive
878 3633 920 3697 ab
945 3631 1116 3714 episcopo,
1131 3647 1202 3695 non
1224 3629 1381 3694 obstante

204 3737 617 3822 qustibatconsuetudine.
634 3739 825 3805 Constatex
832 3740 936 3805 variis
945 3738 1090 3804 decretis
1100 3735 1131 3800 S.
1145 3736 1268 3818 Congr.
1280 3734 1380 3800 Gonc.

203 3841 347 3908 relatisa
359 3843 484 3910 Bened.
500 3844 571 3911 xlv
584 3845 620 3908 in
631 3845 701 3910 suis
712 3844 995 3910 institutionibus.
1012 3841 1108 3907 Ratio
1118 3846 1181 3918 est,
1194 3841 1274 3925 quia
1283 3855 1382 3904 secus

204 3952 267 4015 sub
295 3969 355 4034 spe
378 3953 591 4018 remissionis
609 3952 748 4018 duetus
766 3951 940 4017 canonicis
961 3949 1094 4016 occasio
1116 3968 1186 4015 non
1210 3945 1381 4014 residendi

204 4058 308 4140 (conc.
326 4057 426 4136 Trid.,
440 4059 463 4122 l.
479 4061 535 4124 cit.
549 4065 585 4125 et
598 4078 683 4125 sess.
699 4060 750 4136 st,
767 4078 796 4124 c.
812 4060 854 4142 3).

241 4167 431 4250 Aliquando
447 4168 724 4234 distributionum
736 4167 813 4234 loco
827 4168 997 4234 hahentur
1009 4175 1240 4254 punctatum,
1254 4162 1381 4230 scilicet

203 4277 347 4359 pecunia
370 4275 572 4342 mulctatitia
598 4277 640 4341 ab
668 4277 869 4342 absentibus
892 4275 1131 4361 persolvenda,
1156 4292 1231 4359 quae
1252 4291 1381 4338 corres-

202 4384 332 4466 pondet
356 4385 650 4452 distributionibus
674 4404 760 4471 quas
787 4385 946 4452 absentes
968 4384 1165 4452 amitterent
1186 4383 1230 4465 (S.
1256 4381 1379 4462 Gougr.

204 4491 301 4560 Gonc.
317 4493 358 4558 uo
371 4493 443 4558 dec.
461 4493 551 4571 trae,
567 4495 588 4558 b
602 4493 698 4578 april.
713 4493 814 4578 tras).

241 4601 300 4667 iiic
313 4603 437 4668 modus
458 4603 552 4668 solus
565 4607 679 4687 potest
692 4602 861 4668 introduci
879 4601 916 4666 in
937 4600 1021 4668 locis
1034 4601 1071 4666 in
1086 4600 1209 4686 quibus
1225 4597 1379 4664 canonici

202 4707 328 4777 habent
349 4711 501 4776 redditus
526 4711 588 4774 sibi
611 4731 632 4778 a
653 4711 820 4794 gubernio
849 4712 1058 4793 assignatos3
1079 4711 1127 4776 sic
1151 4711 1243 4776 enim
1265 4715 1379 4792 potest
