3488 5568
578 581 666 626 erasa
688 577 815 627 rsarrrs
836 579 1058 627 nncnsrstruu.
1350 563 1409 639 5³9

271 705 302 768 l⁰
313 705 347 768 Si
362 721 523 770 excessus
543 703 683 771 daretur
696 701 770 768 solo
783 703 910 768 intuitu
925 701 1109 768 sacerdotis
1124 703 1331 790 recipientis,
1348 704 1410 767 sci-

228 812 307 878 licet
321 799 452 878 ratione
466 811 634 888 amicitiae,
650 810 881 893 gratitudinis,
896 810 1118 893 paupertatis,
1142 815 1219 888 etc,
1237 811 1266 875 is
1292 816 1409 895 posset

229 919 327 984 illum
336 937 516 986 excessum
529 920 689 994 retinere,
705 917 840 985 comsit
853 935 936 982 vera
950 921 985 982 et
1004 917 1147 984 indubia
1162 918 1323 995 donetio;
1348 920 1408 984 sed

229 1029 265 1092 in
277 1027 343 1092 boc
359 1045 441 1094 casu
464 1027 631 1110 recipiens
654 1027 847 1109 generatim
869 1029 1005 1091 tenatur
1019 1025 1063 1090 ad
1083 1025 1308 1109 personaliter
1323 1025 1408 1092 cele-

230 1136 454 1213 brandum,et
466 1135 544 1200 ideo
554 1153 625 1201 non
632 1139 751 1219 posset
762 1134 852 1200 licite
860 1133 958 1200 alteri
968 1135 1153 1198 transferre
1164 1133 1408 1222 obligationem

229 1243 418 1328 applicandi
429 1243 694 1328 missaspetitas.
711 1243 789 1308 Haec
798 1241 960 1324 obligatio
975 1241 1202 1326 personaliter
1216 1241 1409 1307 celebrandi

229 1353 374 1418 babetur
382 1353 583 1436 praesertim,
595 1351 731 1436 quando
740 1350 1122 1433 traditureleamosyna
1131 1349 1290 1432 pinguior
1300 1367 1409 1416 sacer-

230 1463 301 1528 doti
325 1461 507 1545 singularis
526 1463 662 1547 pietatis
679 1463 780 1544 fama
803 1461 957 1546 praedito.
979 1461 1119 1536 Verum,
1147 1460 1176 1524 si
1202 1460 1410 1525 sufficienter

230 1573 402 1635 constaret
413 1569 455 1634 de
470 1570 660 1636 intentione
675 1569 798 1646 dantis,
812 1569 869 1654 qui
883 1569 1003 1633 tribuit
1012 1567 1207 1634 libertatem
1216 1566 1408 1632 celebrandi

231 1676 334 1741 etiam
361 1676 570 1760 paralium,
602 1695 763 1743 excessus
790 1679 908 1761 posset
930 1674 1084 1751 retineri,
1117 1675 1197 1740 dato
1224 1673 1408 1740 celebranti

230 1785 398 1868 stipendio
408 1788 508 1869 juxta
516 1789 689 1870 receptam
704 1785 925 1851 taxationem.

262 1877 302 1956 t·
317 1893 351 1958 Si
366 1893 525 1959 sacerdos
540 1893 745 1976 subrogatus
761 1898 882 1977 sponte
897 1897 932 1958 et
945 1911 1017 1959 non
1031 1895 1172 1975 rogatus
1191 1891 1322 1956 remisit
1334 1909 1408 1975 pnr-

230 2005 301 2066 tem
323 2001 562 2086 eleemosynae,
589 2001 663 2066 baec
691 2020 771 2085 pars
792 2001 931 2066 retineri
949 2005 1067 2085 posset
1090 1999 1188 2064 titulo
1215 1999 1408 2065 donationis

230 2107 371 2174 omnino
387 2113 600 2192 spontaneam
617 2108 678 2174 sed
693 2127 736 2172 ex
751 2109 906 2191 superius
923 2107 1032 2184 dictis,
1051 2107 1261 2172 sufficienter
1275 2110 1409 2172 constat

229 2219 322 2286 illam
333 2217 620 2284 condonationem
633 2216 819 2282 liberaliter
833 2222 868 2282 et
888 2218 1029 2284 omnino
1044 2221 1166 2302 sponte
1193 2216 1316 2283 debere
1331 2235 1407 2284 esse

230 2329 364 2395 iactam
1226 2308 1231 2318 ¹

257 2437 303 2499 v3⁰
317 2437 350 2501 Si
372 2440 444 2502 tota
466 2436 650 2521 praebenda
672 2436 873 2521 parochialis
895 2435 950 2501 vel
970 2452 1049 2520 pars
1072 2433 1231 2502 notabilis
1253 2434 1409 2518 ejusdem

230 2545 432 2612 consisteret
445 2545 481 2608 in
496 2543 723 2628 eleemosynis
737 2545 931 2620 missarum,
943 2549 1060 2628 posset
1069 2544 1237 2627 parochus
1247 2543 1408 2627 pinguius

231 2655 382 2738 accipere
403 2652 611 2737 stipendium
632 2657 667 2718 et
687 2653 792 2719 aliurn
814 2653 1026 2719 sacerdotem
1049 2654 1102 2718 bis
1129 2653 1243 2718 missis
1265 2671 1408 2718 onerare

231 2781 292 2847 pro
315 2761 448 2826 minore
469 2779 532 2826 seu
552 2765 710 2825 currente
734 2760 929 2845 stipendio:
958 2762 1005 2826 ita
1028 2760 1212 2826 declaravit
1226 2765 1257 2826 S.
1284 2759 1405 2841 Gougr.

231 2871 345 2947 Cone,
362 2869 402 2933 lb
420 2868 483 2952 jul.
509 2867 600 2933 tart.
626 2869 664 2932 In
686 2870 751 2934 boc
774 2869 866 2934 enim
882 2887 977 2944 casu,
995 2887 1156 2934 excessus
1179 2869 1283 2934 babet
1304 2868 1407 2934 etiam

231 2979 399 3044 rationem
414 2977 607 3042 donationis
621 2977 757 3061 proprie
772 2975 868 3042 dictae
882 2977 1235 3062 aparocbianisiactae
1245 2978 1405 3061 parocho,

231 3091 270 3149 ut
288 3085 343 3150 bic
364 3085 533 3150 sustinere
560 3084 669 3168 possit
696 3103 802 3150 onera
828 3085 931 3150 cilicii
954 3083 1144 3169 pastoralis.
1172 3085 1241 3150 Hoc
1263 3085 1407 3169 intelligi

232 3193 343 3270 debet,
365 3211 436 3258 non
458 3197 593 3257 tantum
613 3192 655 3256 de
674 3192 841 3274 parochis,
864 3193 926 3258 sed
941 3192 982 3256 de
995 3193 1155 3258 omnibus
1169 3193 1405 3272 beneficiariis,

231 3301 289 3385 qui
299 3303 386 3366 bene
400 3303 545 3384 possunt
554 3297 651 3364 alteri
667 3300 834 3365 sacerdoti
847 3300 1116 3366 celebrationem
1128 3301 1243 3366 missae
1258 3301 1407 3368 debitam

231 3427 292 3492 pro
308 3409 508 3476 beneficiato
521 3407 670 3482 credere,
688 3407 811 3472 tradito
821 3407 991 3491 stipendio
1005 3411 1266 3492 congruojuxta
1274 3428 1407 3475 morem

230 3518 306 3592 loci,
319 3517 392 3581 sine
405 3534 445 3580 eo
461 3515 552 3600 quod
560 3513 696 3579 tradant
710 3520 818 3580 totam
833 3520 945 3580 ratam
956 3516 1129 3580 fructuum
1141 3517 1409 3598 corresponden-

232 3631 302 3689 tem
312 3623 531 3689 celebrationi
544 3621 633 3686 illius
649 3621 724 3686 diei.
743 3621 813 3687 lice
827 3639 988 3703 expresse
1001 3622 1283 3706 approbavitlnn.
1301 3624 1357 3687 xlt
1372 3627 1408 3690 in

233 3733 368 3798 decreto
383 3736 415 3796 S.
437 3731 557 3812 Gongr.
574 3731 672 3795 Gonc.
693 3731 767 3796 Non
787 3748 885 3796 secus
907 3729 1125 3794 sentiendum
1140 3735 1193 3796 est
1211 3731 1253 3796 de
1268 3733 1409 3816 capella-

232 3839 286 3904 nis
316 3837 573 3914 amoribilibus,
602 3838 706 3904 modo
733 3857 795 3922 pro
823 3837 1011 3922 capellania
1037 3838 1120 3904 certi
1154 3839 1306 3904 redditus
1341 3839 1410 3905 sint

232 3947 409 4013 annuatim
422 3946 598 4012 constituti
612 3951 648 4010 et
660 3946 835 4030 capellano
848 3947 1028 4028 assignati3
1043 3965 1142 4012 secus
1153 3965 1236 4012 vero
1249 3947 1278 4010 si
1291 3949 1408 4030 hujus-

233 4055 325 4120 modi
339 4055 514 4139 capellano
529 4072 590 4138 pro
602 4053 753 4138 quelibet
766 4056 872 4121 missa
884 4053 1088 4120 celebranda
1101 4055 1202 4120 detur
1213 4060 1306 4120 certa
1320 4055 1408 4121 elee-

233 4181 377 4246 mosyna
393 4185 400 4227 :
416 4165 509 4229 itas.
526 4163 648 4246 Gongr.
661 4163 773 4242 Cone,
788 4166 827 4229 ld
839 4170 938 4230 mart.
953 4163 1042 4228 lita.

272 4272 367 4337 idem
382 4273 560 4351 diceretur,
578 4275 606 4338 si
622 4291 783 4340 excessus
797 4279 888 4340 esset
900 4277 959 4358 jus
977 4273 1084 4350 stolae,
1102 4293 1164 4338 seu
1179 4273 1306 4338 oblatio
1321 4274 1410 4338 facta

233 4384 276 4448 ob
302 4381 532 4447 ministerium
556 4381 743 4467 pastorale,
767 4401 829 4449 seu
858 4385 902 4449 ob
930 4381 1067 4468 aliquod
1093 4399 1180 4447 onus
1206 4382 1270 4466 ipsi
1295 4383 1408 4446 missae

234 4491 475 4566 extrinsecum,
491 4495 529 4555 ut
542 4491 726 4558 declaravit
742 4493 863 4559 cadem
878 4497 909 4559 S.
927 4493 1062 4576 congr,
1076 4492 1198 4559 eodem
1213 4491 1278 4570 die,
1295 4491 1356 4558 sed
1373 4491 1408 4554 in

234 4596 341 4663 altera
362 4599 597 4682 responsione.
620 4601 672 4676 At,
691 4605 778 4666 teste
806 4601 885 4666 clar.
909 4602 956 4666 De
977 4600 1127 4683 Angelis,
1155 4600 1322 4683 parochus
1350 4598 1407 4682 qui

235 4705 489 4792 eleemosynam
513 4707 601 4776 ultra
624 4713 739 4777 texam
763 4709 884 4794 recipit
906 4709 942 4777 in
965 4708 1187 4786 funeralibus,
1203 4725 1273 4774 non
1293 4710 1409 4792 posset
