3504 5566
522 603 608 650 ursan
629 605 780 653 secururs
801 602 1019 652 nronrrauuu.
1301 586 1355 650 rat

188 717 464 804 acdonecapitur
477 739 538 786 seu
554 720 692 788 tollitur.
710 722 862 790 Sumitur
882 720 937 787 vel
957 721 1024 787 late
1048 738 1110 805 pro
1130 720 1224 786 omni
1246 721 1360 786 deien-

188 829 283 894 sione
311 847 387 912 qrrae
414 847 475 895 reo
501 831 675 914 competit,
693 830 826 898 etiamsi
853 829 1049 895 adversario
1076 826 1170 894 nulla
1197 827 1360 896 debeatur

187 937 285 1013 actio,
301 935 358 1001 vel
372 936 486 1003 stricte
497 955 560 1020 pro
579 937 774 1003 exclusione
795 937 851 1006 vel
865 935 1093 1002 retardatione
1108 935 1250 1005 actionis
1263 953 1359 1001 mero

184 1047 261 1126 jure
283 1045 508 1128 competentis
524 1065 532 1107 :
547 1045 583 1110 in
597 1045 813 1128 primocasu,
832 1043 954 1110 dieitur
968 1045 1122 1128 exceptio
1134 1044 1223 1126 facti
1234 1047 1294 1110 aut
1310 1043 1360 1107 irr-

187 1152 365 1231 terrionem
378 1151 413 1216 in
427 1151 588 1228 secunde,
606 1153 760 1235 exceptio
769 1153 861 1234 juris
873 1171 935 1216 seu
948 1153 1083 1235 proprie
1096 1151 1195 1218 dicta.

226 1259 259 1323 2⁰
280 1260 398 1336 Quoad
420 1279 494 1325 rem
518 1279 600 1342 crgo
627 1259 810 1326 delinitur:
830 1260 980 1326 Aetionis
1004 1260 1258 1344 ecclesiactica
1282 1277 1359 1323 reus

187 1369 353 1432 actionem
374 1377 491 1434 contra
512 1388 545 1433 se
567 1371 758 1434 institutam
778 1368 835 1432 cel
851 1369 1006 1432 retardat
1026 1368 1081 1434 orl
1094 1371 1232 1452 partitus
1249 1367 1354 1434 elidit.

185 1475 305 1542 ltiffert
319 1477 361 1542 ab
376 1477 519 1552 actione,
534 1477 613 1560 quio
624 1477 712 1542 actio
728 1477 827 1541 datur
840 1477 956 1553 actori,
971 1481 1009 1540 ut
1021 1476 1056 1539 id
1077 1475 1168 1560 quod
1181 1476 1243 1540 sibi
1258 1476 1359 1542 debe·

187 1590 251 1661 tur‚
268 1585 450 1668 injudicio
467 1590 704 1669 prosequatur,
727 1585 880 1668 exceptio
899 1591 1015 1650 autem
1034 1603 1105 1661 reo,
1122 1588 1161 1650 ut
1182 1603 1219 1650 se
1240 1590 1359 1651 eontra

185 1697 336 1758 actorem
360 1675 529 1770 defendat,
548 1699 583 1758 et
604 1694 695 1778 quod
716 1694 770 1759 hic
793 1694 857 1758 sibi
880 1693 995 1760 deberi
1017 1693 1101 1770 vult,
1116 1693 1274 1760 ostendat
1287 1711 1357 1758 non

186 1801 301 1866 deberi
313 1802 368 1866 vel
382 1820 451 1866 non
465 1803 513 1866 ita
529 1801 654 1866 deberi.

224 1911 257 1976 3⁰
271 1912 431 1998 Sequitur
444 1915 501 1995 jus
517 1911 705 1996 excipiendi
719 1913 854 1978 fundari
868 1913 903 1976 in
915 1914 993 1996 jure
1007 1917 1150 1990 naturae,
1167 1912 1231 1978 etsi
1246 1911 1359 1998 quoad

183 2021 357 2104 propriam
370 2020 516 2084 formam
530 2038 591 2083 seu
602 2019 854 2088 solemnitatem
866 2020 1098 2085 introductum
1113 2021 1157 2084 sit
1165 2023 1242 2104 jure
1255 2018 1354 2084 civili.

184 2125 254 2191 lloc
265 2127 357 2192 varie
378 2126 564 2210 explicatur
585 2145 605 2191 a
622 2127 819 2204 canonistis,
833 2127 939 2210 quiin
956 2129 1067 2194 varias
1080 2129 1209 2193 abeunt
1221 2133 1355 2192 senten-

185 2235 250 2300 tias
271 2235 360 2300 circa
384 2235 552 2317 originem
575 2236 783 2320 exceptionis
807 2234 898 2318 (Vide
924 2235 1141 2318 schmuzgr„
1163 2235 1196 2300 h.
1213 2236 1262 2300 tit.
1285 2221 1356 2299 ni
1433 2326 1435 2330 Ι

223 2450 464 2522 Μοῑεηὰιιω
487 2451 648 2535 estquod
667 2453 858 2536 exceptioni
877 2453 1062 2537 opponitur
1080 2452 1265 2537 replicatio,
1281 2469 1356 2536 quae

183 2559 379 2632 conceditur
392 2559 497 2624 actori
509 2563 548 2622 nt
563 2576 599 2624 se
617 2559 777 2625 defendat
790 2565 909 2626 contra
923 2561 1141 2644 exceptiones
1157 2579 1233 2644 quae
1247 2559 1357 2643 prima

183 2668 267 2732 facie
282 2667 480 2739 viderentur
490 2669 603 2749 justae,
621 2672 736 2733 tamen
748 2669 884 2752 injustae
898 2673 1028 2745 essent;
1042 2674 1171 2734 atreus
1184 2685 1356 2752 opponere

184 2780 300 2857 posset
321 2774 595 2860 duplicatum,
614 2793 675 2839 seu
699 2775 993 2844 confirmationem
1017 2775 1224 2859 exceptionis
1247 2775 1357 2859 impu-

183 2887 306 2964 gnata.

224 2990 253 3071 d)
274 2989 425 3056 Variatur
439 2993 650 3077 ercrptiom'r.
663 2991 891 3075 Exceptiones
906 2993 999 3059 varie
1014 2993 1213 3059 dividuntur
1226 3012 1233 3055 :

224 3097 306 3164 l⁰ln
329 3101 542 3166 commotam
564 3106 600 3168 et
621 3101 880 3178 interminatam,
897 3106 1000 3184 prout
1024 3101 1059 3166 in
1081 3103 1158 3184 jure
1181 3099 1356 3184 proprium

182 3225 310 3274 nomen
322 3207 435 3286 habet,
450 3208 604 3288 vernem
620 3209 692 3283 tuac
707 3210 856 3276 secunda
870 3209 993 3276 dicitur
1010 3208 1217 3292 generaliter
1236 3224 1356 3292 excep-

186 3317 231 3382 tio
244 3317 279 3382 irr
292 3318 435 3400 sactum.

223 3424 254 3488 i·
268 3425 502 3510 Exceptioues,
519 3424 593 3492 aliae
607 3427 818 3505 suntcieiles,
836 3445 912 3512 quae
927 3427 1036 3510 ajme
1052 3426 1141 3492 civili
1156 3431 1236 3492 sunt
1251 3425 1356 3490 intro-

184 3533 304 3611 duotae,
321 3539 356 3600 et
370 3535 552 3620 pretoriae,
576 3553 651 3620 quae
666 3540 844 3618 spretore
867 3553 928 3600 seu
943 3535 1133 3616 generatim
1150 3533 1264 3620 judice
1278 3549 1357 3598 con-

183 3659 287 3710 eessae
303 3647 385 3708 sunt
398 3643 442 3710 oh
452 3643 642 3709 naturalem
657 3645 862 3728 aequitatem,
873 3649 912 3708 ut
919 3648 1032 3708 metus
1042 3643 1098 3708 vel
1110 3640 1178 3710 doli
1185 3641 1353 3724 exceptio.

222 3750 470 3816 reinduatur
487 3751 894 3836 inrrolesetprrsoraales
908 3751 1066 3835 :priores
1087 3749 1136 3816 rei
1160 3737 1221 3815 seu
1242 3765 1370 3828 caueae,

183 3857 368 3936 adhaerent,
384 3862 419 3926 et
433 3864 683 3944 consequenter
695 3864 777 3951 suut
790 3859 991 3932 transitoriae
1000 3859 1043 3924 ad
1056 3857 1221 3934 haeredes,
1238 3860 1276 3922 ut
1290 3860 1352 3931 est,

182 3984 216 4030 v.
231 3987 265 4050 g.
280 3967 434 4051 exceptio
450 3967 499 4032 roi
509 3967 679 4052 judicata,
695 3967 920 4036 restitutionis
934 3967 970 4032 in
984 3967 1167 4049 integrum,
1185 3969 1262 4041 etc.;
1277 3981 1356 4047 pos-

184 4075 325 4142 teriores
339 4093 422 4142 vero
441 4075 674 4142 conceduntur
689 4075 814 4140 intuitu
833 4093 990 4160 personae
1012 4080 1152 4158 propter
1173 4072 1354 4158 specialem

181 4183 362 4260 rationem,
374 4203 407 4248 v.
421 4203 454 4266 g.
472 4185 684 4260 reverentiae,
696 4183 880 4266 dignitatis,
896 4187 973 4260 etc„
990 4187 1025 4248 et
1039 4200 1110 4248 non
1120 4184 1299 4248 transeunt
1311 4179 1354 4244 ad

181 4290 336 4356 heredes
351 4295 387 4356 et
399 4291 629 4375 fideiussores.
647 4289 805 4358 Reulilrus
820 4295 855 4356 et
868 4289 1105 4376 personalibus
1117 4308 1139 4356 a
1151 4287 1355 4374 quibusdam

182 4397 490 4480 addunturmtrra,
501 4418 576 4485 qua
590 4403 683 4466 certo
696 4399 816 4481 generi
826 4417 1051 4482 personarum
1061 4397 1195 4476 dautur,
1205 4395 1267 4462 sed
1276 4413 1354 4461 cum

182 4508 306 4589 intuitu
320 4508 472 4574 materiae
489 4527 497 4572 ε
512 4527 546 4574 v.
562 4527 595 4591 g.
612 4507 766 4592 exceptio
782 4505 1007 4576 restitutionis
1021 4507 1057 4577 ta
1076 4505 1260 4590 integrum,
1277 4521 1353 4590 quae

182 4617 343 4701 competit
356 4617 556 4684 minoribus.

221 4723 254 4788 4⁰
274 4723 356 4790 Atia
375 4730 456 4790 sunt
477 4723 640 4792 dilatoriae
659 4729 694 4792 et
711 4723 786 4794 eliae
803 4721 1041 4812 perempterlae
1058 4741 1066 4788 t
1084 4721 1251 4796 cintoria
1272 4727 1358 4818 aunt
