3498 5572
353 545 414 612 los
812 567 865 613 rus
887 566 1067 612 canonicor.

394 685 442 748 Er
462 685 524 750 hac
545 685 750 766 obligatione
775 685 930 770 sequitur
940 687 999 768 jus
1013 683 1200 769 repellendi
1219 683 1304 748 alios
1323 703 1331 746 :
1353 683 1443 748 unde
1463 683 1531 765 epi·

354 813 477 880 scopus
500 813 570 860 non
596 798 711 878 polest
732 794 896 878 deputare
918 795 1024 860 alium
1042 795 1085 860 sd
1104 793 1358 878 praedicandum
1373 793 1409 858 iu
1430 811 1529 876 paro·

353 902 585 988 chia,quando
600 903 769 987 parochus
780 903 924 986 vultper
930 903 1082 986 seipsum
1093 902 1369 985 praedicationem
1377 900 1530 984 explere:

353 1013 401 1077 ita
414 1013 446 1076 S.
463 1011 585 1093 Gongr.
601 1011 701 1076 Gonc.
716 1011 807 1096 apud
819 1011 953 1090 duddi,
970 1013 1003 1076 h.
1019 1016 1042 1076 t.
1384 995 1388 1002 ’

393 1121 541 1186 Tenetur
552 1125 718 1206 preterea
729 1121 844 1204 pueris
858 1121 938 1186 ssdei
950 1121 1146 1186 rudimenta
1157 1126 1192 1186 at
1207 1121 1437 1187 obedientiam
1452 1139 1534 1202 erga

354 1231 463 1294 Deum
476 1233 512 1294 et
524 1232 683 1312 parentes
701 1229 844 1294 docere:
867 1230 915 1294 ita
931 1246 1027 1294 conc.
1044 1227 1131 1294 Trid.
1156 1229 1253 1310 (sess.
1269 1227 1321 1304 et,
1342 1245 1416 1310 cap.
1440 1227 1471 1304 l,
1492 1228 1534 1292 de

356 1338 445 1421 llos„
462 1342 497 1402 et
508 1355 592 1402 sess.
609 1339 640 1414 5,
655 1357 728 1422 cap.
743 1339 774 1414 2,
792 1337 834 1402 de
845 1339 945 1420 defi).

395 1447 427 1510 3⁰
442 1446 589 1512 Tenetur
600 1446 750 1512 residere
762 1447 799 1511 in
814 1465 878 1512 suo
888 1447 1066 1524 beneflcio,
1078 1463 1147 1512 nou
1158 1451 1291 1512 tantum
1301 1445 1532 1522 materialiter,

356 1554 417 1620 sed
429 1555 628 1632 formaliter,
645 1559 681 1620 et
692 1572 772 1620 oum
788 1553 911 1619 ellectu
923 1572 1025 1618 suum
1035 1553 1185 1619 officium
1195 1553 1398 1638 praestando.
1415 1553 1480 1618 Sed
1492 1553 1533 1618 de

355 1661 540 1728 residentia
553 1667 656 1728 antea
669 1667 784 1728 actum
798 1669 860 1730 est.

268 1813 273 1820 v
392 1769 426 1833 l·
440 1769 588 1834 Tenetur
599 1769 753 1849 missam,
767 1771 888 1837 diebus
903 1771 1083 1838 dominicis
1099 1777 1134 1837 et
1148 1771 1280 1836 festivis
1293 1789 1369 1856 quae
1384 1775 1466 1834 sunt
1481 1768 1536 1834 vel

354 1881 452 1943 erant
466 1877 509 1942 de
523 1883 703 1962 praecepto,
721 1897 783 1963 pro
797 1879 923 1964 populo
938 1880 1117 1964 applicare,
1136 1899 1281 1964 eamque
1295 1879 1380 1944 hora
1398 1896 1533 1960 compe·

356 1986 439 2050 tenti
449 1985 638 2063 celebrare3
655 1986 806 2071 alioquin
819 1988 848 2052 si
861 1988 983 2054 horam
989 1987 1184 2071 pmplacito
1194 1990 1306 2051 mutet
1318 1987 1535 2070 etanticipet,

354 2101 525 2162 causaest
541 2097 632 2181 quod
652 2097 751 2162 multi
769 2099 966 2182 parochiani
983 2099 1126 2164 missam
1146 2117 1217 2163 non
1242 2098 1395 2163 audiunt.
1412 2099 1460 2162 lle
1474 2098 1537 2160 hac

355 2203 562 2286 obligatione
575 2204 685 2270 lusius
699 2207 734 2270 iu
749 2206 800 2270 tit.
817 2206 884 2270 llll
899 2225 1055 2289 agemus.

393 2313 427 2376 t·
439 2313 532 2378 Siout
548 2315 652 2380 hahet
663 2317 722 2397 jus
735 2316 994 2382 administrandi
1018 2321 1242 2391 sacramenta,
1260 2317 1308 2380 itu
1321 2331 1537 2396 consequeu-

358 2424 408 2486 ter
423 2424 559 2486 tenetur
571 2422 607 2486 in
619 2423 790 2507 paschate,
808 2423 951 2490 articulo
975 2425 1107 2500 mortis,
1125 2428 1160 2488 et
1179 2421 1317 2507 quando
1341 2419 1536 2505 parochiani

357 2529 603 2594 rationabiliter
628 2535 765 2615 petunt,
788 2533 837 2596 eis
864 2531 1119 2616 poenitentiam,
1140 2530 1385 2597 Eucharistiam
1411 2527 1537 2593 etalio

358 2641 570 2702 sacramanta
582 2637 831 2706 administrare.

782 3001 968 3078 TITULUS
996 3003 1108 3078 XXX.

545 3179 587 3224 ltu
614 3179 774 3236 DECIUS,
802 3180 980 3228 Pfflrrlls
1005 3181 1049 3226 BT
1075 3149 1346 3228 oelarloltraus.

743 3484 762 3534 l.
781 3485 820 3535 De
834 3481 967 3546 prlmltils
981 3483 1010 3536 et
1023 3482 1150 3536 decimis.

400 3609 423 3672 l.
453 3609 618 3676 Primitiae
639 3615 720 3676 sunt
744 3612 839 3696 quasi
863 3612 964 3696 primi
987 3613 1118 3677 fructus
1149 3618 1249 3676 terrae
1282 3629 1323 3677 eo
1345 3630 1436 3678 anno
1470 3613 1537 3678 ool-

359 3715 437 3782 lecti
454 3737 461 3779 :
478 3717 513 3782 in
535 3717 612 3800 lege
634 3719 786 3803 antiqua,
810 3719 978 3784 dabantur
1001 3719 1071 3785 lieo
1092 3721 1128 3784 in
1145 3720 1416 3802 recognitionem
1432 3720 1536 3784 divini

360 3827 526 3892 beneficii.
544 3826 582 3891 ln
600 3828 677 3910 lege
697 3845 798 3906 nova,
816 3829 889 3894 solo
901 3832 979 3913 jure
1004 3829 1231 3895 ecclesiastico
1250 3833 1426 3914 praeceptae
1442 3834 1533 3907 sunt,

361 3941 396 4001 et
407 3954 468 4020 pro
483 3937 746 4020 quadragesima
759 3939 815 4003 vel
829 3939 1044 4021 sexagesima
1058 3944 1154 4023 parte
1170 3939 1404 4004 determinate
1420 3940 1502 4022 (cap.
1518 3940 1533 4002 l

359 4043 431 4128 huj.
450 4044 523 4127 tit).
542 4045 608 4109 Sed
626 4045 728 4110 hodie
742 4046 779 4110 in
792 4045 964 4131 plerisque
977 4047 1061 4112 locis
1077 4047 1235 4132 primitiae
1256 4047 1429 4128 abrogatae
1444 4051 1534 4110 sunt.

401 4153 620 4219 Debebuntur
640 4153 688 4217 illi
711 4155 878 4238 parochia
903 4157 939 4220 in
968 4175 1036 4241 qua
1062 4156 1189 4240 p'raedia
1217 4156 1424 4231 existebant3
1441 4158 1538 4219 erant

361 4261 453 4325 enim
474 4259 639 4326 naturalis
657 4263 846 4344 recognitio
862 4264 1003 4328 dominii
1017 4265 1077 4328 Dei
1092 4265 1128 4328 in
1143 4281 1264 4328 omnes
1279 4264 1410 4327 fructus
1426 4267 1535 4338 terrm,

361 4368 506 4452 ideoque
525 4368 655 4433 clericis
678 4369 735 4453 qui
751 4370 984 4437 terramillam
1003 4371 1223 4456 spiritualiter
1243 4370 1411 4446 colebant,
1430 4368 1538 4434 solve·

363 4475 498 4540 bantur.
981 4467 983 4476 '

403 4579 442 4645 ll.
458 4582 612 4650 Decimae.
623 4621 661 4632 -
672 4586 705 4668 α)
716 4586 835 4663 Quoad
844 4605 983 4663 nomen,
996 4593 1049 4652 est
1059 4587 1190 4653 decima
1199 4605 1277 4671 pars
1291 4590 1537 4670 cujuscumque

364 4689 423 4754 rei.
447 4691 564 4767 Quoad
586 4691 657 4758 vim
680 4694 839 4772 nominis,
856 4699 908 4760 est
932 4694 1063 4761 decima
1088 4713 1166 4779 pars
1190 4689 1365 4760 fructuum
1392 4693 1536 4758 honeste
