3488 5564
379 555 420 620 ot
726 561 729 568 “
836 575 886 624 rus
907 571 1086 622 cuuoutoou.

379 693 558 758 terminate
579 694 664 776 petit
688 693 887 777 peeuuiam3
911 695 1003 770 item,
1029 691 1238 777 promittitur
1259 708 1377 775 equae,
1404 693 1438 754 et
1461 695 1555 755 notor

378 801 638 866 indeterminate
652 801 743 866 buno
760 802 927 885 optimum
942 801 1057 884 exigit.
1076 799 1179 864 Porro
1204 799 1239 863 iu
1264 799 1387 864 debitis
1409 817 1452 863 ex
1474 817 1555 862 oon-

380 913 487 974 traetu
509 908 791 986 indeterminatio,
816 910 935 975 electio
958 909 1120 994 debitoris
1147 913 1209 974 est.
1232 945 1271 955 —
1285 907 1319 972 10
1333 907 1472 987 Pluere,
1490 925 1552 971 seu

380 1019 577 1100 quantitate,
595 1017 677 1082 dum
689 1018 816 1102 petitur
829 1020 941 1102 major
950 1018 1131 1102 quantitas,
1148 1035 1227 1081 eum
1245 1016 1358 1082 debita
1373 1017 1416 1080 sit
1429 1016 1554 1080 minor.

379 1163 418 1172 -
436 1126 468 1189 30
483 1125 561 1190 Plus
585 1135 844 1211 temperabam
869 1125 1022 1191 debitum
1051 1131 1143 1190 oerto
1169 1125 1222 1190 die
1247 1124 1302 1189 vel
1323 1124 1556 1188 conditionate

379 1233 505 1316 petitur
516 1237 594 1298 ante
609 1233 796 1297 adveutum
809 1233 912 1316 hujus
927 1233 992 1297 diei
1003 1233 1058 1297 vel
1072 1233 1286 1298 conditionis.
1296 1269 1335 1278 -
1345 1231 1377 1296 40
1388 1231 1466 1296 Plus
1475 1231 1557 1308 loco,

381 1341 462 1404 dum
477 1341 552 1424 quis
567 1339 644 1404 alibi
659 1341 701 1406 ad
713 1341 1136 1416 solvendumoonvenitur‚
1148 1359 1252 1424 quam
1267 1342 1324 1404 ubi
1334 1340 1559 1404 constitutum

380 1450 456 1526 luit3
474 1468 575 1532 porro
588 1451 653 1514 boo
667 1450 867 1532 plerumque
883 1450 918 1512 in
933 1468 1120 1531 gravamen
1136 1449 1298 1514 debitoris
1315 1449 1433 1528 uergit.

780 1641 812 1690 11.
831 1639 922 1690 Poene
941 1637 1005 1701 plue
1021 1637 1153 1702 petentis.

421 1777 453 1856 a)
469 1774 582 1838 Poenae
590 1774 671 1858 plus
680 1774 839 1858 petentis.
857 1775 888 1835 10
903 1773 951 1835 De
963 1775 1040 1855 Jure
1057 1773 1208 1856 antiquo,
1230 1771 1307 1854 plus
1321 1775 1442 1854 petens
1456 1786 1560 1836 eausa

380 1883 537 1958 cadebat;
555 1881 615 1946 sed
628 1882 700 1944 brae
715 1899 818 1962 poena
828 1879 961 1962 jamdiu
983 1879 1114 1944 sublata
1130 1885 1192 1957 est,
1210 1881 1313 1944 etiam
1327 1880 1363 1942 in
1376 1882 1452 1962 jure
1469 1877 1559 1942 ciuili

380 1989 477 2054 Rom.
488 1991 685 2054 Recentiore
693 1993 770 2072 jure
779 1989 888 2065 Rom„
898 1988 974 2072 plus
984 1993 1104 2072 petens
1115 1993 1250 2052 tenetur
1258 1995 1391 2054 tantum
1398 1989 1559 2053 resarcire

382 2099 544 2163 damnum
555 2115 657 2162 omne
673 2097 851 2182 quodreus
864 2116 907 2162 ex
920 2097 1160 2180 intempestiva
1170 2098 1334 2180 petitione
1344 2101 1498 2162 senserat
1507 2117 1514 2173 ;
1523 2097 1560 2160 in

378 2211 455 2290 jure
471 2205 594 2269 Gallieo
610 2204 703 2269 nulla
712 2203 866 2287 specialis
882 2223 985 2288 poena
999 2205 1167 2268 stabilitur
1181 2210 1299 2269 eontra
1306 2203 1558 2287 piuspetenteS,

382 2319 416 2377 et
428 2313 534 2396 judici
548 2312 752 2396 relinquitur
765 2317 803 2376 ut
817 2319 910 2376 nerto
924 2311 1052 2394 judioio
1062 2313 1262 2396 petitionem
1277 2312 1453 2396 ponderet.

421 2423 453 2485 10
473 2421 520 2484 De
541 2423 619 2502 Jure
635 2421 808 2495 eanonioo,
833 2438 868 2483 re
888 2425 948 2484 aut
968 2438 1070 2484 eausa
1088 2419 1164 2504 plus
1178 2425 1299 2502 petens
1314 2420 1563 2486 condemnatur

383 2529 584 2594 adversariis
599 2529 635 2590 in
649 2545 817 2610 expensas
832 2527 1019 2610 simplices;
1036 2527 1093 2610 qui
1108 2527 1183 2592 loeo
1198 2527 1275 2610 plus
1290 2529 1376 2611 petit
1391 2527 1562 2610 obligatur

382 2637 425 2701 ad
439 2635 669 2719 reparandum
687 2635 864 2710 iuteresse,
889 2635 969 2717 quia
983 2634 1109 2699 utilitas
1126 2635 1268 2700 debitori
1281 2635 1442 2700 adimitur
1456 2653 1560 2718 quam

383 2745 533 2818 baberet,
552 2743 580 2806 si
595 2747 720 2806 statuto
734 2742 809 2806 loeo
825 2741 998 2818 solvisset3
1015 2743 1154 2807 tandem
1169 2749 1322 2826 tempore
1336 2743 1413 2827 plus
1425 2749 1558 2826 petens,

385 2857 520 2917 tenetur
534 2848 704 2933 duplicare
718 2850 869 2916 inducias
884 2849 1027 2914 debitori
1042 2853 1080 2932 (o.
1096 2870 1153 2914 un.
1165 2851 1199 2914 h.
1214 2853 1262 2934 t).
1278 2851 1353 2915 lstae
1363 2869 1473 2935 poenae
1483 2851 1560 2933 plus

384 2961 511 3044 petenti
534 2961 701 3046 imposita
716 2959 774 3023 vix
788 2959 824 3022 in
838 2977 902 3022 usu
918 2964 1007 3035 sunt,
1028 2977 1106 3022 oum
1118 2959 1227 3041 judex
1241 2959 1488 3026 eeclesiaslious
1501 2960 1562 3024 bo-

386 3069 438 3132 die
453 3088 522 3134 non
537 3073 720 3152 cognoseat
734 3067 775 3130 de
789 3067 900 3130 eausis
913 3067 949 3128 in
965 3067 1087 3149 quibus
1101 3066 1218 3130 baberi
1233 3073 1348 3150 potest
1360 3071 1502 3152 quaestio
1518 3069 1560 3133 de

385 3177 460 3262 plus
483 3179 712 3262 petitionibus,
738 3182 773 3241 et
788 3179 845 3259 jus
865 3177 963 3240 civile
988 3176 1117 3240 nullam
1138 3197 1276 3260 poenam
1298 3185 1424 3244 statuat
1443 3187 1562 3246 eontra

385 3287 461 3370 plus
474 3293 629 3371 petentes
646 3308 653 3350 ε
670 3292 908 3350 verumtamen
923 3287 1064 3370 aequitas
1079 3287 1242 3352 naturalis
1258 3289 1377 3353 suadet
1393 3295 1430 3352 ut
1453 3290 1562 3372 impu-

386 3395 492 3458 nitam
507 3413 576 3459 nou
599 3396 745 3459 dimittat
767 3395 1060 3477 importunitatem
1075 3395 1150 3478 plus
1172 3399 1363 3479 petentium
1382 3403 1416 3460 et
1431 3402 1561 3460 temere

386 3503 603 3584 litigantium.
1510 3512 1514 3522 '

427 3610 725 3694 Propontionaliter
737 3611 930 3695 puniendus
946 3617 998 3676 est
1013 3615 1089 3678 etin
1100 3633 1267 3697 expensas
1281 3614 1560 3679 condemnandus

387 3703 539 3802 reus'qui
553 3715 629 3802 plus
644 3725 748 3800 negat
763 3737 866 3802 quam
880 3725 974 3784 aetor
984 3725 1077 3803 juste
1091 3722 1186 3805 petit.
1204 3722 1560 3806 Quilibetbujusruodi

388 3845 548 3915 excessus
563 3827 774 3910 inpetitione
798 3827 854 3890 vel
867 3829 1050 3910 negatione
1067 3835 1260 3914 suspectam
1280 3829 1430 3912 legitime
1451 3831 1561 3895 reddit

388 3937 590 4020 probitatem
604 3935 778 4016 litigantis.

428 4044 456 4126 d]
474 4043 594 4110 Causa
604 4051 799 4108 eacusautes
812 4045 854 4108 ab
870 4045 935 4110 illis
945 4048 1068 4130 poenis.
1085 4047 1191 4112 Variae
1203 4053 1448 4112 enumerantur
1461 4066 1563 4114 aano-

358 4169 360 4176 ’
389 4151 486 4214 nistis
497 4170 504 4227 ;
517 4151 577 4215 sed
591 4153 742 4216 revocari
752 4158 896 4234 possunt
904 4153 948 4217 ad
963 4153 1057 4228 duas,
1070 4173 1192 4239 nempe
1207 4155 1250 4219 ad
1261 4157 1490 4238 iquorantz‘om
1501 4173 1560 4219 seu

389 4260 514 4324 bonam
528 4259 642 4336 fldem,
667 4265 701 4324 et
716 4261 905 4345 perieulum
927 4281 998 4327 non
1019 4263 1242 4346 recuperandi
1265 4282 1338 4328 rem
1357 4263 1515 4338 debitam,
1534 4265 1561 4326 si

390 4375 468 4432 ante
492 4373 627 4451 tempus
642 4374 736 4434 notor
750 4387 819 4434 uon
839 4375 942 4453 petat.
964 4371 1029 4436 Sed
1041 4391 1142 4449 nuno,
1159 4373 1239 4456 quia
1252 4391 1361 4456 poenae
1377 4373 1435 4436 vix
1453 4391 1562 4436 rema·

391 4480 483 4553 nent,
500 4476 603 4540 etiam
617 4477 652 4540 in
665 4478 740 4542 toro
757 4479 993 4558 eeclesiastico,
1010 4480 1059 4544 nil
1072 4482 1194 4546 attinet
1206 4481 1299 4565 loqui
1311 4481 1471 4546 deoausis
1486 4497 1560 4563 quae

390 4585 432 4646 ab
447 4581 513 4646 illis
528 4583 739 4650 iuourreudis
753 4594 925 4652 excusant.
