<?xml version="1.0" encoding="UTF-8"?>
<!DOCTYPE html PUBLIC "-//W3C//DTD XHTML 1.0 Transitional//EN"
    "http://www.w3.org/TR/xhtml1/DTD/xhtml1-transitional.dtd">
<html xmlns="http://www.w3.org/1999/xhtml" xml:lang="en" lang="en">
 <head>
  <title>
</title>
<meta http-equiv="Content-Type" content="text/html;charset=utf-8" />
  <meta name='ocr-system' content='tesseract 3.04.00' />
  <meta name='ocr-capabilities' content='ocr_page ocr_carea ocr_par ocr_line ocrx_word'/>
</head>
<body>
  <div class='ocr_page' id='page_1' title='image "./juscanonicumjux00grangoog_0277.png"; bbox 0 0 3510 5574; ppageno 0'>
   <div class='ocr_carea' id='block_1_1' title="bbox 565 599 1044 650">
    <p class='ocr_par' dir='ltr' id='par_1_1' title="bbox 565 599 1044 650">
     <span class='ocr_line' id='line_1_1' title="bbox 565 599 1044 650; baseline 0.006 -5"><span class='ocrx_word' id='word_1_1' title='bbox 565 601 653 646; x_wconf 82' lang='lat' dir='ltr'><strong>LIBER</strong></span> <span class='ocrx_word' id='word_1_2' title='bbox 674 602 800 650; x_wconf 76' lang='lat' dir='ltr'><strong>TERTIUS</strong></span> <span class='ocrx_word' id='word_1_3' title='bbox 820 599 1044 650; x_wconf 70' lang='lat' dir='ltr'><strong>DECRETALlUU.</strong></span> 
     </span>
    </p>
   </div>
   <div class='ocr_carea' id='block_1_2' title="bbox 349 802 1267 870">
    <p class='ocr_par' dir='ltr' id='par_1_2' title="bbox 349 802 1267 870">
     <span class='ocr_line' id='line_1_2' title="bbox 349 802 1267 870; baseline 0.002 -15"><span class='ocrx_word' id='word_1_4' title='bbox 349 804 380 855; x_wconf 91' lang='lat' dir='ltr'><strong>tt.</strong></span> <span class='ocrx_word' id='word_1_5' title='bbox 399 805 438 858; x_wconf 79' lang='lat' dir='ltr'><strong>lte</strong></span> <span class='ocrx_word' id='word_1_6' title='bbox 452 802 644 856; x_wconf 79' lang='lat' dir='ltr'><strong>reservatione</strong></span> <span class='ocrx_word' id='word_1_7' title='bbox 659 802 806 860; x_wconf 78' lang='lat' dir='ltr'><strong>fruetuum</strong></span> <span class='ocrx_word' id='word_1_8' title='bbox 821 817 854 856; x_wconf 86' lang='lat' dir='ltr'><strong>ex</strong></span> <span class='ocrx_word' id='word_1_9' title='bbox 868 804 1014 858; x_wconf 85' lang='lat' dir='ltr'><strong>benetloils</strong></span> <span class='ocrx_word' id='word_1_10' title='bbox 1027 806 1267 870; x_wconf 76' lang='lat' dir='ltr'><strong>provenientium,</strong></span> 
     </span>
    </p>
   </div>
   <div class='ocr_carea' id='block_1_3' title="bbox 216 953 1402 1691">
    <p class='ocr_par' dir='ltr' id='par_1_3' title="bbox 216 953 1401 1596">
     <span class='ocr_line' id='line_1_3' title="bbox 258 953 1400 1037; baseline 0.004 -21"><span class='ocrx_word' id='word_1_11' title='bbox 258 953 390 1036; x_wconf 85' lang='lat' dir='ltr'><strong>Duplex</strong></span> <span class='ocrx_word' id='word_1_12' title='bbox 404 957 456 1018; x_wconf 87' lang='lat' dir='ltr'><strong>eet</strong></span> <span class='ocrx_word' id='word_1_13' title='bbox 469 953 651 1018; x_wconf 89' lang='lat' dir='ltr'><strong>oiroahano</strong></span> <span class='ocrx_word' id='word_1_14' title='bbox 660 955 931 1018; x_wconf 83' lang='lat' dir='ltr'><strong>reservationem</strong></span> <span class='ocrx_word' id='word_1_15' title='bbox 942 955 1030 1037; x_wconf 87' lang='lat' dir='ltr'><strong>juris</strong></span> <span class='ocrx_word' id='word_1_16' title='bbox 1042 955 1236 1037; x_wconf 90' lang='lat' dir='ltr'><strong>dispositio:</strong></span> <span class='ocrx_word' id='word_1_17' title='bbox 1247 955 1400 1020; x_wconf 83' lang='lat' dir='ltr'><strong>l⁰Prohi-</strong></span> 
     </span>
     <span class='ocr_line' id='line_1_4' title="bbox 218 1061 1399 1148; baseline 0 -20"><span class='ocrx_word' id='word_1_18' title='bbox 218 1065 317 1128; x_wconf 82' lang='lat' dir='ltr'><strong>betur</strong></span> <span class='ocrx_word' id='word_1_19' title='bbox 325 1063 504 1146; x_wconf 88' lang='lat' dir='ltr'><strong>episeopus</strong></span> <span class='ocrx_word' id='word_1_20' title='bbox 514 1061 730 1128; x_wconf 89' lang='lat' dir='ltr'><strong>oollationem</strong></span> <span class='ocrx_word' id='word_1_21' title='bbox 738 1063 984 1129; x_wconf 77' lang='lat' dir='ltr'><strong>benefitiorum</strong></span> <span class='ocrx_word' id='word_1_22' title='bbox 998 1065 1145 1142; x_wconf 83' lang='lat' dir='ltr'><strong>differre,</strong></span> <span class='ocrx_word' id='word_1_23' title='bbox 1158 1081 1199 1129; x_wconf 91' lang='lat' dir='ltr'><strong>eo</strong></span> <span class='ocrx_word' id='word_1_24' title='bbox 1208 1066 1399 1148; x_wconf 81' lang='lat' dir='ltr'><strong>praesertim</strong></span> 
     </span>
     <span class='ocr_line' id='line_1_5' title="bbox 219 1153 1400 1256; baseline 0 -22"><span class='ocrx_word' id='word_1_25' title='bbox 219 1172 285 1236; x_wconf 89' lang='lat' dir='ltr'><strong>line</strong></span> <span class='ocrx_word' id='word_1_26' title='bbox 301 1176 340 1234; x_wconf 89' lang='lat' dir='ltr'><strong>ut</strong></span> <span class='ocrx_word' id='word_1_27' title='bbox 356 1172 384 1234; x_wconf 89' lang='lat' dir='ltr'><strong>si</strong></span> <span class='ocrx_word' id='word_1_28' title='bbox 401 1171 623 1236; x_wconf 88' lang='lat' dir='ltr'><strong>benefloiatus</strong></span> <span class='ocrx_word' id='word_1_29' title='bbox 641 1153 818 1248; x_wconf 85' lang='lat' dir='ltr'><strong>interierit,</strong></span> <span class='ocrx_word' id='word_1_30' title='bbox 836 1173 908 1255; x_wconf 88' lang='lat' dir='ltr'><strong>ipse</strong></span> <span class='ocrx_word' id='word_1_31' title='bbox 920 1173 1085 1256; x_wconf 87' lang='lat' dir='ltr'><strong>pereipiat</strong></span> <span class='ocrx_word' id='word_1_32' title='bbox 1098 1173 1229 1238; x_wconf 83' lang='lat' dir='ltr'><strong>fruetus</strong></span> <span class='ocrx_word' id='word_1_33' title='bbox 1244 1173 1400 1238; x_wconf 88' lang='lat' dir='ltr'><strong>benessoii</strong></span> 
     </span>
     <span class='ocr_line' id='line_1_6' title="bbox 217 1279 1401 1354; baseline 0 -10"><span class='ocrx_word' id='word_1_34' title='bbox 217 1281 389 1354; x_wconf 87' lang='lat' dir='ltr'><strong>vaoantis;</strong></span> <span class='ocrx_word' id='word_1_35' title='bbox 406 1299 486 1346; x_wconf 87' lang='lat' dir='ltr'><strong>nam</strong></span> <span class='ocrx_word' id='word_1_36' title='bbox 497 1279 633 1346; x_wconf 81' lang='lat' dir='ltr'><strong>collatio</strong></span> <span class='ocrx_word' id='word_1_37' title='bbox 643 1281 889 1346; x_wconf 78' lang='lat' dir='ltr'><strong>beneficiorum</strong></span> <span class='ocrx_word' id='word_1_38' title='bbox 903 1281 1100 1348; x_wconf 79' lang='lat' dir='ltr'><strong>vacantium</strong></span> <span class='ocrx_word' id='word_1_39' title='bbox 1114 1281 1243 1346; x_wconf 82' lang='lat' dir='ltr'><strong>differri</strong></span> <span class='ocrx_word' id='word_1_40' title='bbox 1257 1285 1333 1346; x_wconf 87' lang='lat' dir='ltr'><strong>non</strong></span> <span class='ocrx_word' id='word_1_41' title='bbox 1346 1281 1401 1344; x_wconf 88' lang='lat' dir='ltr'><strong>de-</strong></span> 
     </span>
     <span class='ocr_line' id='line_1_7' title="bbox 216 1379 1401 1474; baseline 0 -22"><span class='ocrx_word' id='word_1_42' title='bbox 216 1389 284 1462; x_wconf 88' lang='lat' dir='ltr'><strong>het,</strong></span> <span class='ocrx_word' id='word_1_43' title='bbox 302 1379 336 1453; x_wconf 82' lang='lat' dir='ltr'><strong>et</strong></span> <span class='ocrx_word' id='word_1_44' title='bbox 346 1407 428 1454; x_wconf 87' lang='lat' dir='ltr'><strong>oasu</strong></span> <span class='ocrx_word' id='word_1_45' title='bbox 443 1407 510 1474; x_wconf 87' lang='lat' dir='ltr'><strong>quo</strong></span> <span class='ocrx_word' id='word_1_46' title='bbox 523 1389 651 1455; x_wconf 80' lang='lat' dir='ltr'><strong>differri</strong></span> <span class='ocrx_word' id='word_1_47' title='bbox 666 1391 798 1466; x_wconf 86' lang='lat' dir='ltr'><strong>debeat,</strong></span> <span class='ocrx_word' id='word_1_48' title='bbox 811 1391 942 1455; x_wconf 81' lang='lat' dir='ltr'><strong>fruetus</strong></span> <span class='ocrx_word' id='word_1_49' title='bbox 955 1391 1153 1455; x_wconf 76' lang='lat' dir='ltr'><strong>asservandi</strong></span> <span class='ocrx_word' id='word_1_50' title='bbox 1174 1394 1255 1455; x_wconf 89' lang='lat' dir='ltr'><strong>sunt</strong></span> <span class='ocrx_word' id='word_1_51' title='bbox 1268 1407 1401 1454; x_wconf 88' lang='lat' dir='ltr'><strong>suooes-</strong></span> 
     </span>
     <span class='ocr_line' id='line_1_8' title="bbox 218 1497 1361 1596; baseline 0.003 -36"><span class='ocrx_word' id='word_1_52' title='bbox 218 1498 297 1574; x_wconf 87' lang='lat' dir='ltr'><strong>sori,</strong></span> <span class='ocrx_word' id='word_1_53' title='bbox 313 1497 378 1561; x_wconf 89' lang='lat' dir='ltr'><strong>uisi</strong></span> <span class='ocrx_word' id='word_1_54' title='bbox 392 1517 470 1581; x_wconf 88' lang='lat' dir='ltr'><strong>pars</strong></span> <span class='ocrx_word' id='word_1_55' title='bbox 485 1497 598 1581; x_wconf 84' lang='lat' dir='ltr'><strong>aliqua</strong></span> <span class='ocrx_word' id='word_1_56' title='bbox 611 1517 731 1563; x_wconf 87' lang='lat' dir='ltr'><strong>eorum</strong></span> <span class='ocrx_word' id='word_1_57' title='bbox 744 1498 895 1582; x_wconf 87' lang='lat' dir='ltr'><strong>impendi</strong></span> <span class='ocrx_word' id='word_1_58' title='bbox 911 1499 1034 1564; x_wconf 87' lang='lat' dir='ltr'><strong>debeat</strong></span> <span class='ocrx_word' id='word_1_59' title='bbox 1046 1499 1182 1596; x_wconf 77' lang='lat' dir='ltr'><strong>fabrieae</strong></span> <span class='ocrx_word' id='word_1_60' title='bbox 1197 1497 1361 1564; x_wconf 81' lang='lat' dir='ltr'><strong>eeolesiae.</strong></span> 
     </span>
    </p>

    <p class='ocr_par' dir='ltr' id='par_1_4' title="bbox 257 1603 1402 1691">
     <span class='ocr_line' id='line_1_9' title="bbox 257 1603 1402 1691; baseline 0.002 -23"><span class='ocrx_word' id='word_1_61' title='bbox 257 1603 340 1670; x_wconf 64' lang='lat' dir='ltr'><strong>qq„</strong></span> <span class='ocrx_word' id='word_1_62' title='bbox 356 1624 438 1672; x_wconf 89' lang='lat' dir='ltr'><strong>easu</strong></span> <span class='ocrx_word' id='word_1_63' title='bbox 448 1607 670 1684; x_wconf 75' lang='lat' dir='ltr'><strong>necessitatis,</strong></span> <span class='ocrx_word' id='word_1_64' title='bbox 687 1612 801 1691; x_wconf 88' lang='lat' dir='ltr'><strong>potest</strong></span> <span class='ocrx_word' id='word_1_65' title='bbox 817 1607 997 1691; x_wconf 87' lang='lat' dir='ltr'><strong>episeopus</strong></span> <span class='ocrx_word' id='word_1_66' title='bbox 1011 1607 1165 1672; x_wconf 88' lang='lat' dir='ltr'><strong>redditus</strong></span> <span class='ocrx_word' id='word_1_67' title='bbox 1179 1607 1335 1671; x_wconf 81' lang='lat' dir='ltr'><strong>beneficii</strong></span> <span class='ocrx_word' id='word_1_68' title='bbox 1345 1625 1402 1670; x_wconf 91' lang='lat' dir='ltr'><strong>va-</strong></span> 
     </span>
    </p>
   </div>
   <div class='ocr_carea' id='block_1_4' title="bbox 108 1713 1401 1798">
    <p class='ocr_par' dir='ltr' id='par_1_5' title="bbox 108 1713 1401 1798">
     <span class='ocr_line' id='line_1_10' title="bbox 108 1713 1401 1798; baseline 0.002 -21"><span class='ocrx_word' id='word_1_69' title='bbox 108 1723 111 1728; x_wconf 81' lang='grc'>’</span> <span class='ocrx_word' id='word_1_70' title='bbox 217 1717 326 1778; x_wconf 87' lang='lat' dir='ltr'><strong>eantis</strong></span> <span class='ocrx_word' id='word_1_71' title='bbox 339 1733 528 1793; x_wconf 86' lang='lat' dir='ltr'><strong>reservare,</strong></span> <span class='ocrx_word' id='word_1_72' title='bbox 543 1735 576 1780; x_wconf 93' lang='lat' dir='ltr'><strong>v.</strong></span> <span class='ocrx_word' id='word_1_73' title='bbox 593 1735 628 1798; x_wconf 79' lang='lat' dir='ltr'><strong>g.</strong></span> <span class='ocrx_word' id='word_1_74' title='bbox 651 1715 694 1780; x_wconf 88' lang='lat' dir='ltr'><strong>ad</strong></span> <span class='ocrx_word' id='word_1_75' title='bbox 715 1715 926 1782; x_wconf 84' lang='lat' dir='ltr'><strong>exsolvenda</strong></span> <span class='ocrx_word' id='word_1_76' title='bbox 947 1715 1062 1781; x_wconf 88' lang='lat' dir='ltr'><strong>debita</strong></span> <span class='ocrx_word' id='word_1_77' title='bbox 1084 1715 1225 1780; x_wconf 89' lang='lat' dir='ltr'><strong>nomine</strong></span> <span class='ocrx_word' id='word_1_78' title='bbox 1251 1713 1401 1780; x_wconf 81' lang='lat' dir='ltr'><strong>eoelesiae</strong></span> 
     </span>
    </p>
   </div>
   <div class='ocr_carea' id='block_1_5' title="bbox 216 1822 1402 2770">
    <p class='ocr_par' dir='ltr' id='par_1_6' title="bbox 217 1822 1402 2010">
     <span class='ocr_line' id='line_1_11' title="bbox 217 1822 1402 1908; baseline -0.001 -22"><span class='ocrx_word' id='word_1_79' title='bbox 217 1826 399 1900; x_wconf 73' lang='lat' dir='ltr'><strong>eontracta,</strong></span> <span class='ocrx_word' id='word_1_80' title='bbox 420 1823 524 1889; x_wconf 89' lang='lat' dir='ltr'><strong>modo</strong></span> <span class='ocrx_word' id='word_1_81' title='bbox 541 1824 695 1889; x_wconf 88' lang='lat' dir='ltr'><strong>redditus</strong></span> <span class='ocrx_word' id='word_1_82' title='bbox 716 1825 785 1890; x_wconf 87' lang='lat' dir='ltr'><strong>sint</strong></span> <span class='ocrx_word' id='word_1_83' title='bbox 805 1825 1038 1900; x_wconf 89' lang='lat' dir='ltr'><strong>abundantes;</strong></span> <span class='ocrx_word' id='word_1_84' title='bbox 1059 1842 1141 1887; x_wconf 89' lang='lat' dir='ltr'><strong>nam</strong></span> <span class='ocrx_word' id='word_1_85' title='bbox 1155 1822 1246 1908; x_wconf 90' lang='lat' dir='ltr'><strong>quod</strong></span> <span class='ocrx_word' id='word_1_86' title='bbox 1257 1825 1336 1905; x_wconf 87' lang='lat' dir='ltr'><strong>jure</strong></span> <span class='ocrx_word' id='word_1_87' title='bbox 1349 1826 1402 1886; x_wconf 90' lang='lat' dir='ltr'><strong>est</strong></span> 
     </span>
     <span class='ocr_line' id='line_1_12' title="bbox 217 1931 832 2010; baseline 0.003 -16"><span class='ocrx_word' id='word_1_88' title='bbox 217 1931 380 2010; x_wconf 83' lang='lat' dir='ltr'><strong>illinitum,</strong></span> <span class='ocrx_word' id='word_1_89' title='bbox 397 1933 584 1997; x_wconf 81' lang='lat' dir='ltr'><strong>nenessitas</strong></span> <span class='ocrx_word' id='word_1_90' title='bbox 598 1931 679 1998; x_wconf 87' lang='lat' dir='ltr'><strong>iaoit</strong></span> <span class='ocrx_word' id='word_1_91' title='bbox 690 1931 832 1997; x_wconf 89' lang='lat' dir='ltr'><strong>lioitum.</strong></span> 
     </span>
    </p>

    <p class='ocr_par' dir='ltr' id='par_1_7' title="bbox 216 2039 1402 2770">
     <span class='ocr_line' id='line_1_13' title="bbox 257 2039 1402 2125; baseline 0.002 -23"><span class='ocrx_word' id='word_1_92' title='bbox 257 2041 304 2103; x_wconf 89' lang='lat' dir='ltr'><strong>De</strong></span> <span class='ocrx_word' id='word_1_93' title='bbox 318 2039 467 2106; x_wconf 80' lang='lat' dir='ltr'><strong>Annalis</strong></span> <span class='ocrx_word' id='word_1_94' title='bbox 479 2041 534 2105; x_wconf 87' lang='lat' dir='ltr'><strong>hie</strong></span> <span class='ocrx_word' id='word_1_95' title='bbox 550 2041 605 2122; x_wconf 81' lang='lat' dir='ltr'><strong>agi</strong></span> <span class='ocrx_word' id='word_1_96' title='bbox 620 2045 754 2125; x_wconf 88' lang='lat' dir='ltr'><strong>posset;</strong></span> <span class='ocrx_word' id='word_1_97' title='bbox 775 2059 856 2106; x_wconf 90' lang='lat' dir='ltr'><strong>nam</strong></span> <span class='ocrx_word' id='word_1_98' title='bbox 871 2045 1006 2107; x_wconf 78' lang='lat' dir='ltr'><strong>annatae</strong></span> <span class='ocrx_word' id='word_1_99' title='bbox 1019 2045 1101 2104; x_wconf 92' lang='lat' dir='ltr'><strong>sunt</strong></span> <span class='ocrx_word' id='word_1_100' title='bbox 1114 2044 1208 2105; x_wconf 87' lang='lat' dir='ltr'><strong>oerta</strong></span> <span class='ocrx_word' id='word_1_101' title='bbox 1221 2057 1300 2123; x_wconf 86' lang='lat' dir='ltr'><strong>pars</strong></span> <span class='ocrx_word' id='word_1_102' title='bbox 1315 2039 1402 2104; x_wconf 89' lang='lat' dir='ltr'><strong>irue-</strong></span> 
     </span>
     <span class='ocr_line' id='line_1_14' title="bbox 217 2147 1401 2232; baseline 0 -22"><span class='ocrx_word' id='word_1_103' title='bbox 217 2153 315 2212; x_wconf 89' lang='lat' dir='ltr'><strong>tuum</strong></span> <span class='ocrx_word' id='word_1_104' title='bbox 336 2148 371 2211; x_wconf 90' lang='lat' dir='ltr'><strong>in</strong></span> <span class='ocrx_word' id='word_1_105' title='bbox 396 2149 570 2213; x_wconf 82' lang='lat' dir='ltr'><strong>benefieiis</strong></span> <span class='ocrx_word' id='word_1_106' title='bbox 601 2148 698 2214; x_wconf 91' lang='lat' dir='ltr'><strong>Rom.</strong></span> <span class='ocrx_word' id='word_1_107' title='bbox 720 2149 892 2214; x_wconf 89' lang='lat' dir='ltr'><strong>Pontissois</strong></span> <span class='ocrx_word' id='word_1_108' title='bbox 921 2148 1080 2232; x_wconf 87' lang='lat' dir='ltr'><strong>illiusque</strong></span> <span class='ocrx_word' id='word_1_109' title='bbox 1103 2147 1206 2212; x_wconf 74' lang='lat' dir='ltr'><strong>euriae</strong></span> <span class='ocrx_word' id='word_1_110' title='bbox 1229 2148 1265 2211; x_wconf 91' lang='lat' dir='ltr'><strong>in</strong></span> <span class='ocrx_word' id='word_1_111' title='bbox 1280 2166 1401 2211; x_wconf 89' lang='lat' dir='ltr'><strong>eorum</strong></span> 
     </span>
     <span class='ocr_line' id='line_1_15' title="bbox 217 2254 1400 2340; baseline -0.003 -20"><span class='ocrx_word' id='word_1_112' title='bbox 217 2255 397 2320; x_wconf 74' lang='lat' dir='ltr'><strong>collatione</strong></span> <span class='ocrx_word' id='word_1_113' title='bbox 428 2256 602 2321; x_wconf 87' lang='lat' dir='ltr'><strong>solvende.</strong></span> <span class='ocrx_word' id='word_1_114' title='bbox 632 2257 798 2321; x_wconf 80' lang='lat' dir='ltr'><strong>llieuntur</strong></span> <span class='ocrx_word' id='word_1_115' title='bbox 819 2259 900 2340; x_wconf 87' lang='lat' dir='ltr'><strong>juva</strong></span> <span class='ocrx_word' id='word_1_116' title='bbox 926 2256 1072 2321; x_wconf 80' lang='lat' dir='ltr'><strong>llatariae</strong></span> <span class='ocrx_word' id='word_1_117' title='bbox 1093 2254 1300 2339; x_wconf 80' lang='lat' dir='ltr'><strong>apostolieae.</strong></span> <span class='ocrx_word' id='word_1_118' title='bbox 1324 2254 1400 2318; x_wconf 82' lang='lat' dir='ltr'><strong>lstae</strong></span> 
     </span>
     <span class='ocr_line' id='line_1_16' title="bbox 216 2359 1401 2448; baseline -0.003 -22"><span class='ocrx_word' id='word_1_119' title='bbox 216 2369 350 2427; x_wconf 78' lang='lat' dir='ltr'><strong>anuatae</strong></span> <span class='ocrx_word' id='word_1_120' title='bbox 374 2363 595 2429; x_wconf 83' lang='lat' dir='ltr'><strong>solvebantur</strong></span> <span class='ocrx_word' id='word_1_121' title='bbox 617 2363 653 2428; x_wconf 92' lang='lat' dir='ltr'><strong>in</strong></span> <span class='ocrx_word' id='word_1_122' title='bbox 675 2365 750 2448; x_wconf 88' lang='lat' dir='ltr'><strong>ipsa</strong></span> <span class='ocrx_word' id='word_1_123' title='bbox 769 2363 926 2429; x_wconf 89' lang='lat' dir='ltr'><strong>valorum</strong></span> <span class='ocrx_word' id='word_1_124' title='bbox 949 2363 1161 2447; x_wconf 78' lang='lat' dir='ltr'><strong>receptione,</strong></span> <span class='ocrx_word' id='word_1_125' title='bbox 1184 2379 1246 2445; x_wconf 88' lang='lat' dir='ltr'><strong>pro</strong></span> <span class='ocrx_word' id='word_1_126' title='bbox 1267 2359 1401 2445; x_wconf 87' lang='lat' dir='ltr'><strong>partiali</strong></span> 
     </span>
     <span class='ocr_line' id='line_1_17' title="bbox 217 2466 1396 2554; baseline -0.003 -18"><span class='ocrx_word' id='word_1_127' title='bbox 217 2466 465 2537; x_wconf 83' lang='lat' dir='ltr'><strong>sustentatione</strong></span> <span class='ocrx_word' id='word_1_128' title='bbox 488 2472 684 2538; x_wconf 83' lang='lat' dir='ltr'><strong>oilleialium</strong></span> <span class='ocrx_word' id='word_1_129' title='bbox 706 2471 813 2538; x_wconf 83' lang='lat' dir='ltr'><strong>Guriae</strong></span> <span class='ocrx_word' id='word_1_130' title='bbox 836 2475 1009 2548; x_wconf 78' lang='lat' dir='ltr'><strong>Romanae,</strong></span> <span class='ocrx_word' id='word_1_131' title='bbox 1030 2488 1092 2554; x_wconf 90' lang='lat' dir='ltr'><strong>pro</strong></span> <span class='ocrx_word' id='word_1_132' title='bbox 1109 2469 1208 2534; x_wconf 87' lang='lat' dir='ltr'><strong>bellis</strong></span> <span class='ocrx_word' id='word_1_133' title='bbox 1228 2469 1396 2544; x_wconf 85' lang='lat' dir='ltr'><strong>arnoiatis,</strong></span> 
     </span>
     <span class='ocr_line' id='line_1_18' title="bbox 216 2577 1401 2664; baseline -0.003 -21"><span class='ocrx_word' id='word_1_134' title='bbox 216 2597 278 2664; x_wconf 89' lang='lat' dir='ltr'><strong>pro</strong></span> <span class='ocrx_word' id='word_1_135' title='bbox 298 2579 378 2644; x_wconf 86' lang='lat' dir='ltr'><strong>fidei</strong></span> <span class='ocrx_word' id='word_1_136' title='bbox 399 2579 660 2663; x_wconf 83' lang='lat' dir='ltr'><strong>propagatione,</strong></span> <span class='ocrx_word' id='word_1_137' title='bbox 685 2586 748 2644; x_wconf 90' lang='lat' dir='ltr'><strong>eto.</strong></span> <span class='ocrx_word' id='word_1_138' title='bbox 775 2579 872 2661; x_wconf 87' lang='lat' dir='ltr'><strong>(Vide</strong></span> <span class='ocrx_word' id='word_1_139' title='bbox 894 2579 1057 2656; x_wconf 82' lang='lat' dir='ltr'><strong>Ferraria,</strong></span> <span class='ocrx_word' id='word_1_140' title='bbox 1081 2577 1250 2652; x_wconf 71' lang='lat' dir='ltr'><strong>itiitere,</strong></span> <span class='ocrx_word' id='word_1_141' title='bbox 1272 2586 1307 2642; x_wconf 81' lang='lat' dir='ltr'><strong>v⁰</strong></span> <span class='ocrx_word' id='word_1_142' title='bbox 1331 2577 1401 2642; x_wconf 82' lang='lat' dir='ltr'><strong>Au-</strong></span> 
     </span>
     <span class='ocr_line' id='line_1_19' title="bbox 218 2689 1240 2770; baseline 0 -20"><span class='ocrx_word' id='word_1_143' title='bbox 218 2689 335 2770; x_wconf 69' lang='lat' dir='ltr'><strong>natae.)</strong></span> <span class='ocrx_word' id='word_1_144' title='bbox 585 2689 587 2695; x_wconf 78' lang='grc'>’</span> <span class='ocrx_word' id='word_1_145' title='bbox 1238 2725 1240 2730; x_wconf 92' lang='grc'>-</span> 
     </span>
    </p>
   </div>
   <div class='ocr_carea' id='block_1_6' title="bbox 632 3108 984 3184">
    <p class='ocr_par' dir='ltr' id='par_1_8' title="bbox 632 3108 984 3184">
     <span class='ocr_line' id='line_1_20' title="bbox 632 3108 984 3184; baseline -0.006 -2"><span class='ocrx_word' id='word_1_146' title='bbox 632 3108 843 3184; x_wconf 87' lang='lat' dir='ltr'>TITULUS</span> <span class='ocrx_word' id='word_1_147' title='bbox 877 3108 984 3182; x_wconf 86' lang='lat' dir='ltr'><strong>Xlll.</strong></span> 
     </span>
    </p>
   </div>
   <div class='ocr_carea' id='block_1_7' title="bbox 387 3295 1231 3352">
    <p class='ocr_par' dir='ltr' id='par_1_9' title="bbox 387 3295 1231 3352">
     <span class='ocr_line' id='line_1_21' title="bbox 387 3295 1231 3352; baseline -0.004 -13"><span class='ocrx_word' id='word_1_148' title='bbox 387 3295 429 3339; x_wconf 81' lang='lat' dir='ltr'><strong>DE</strong></span> <span class='ocrx_word' id='word_1_149' title='bbox 457 3296 570 3341; x_wconf 74' lang='lat' dir='ltr'><strong>nanus</strong></span> <span class='ocrx_word' id='word_1_150' title='bbox 596 3297 772 3342; x_wconf 66' lang='lat' dir='ltr'><strong>ecthesin</strong></span> <span class='ocrx_word' id='word_1_151' title='bbox 799 3296 1034 3352; x_wconf 73' lang='grc' dir='ltr'><strong>ΑΗΕΝΑΝΒΙΒ,</strong></span> <span class='ocrx_word' id='word_1_152' title='bbox 1063 3295 1130 3340; x_wconf 85' lang='lat' dir='ltr'><strong>VEL</strong></span> <span class='ocrx_word' id='word_1_153' title='bbox 1155 3296 1231 3340; x_wconf 84' lang='lat' dir='ltr'><strong>NON.</strong></span> 
     </span>
    </p>
   </div>
   <div class='ocr_carea' id='block_1_8' title="bbox 218 3643 1404 4706">
    <p class='ocr_par' dir='ltr' id='par_1_10' title="bbox 218 3643 1404 4706">
     <span class='ocr_line' id='line_1_22' title="bbox 258 3643 1403 3727; baseline 0.001 -18"><span class='ocrx_word' id='word_1_154' title='bbox 258 3646 353 3710; x_wconf 83' lang='lat' dir='ltr'><strong>Nora.</strong></span> <span class='ocrx_word' id='word_1_155' title='bbox 375 3645 421 3710; x_wconf 91' lang='lat' dir='ltr'><strong>Ne</strong></span> <span class='ocrx_word' id='word_1_156' title='bbox 437 3643 681 3708; x_wconf 82' lang='lat' dir='ltr'><strong>benefitiorum</strong></span> <span class='ocrx_word' id='word_1_157' title='bbox 702 3644 833 3708; x_wconf 83' lang='lat' dir='ltr'><strong>fruetus</strong></span> <span class='ocrx_word' id='word_1_158' title='bbox 854 3647 889 3708; x_wconf 85' lang='lat' dir='ltr'><strong>et</strong></span> <span class='ocrx_word' id='word_1_159' title='bbox 906 3648 1094 3727; x_wconf 87' lang='lat' dir='ltr'><strong>proventus</strong></span> <span class='ocrx_word' id='word_1_160' title='bbox 1117 3644 1327 3720; x_wconf 86' lang='lat' dir='ltr'><strong>minuantur,</strong></span> <span class='ocrx_word' id='word_1_161' title='bbox 1345 3663 1403 3710; x_wconf 88' lang='lat' dir='ltr'><strong>ne-</strong></span> 
     </span>
     <span class='ocr_line' id='line_1_23' title="bbox 218 3751 1402 3837; baseline -0.002 -18"><span class='ocrx_word' id='word_1_162' title='bbox 218 3773 313 3820; x_wconf 85' lang='lat' dir='ltr'><strong>eesse</strong></span> <span class='ocrx_word' id='word_1_163' title='bbox 337 3757 411 3819; x_wconf 89' lang='lat' dir='ltr'><strong>erat</strong></span> <span class='ocrx_word' id='word_1_164' title='bbox 432 3753 599 3836; x_wconf 89' lang='lat' dir='ltr'><strong>impedire</strong></span> <span class='ocrx_word' id='word_1_165' title='bbox 618 3751 861 3818; x_wconf 85' lang='lat' dir='ltr'><strong>alienationem</strong></span> <span class='ocrx_word' id='word_1_166' title='bbox 885 3753 1056 3818; x_wconf 88' lang='lat' dir='ltr'><strong>bonorum</strong></span> <span class='ocrx_word' id='word_1_167' title='bbox 1076 3753 1260 3836; x_wconf 82' lang='lat' dir='ltr'><strong>exquibus</strong></span> <span class='ocrx_word' id='word_1_168' title='bbox 1283 3771 1402 3837; x_wconf 87' lang='lat' dir='ltr'><strong>prove-</strong></span> 
     </span>
     <span class='ocr_line' id='line_1_24' title="bbox 219 3859 1404 3944; baseline -0.001 -18"><span class='ocrx_word' id='word_1_169' title='bbox 219 3864 340 3926; x_wconf 88' lang='lat' dir='ltr'><strong>niunt:</strong></span> <span class='ocrx_word' id='word_1_170' title='bbox 359 3860 451 3944; x_wconf 90' lang='lat' dir='ltr'><strong>quod</strong></span> <span class='ocrx_word' id='word_1_171' title='bbox 475 3862 514 3924; x_wconf 85' lang='lat' dir='ltr'><strong>ut</strong></span> <span class='ocrx_word' id='word_1_172' title='bbox 530 3861 692 3944; x_wconf 77' lang='lat' dir='ltr'><strong>praesenti</strong></span> <span class='ocrx_word' id='word_1_173' title='bbox 717 3859 826 3924; x_wconf 92' lang='lat' dir='ltr'><strong>titulo.</strong></span> <span class='ocrx_word' id='word_1_174' title='bbox 850 3860 981 3924; x_wconf 86' lang='lat' dir='ltr'><strong>Nomen</strong></span> <span class='ocrx_word' id='word_1_175' title='bbox 995 3859 1210 3925; x_wconf 87' lang='lat' dir='ltr'><strong>alienationis</strong></span> <span class='ocrx_word' id='word_1_176' title='bbox 1227 3861 1404 3944; x_wconf 86' lang='lat' dir='ltr'><strong>duplieiter</strong></span> 
     </span>
     <span class='ocr_line' id='line_1_25' title="bbox 219 3967 1402 4054; baseline -0.003 -20"><span class='ocrx_word' id='word_1_177' title='bbox 219 3969 324 4054; x_wconf 87' lang='lat' dir='ltr'><strong>aeoipi</strong></span> <span class='ocrx_word' id='word_1_178' title='bbox 338 3973 472 4053; x_wconf 88' lang='lat' dir='ltr'><strong>potest:</strong></span> <span class='ocrx_word' id='word_1_179' title='bbox 489 3967 522 4050; x_wconf 84' lang='lat' dir='ltr'><strong>a)</strong></span> <span class='ocrx_word' id='word_1_180' title='bbox 537 3967 660 4042; x_wconf 78' lang='lat' dir='ltr'><strong>stricte,</strong></span> <span class='ocrx_word' id='word_1_181' title='bbox 676 3985 738 4050; x_wconf 90' lang='lat' dir='ltr'><strong>pro</strong></span> <span class='ocrx_word' id='word_1_182' title='bbox 754 3985 795 4030; x_wconf 86' lang='lat' dir='ltr'><strong>eo</strong></span> <span class='ocrx_word' id='word_1_183' title='bbox 811 3969 946 4032; x_wconf 88' lang='lat' dir='ltr'><strong>tantum</strong></span> <span class='ocrx_word' id='word_1_184' title='bbox 960 3971 1038 4032; x_wconf 90' lang='lat' dir='ltr'><strong>aotu</strong></span> <span class='ocrx_word' id='word_1_185' title='bbox 1061 3987 1128 4051; x_wconf 89' lang='lat' dir='ltr'><strong>quo</strong></span> <span class='ocrx_word' id='word_1_186' title='bbox 1149 3968 1339 4033; x_wconf 90' lang='lat' dir='ltr'><strong>dominium</strong></span> <span class='ocrx_word' id='word_1_187' title='bbox 1354 3968 1402 4032; x_wconf 88' lang='lat' dir='ltr'><strong>rei</strong></span> 
     </span>
     <span class='ocr_line' id='line_1_26' title="bbox 219 4073 1400 4159; baseline 0.001 -19"><span class='ocrx_word' id='word_1_188' title='bbox 219 4077 350 4142; x_wconf 79' lang='lat' dir='ltr'><strong>traditae</strong></span> <span class='ocrx_word' id='word_1_189' title='bbox 367 4076 532 4141; x_wconf 75' lang='lat' dir='ltr'><strong>ansatum</strong></span> <span class='ocrx_word' id='word_1_190' title='bbox 542 4076 579 4138; x_wconf 91' lang='lat' dir='ltr'><strong>in</strong></span> <span class='ocrx_word' id='word_1_191' title='bbox 592 4073 739 4139; x_wconf 87' lang='lat' dir='ltr'><strong>alterum</strong></span> <span class='ocrx_word' id='word_1_192' title='bbox 751 4077 963 4152; x_wconf 80' lang='lat' dir='ltr'><strong>transfertur,</strong></span> <span class='ocrx_word' id='word_1_193' title='bbox 973 4076 1167 4159; x_wconf 88' lang='lat' dir='ltr'><strong>eujusmodi</strong></span> <span class='ocrx_word' id='word_1_194' title='bbox 1182 4080 1236 4140; x_wconf 91' lang='lat' dir='ltr'><strong>est</strong></span> <span class='ocrx_word' id='word_1_195' title='bbox 1250 4076 1400 4152; x_wconf 91' lang='lat' dir='ltr'><strong>donatio,</strong></span> 
     </span>
     <span class='ocr_line' id='line_1_27' title="bbox 218 4184 1402 4268; baseline 0 -18"><span class='ocrx_word' id='word_1_196' title='bbox 218 4187 386 4262; x_wconf 82' lang='lat' dir='ltr'><strong>venditi03</strong></span> <span class='ocrx_word' id='word_1_197' title='bbox 404 4186 433 4268; x_wconf 86' lang='lat' dir='ltr'><strong>d)</strong></span> <span class='ocrx_word' id='word_1_198' title='bbox 450 4184 623 4264; x_wconf 81' lang='lat' dir='ltr'><strong>latissime,</strong></span> <span class='ocrx_word' id='word_1_199' title='bbox 639 4201 701 4267; x_wconf 88' lang='lat' dir='ltr'><strong>pro</strong></span> <span class='ocrx_word' id='word_1_200' title='bbox 716 4184 811 4248; x_wconf 91' lang='lat' dir='ltr'><strong>omni</strong></span> <span class='ocrx_word' id='word_1_201' title='bbox 829 4201 870 4250; x_wconf 89' lang='lat' dir='ltr'><strong>eo</strong></span> <span class='ocrx_word' id='word_1_202' title='bbox 891 4189 969 4249; x_wconf 86' lang='lat' dir='ltr'><strong>aotu</strong></span> <span class='ocrx_word' id='word_1_203' title='bbox 995 4202 1062 4268; x_wconf 90' lang='lat' dir='ltr'><strong>quo</strong></span> <span class='ocrx_word' id='word_1_204' title='bbox 1084 4184 1275 4250; x_wconf 89' lang='lat' dir='ltr'><strong>dominium</strong></span> <span class='ocrx_word' id='word_1_205' title='bbox 1297 4185 1402 4250; x_wconf 88' lang='lat' dir='ltr'><strong>direo·</strong></span> 
     </span>
     <span class='ocr_line' id='line_1_28' title="bbox 219 4291 1401 4376; baseline -0.003 -15"><span class='ocrx_word' id='word_1_206' title='bbox 219 4294 357 4361; x_wconf 90' lang='lat' dir='ltr'><strong>tumvel</strong></span> <span class='ocrx_word' id='word_1_207' title='bbox 371 4293 474 4358; x_wconf 89' lang='lat' dir='ltr'><strong>etiam</strong></span> <span class='ocrx_word' id='word_1_208' title='bbox 488 4291 571 4357; x_wconf 90' lang='lat' dir='ltr'><strong>utile</strong></span> <span class='ocrx_word' id='word_1_209' title='bbox 587 4297 732 4370; x_wconf 87' lang='lat' dir='ltr'><strong>tantum,</strong></span> <span class='ocrx_word' id='word_1_210' title='bbox 749 4297 884 4364; x_wconf 86' lang='lat' dir='ltr'><strong>retento</strong></span> <span class='ocrx_word' id='word_1_211' title='bbox 899 4293 1038 4370; x_wconf 82' lang='lat' dir='ltr'><strong>directe,</strong></span> <span class='ocrx_word' id='word_1_212' title='bbox 1056 4298 1116 4358; x_wconf 91' lang='lat' dir='ltr'><strong>aut</strong></span> <span class='ocrx_word' id='word_1_213' title='bbox 1130 4293 1223 4358; x_wconf 90' lang='lat' dir='ltr'><strong>aliud</strong></span> <span class='ocrx_word' id='word_1_214' title='bbox 1232 4296 1290 4376; x_wconf 88' lang='lat' dir='ltr'><strong>jus</strong></span> <span class='ocrx_word' id='word_1_215' title='bbox 1307 4295 1344 4357; x_wconf 91' lang='lat' dir='ltr'><strong>in</strong></span> <span class='ocrx_word' id='word_1_216' title='bbox 1363 4312 1401 4358; x_wconf 89' lang='lat' dir='ltr'><strong>re</strong></span> 
     </span>
     <span class='ocr_line' id='line_1_29' title="bbox 219 4401 1398 4486; baseline -0.001 -19"><span class='ocrx_word' id='word_1_217' title='bbox 219 4405 431 4470; x_wconf 82' lang='lat' dir='ltr'><strong>transfertur.</strong></span> <span class='ocrx_word' id='word_1_218' title='bbox 449 4401 487 4466; x_wconf 94' lang='lat' dir='ltr'><strong>ln</strong></span> <span class='ocrx_word' id='word_1_219' title='bbox 500 4401 662 4486; x_wconf 75' lang='lat' dir='ltr'><strong>praesenti</strong></span> <span class='ocrx_word' id='word_1_220' title='bbox 673 4401 771 4466; x_wconf 92' lang='lat' dir='ltr'><strong>titulo</strong></span> <span class='ocrx_word' id='word_1_221' title='bbox 786 4403 934 4466; x_wconf 89' lang='lat' dir='ltr'><strong>sumitur</strong></span> <span class='ocrx_word' id='word_1_222' title='bbox 952 4403 987 4466; x_wconf 91' lang='lat' dir='ltr'><strong>in</strong></span> <span class='ocrx_word' id='word_1_223' title='bbox 1010 4401 1075 4466; x_wconf 88' lang='lat' dir='ltr'><strong>hoo</strong></span> <span class='ocrx_word' id='word_1_224' title='bbox 1094 4421 1198 4467; x_wconf 90' lang='lat' dir='ltr'><strong>sensu</strong></span> <span class='ocrx_word' id='word_1_225' title='bbox 1220 4401 1398 4478; x_wconf 88' lang='lat' dir='ltr'><strong>latissimo,</strong></span> 
     </span>
     <span class='ocr_line' id='line_1_30' title="bbox 220 4511 1399 4596; baseline -0.002 -20"><span class='ocrx_word' id='word_1_226' title='bbox 220 4513 299 4596; x_wconf 88' lang='lat' dir='ltr'><strong>quie</strong></span> <span class='ocrx_word' id='word_1_227' title='bbox 312 4511 486 4577; x_wconf 88' lang='lat' dir='ltr'><strong>translatio</strong></span> <span class='ocrx_word' id='word_1_228' title='bbox 501 4530 572 4576; x_wconf 92' lang='lat' dir='ltr'><strong>non</strong></span> <span class='ocrx_word' id='word_1_229' title='bbox 584 4515 718 4576; x_wconf 89' lang='lat' dir='ltr'><strong>tantum</strong></span> <span class='ocrx_word' id='word_1_230' title='bbox 732 4511 885 4586; x_wconf 91' lang='lat' dir='ltr'><strong>dominii,</strong></span> <span class='ocrx_word' id='word_1_231' title='bbox 902 4511 963 4576; x_wconf 90' lang='lat' dir='ltr'><strong>sed</strong></span> <span class='ocrx_word' id='word_1_232' title='bbox 982 4512 1085 4575; x_wconf 88' lang='lat' dir='ltr'><strong>etiam</strong></span> <span class='ocrx_word' id='word_1_233' title='bbox 1103 4511 1285 4594; x_wconf 82' lang='lat' dir='ltr'><strong>cujuslibet</strong></span> <span class='ocrx_word' id='word_1_234' title='bbox 1299 4513 1399 4594; x_wconf 82' lang='lat' dir='ltr'><strong>juris,</strong></span> 
     </span>
     <span class='ocr_line' id='line_1_31' title="bbox 220 4619 1400 4706; baseline 0.001 -21"><span class='ocrx_word' id='word_1_235' title='bbox 220 4619 636 4704; x_wconf 80' lang='lat' dir='ltr'><strong>nooerepotestlleolesiae.</strong></span> <span class='ocrx_word' id='word_1_236' title='bbox 647 4621 825 4706; x_wconf 85' lang='lat' dir='ltr'><strong>Porrojus,</strong></span> <span class='ocrx_word' id='word_1_237' title='bbox 841 4623 878 4688; x_wconf 93' lang='lat' dir='ltr'><strong>in</strong></span> <span class='ocrx_word' id='word_1_238' title='bbox 891 4622 958 4688; x_wconf 89' lang='lat' dir='ltr'><strong>hoe</strong></span> <span class='ocrx_word' id='word_1_239' title='bbox 967 4621 1077 4699; x_wconf 88' lang='lat' dir='ltr'><strong>titulo,</strong></span> <span class='ocrx_word' id='word_1_240' title='bbox 1089 4621 1400 4688; x_wconf 87' lang='lat' dir='ltr'><strong>intenditiavorem</strong></span> 
     </span>
    </p>
   </div>
   <div class='ocr_carea' id='block_1_9' title="bbox 106 4729 736 4804">
    <p class='ocr_par' dir='ltr' id='par_1_11' title="bbox 106 4729 736 4804">
     <span class='ocr_line' id='line_1_32' title="bbox 106 4729 736 4804; baseline 0.013 -12"><span class='ocrx_word' id='word_1_241' title='bbox 106 4765 110 4776; x_wconf 92' lang='lat'>·</span> <span class='ocrx_word' id='word_1_242' title='bbox 221 4735 256 4798; x_wconf 89' lang='lat' dir='ltr'><strong>et</strong></span> <span class='ocrx_word' id='word_1_243' title='bbox 269 4729 452 4804; x_wconf 88' lang='lat' dir='ltr'><strong>utilitatem</strong></span> <span class='ocrx_word' id='word_1_244' title='bbox 464 4729 630 4800; x_wconf 84' lang='lat' dir='ltr'><strong>Eoolosiae.</strong></span> <span class='ocrx_word' id='word_1_245' title='bbox 734 4793 736 4800; x_wconf 87' lang='grc'><em>,</em></span> 
     </span>
    </p>
   </div>
   <div class='ocr_carea' id='block_1_10' title="bbox 0 0 1760 5574">
    <p class='ocr_par' dir='ltr' id='par_1_12' title="bbox 0 0 1760 5574">
     <span class='ocr_line' id='line_1_33' title="bbox 0 0 1760 5574; baseline 0 0"><span class='ocrx_word' id='word_1_246' title='bbox 0 0 1760 5574; x_wconf 95' lang='lat' dir='ltr'><strong> </strong></span> 
     </span>
    </p>
   </div>
  </div>
 </body>
</html>
