3510 5574
358 551 419 616 181
586 615 588 621 ,
818 575 869 622 rus
890 577 1070 622 cononicus.

359 692 397 750 ut
410 707 443 751 v.
459 706 493 769 g.
512 671 718 767 incendium,
730 695 957 777 naufragium,
969 695 1070 776 cogit.
1086 695 1149 772 Qui
1159 696 1391 762 voluntarium
1404 697 1534 782 deposi-

359 800 433 860 tum
453 798 582 880 perilde
604 804 741 866 recusat
764 803 956 880 restituere,
973 804 1223 870 condemnatur
1242 805 1278 868 in
1300 806 1478 890 simplum,
1499 807 1534 880 id

359 909 412 968 est
424 906 461 971 in
475 926 549 972 rem
569 909 727 974 eamdem
747 911 803 976 vel
819 912 1083 998 aequivalentem
1100 913 1327 990 reddendam
1342 914 1379 979 in
1392 915 1533 999 duplum

357 1031 439 1079 vero
454 1015 511 1098 qui
525 1023 661 1083 recusat
674 1019 854 1086 restituere
879 1022 1122 1098 necessarium,
1150 1021 1229 1106 quia
1252 1024 1420 1105 majorem
1442 1042 1534 1088 com·

356 1121 461 1185 mittit
480 1125 668 1206 perfidiam,
692 1147 734 1193 eo
754 1130 844 1212 quod
865 1130 1040 1214 deponens
1061 1150 1101 1196 ea
1119 1130 1323 1196 necessitate
1337 1131 1460 1214 dignus
1482 1135 1534 1197 est

355 1233 478 1315 majori
492 1234 800 1304 commiseratione.

395 1340 561 1408 Dividitur
574 1345 607 1408 30
618 1346 655 1410 iu
668 1347 835 1433 repulere,
849 1349 939 1432 quod
954 1353 1069 1414 servat
1082 1353 1190 1416 totam
1204 1355 1362 1416 naturam
1376 1351 1531 1434 depositi,

355 1453 390 1512 et
403 1450 599 1534 r'rrepulare,
614 1454 705 1538 quod
727 1473 770 1520 ex
784 1455 897 1540 aliquo
913 1457 1047 1541 adjecto
1063 1456 1237 1535 alteratur,
1252 1462 1291 1523 ut
1304 1458 1360 1522 vel
1381 1463 1535 1523 assumat

354 1556 480 1641 aliquid
496 1577 539 1622 ex
552 1559 619 1624 alio
634 1565 822 1641 contractu,
839 1563 895 1629 vel
909 1568 1060 1630 transeat
1073 1565 1109 1630 in
1125 1565 1230 1631 alium
1245 1568 1467 1631 contractum.

393 1659 422 1742 c)
435 1659 484 1725 Ex
503 1663 576 1746 ipso
592 1669 760 1749 conceptu
786 1666 940 1751 depositi,
966 1669 1039 1750 jam
1057 1667 1276 1734 determinari
1291 1671 1437 1752 possunt
1459 1686 1535 1751 per-

354 1785 447 1833 sonae
456 1769 546 1836 inter
556 1789 641 1855 quas
651 1771 767 1838 locum
776 1773 880 1840 habet
890 1775 1095 1859 depositum.
1107 1775 1285 1860 Deponere
1297 1779 1331 1842 et
1340 1776 1534 1860 depositum

353 1877 525 1960 suscipere
541 1883 687 1962 possunt
705 1881 752 1944 illi
773 1885 808 1946 et
835 1881 897 1948 soli
918 1882 986 1967 qui,
1008 1883 1141 1948 ratione
1157 1888 1309 1960 utentes,
1332 1884 1534 1950 contrahere

352 1985 579 2062 valentlnde,
591 1987 628 2052 in
639 1987 764 2073 speeie,
775 1988 970 2074 depositum
981 1991 1152 2075 suscipere
1165 1997 1328 2075 possunt:
1341 1993 1373 2056 10
1385 1991 1534 2066 semina;

353 2091 386 2154 2⁰
400 2091 549 2176 pupillus
564 2099 599 2159 et
612 2095 735 2173 minor,
749 2095 853 2162 etiam
865 2097 939 2162 sine
951 2099 1072 2163 tutoris
1078 2098 1134 2164 vel
1147 2099 1312 2166 curatoris
1321 2099 1532 2172 auctoritate,

354 2219 421 2284 quo
431 2219 512 2266 casu
522 2220 593 2267 non
603 2202 775 2285 obligatur
784 2205 970 2289 deponenti
981 2206 1047 2270 nisi
1060 2225 1103 2272 ex
1115 2206 1204 2283 dolo,
1218 2207 1275 2272 vel
1286 2207 1314 2271 si
1328 2225 1371 2270 ex
1385 2226 1421 2272 re
1433 2207 1535 2291 depo·

353 2309 418 2372 sita
437 2307 640 2394 locupletior
652 2311 762 2377 factus
783 2317 855 2388 est;
879 2313 912 2400 3⁰
933 2313 1076 2378 clericus
1098 2318 1133 2379 et
1148 2314 1347 2396 religiosum
1364 2333 1486 2380 verum
1507 2316 1534 2380 si

352 2415 533 2498 religiosus
548 2419 622 2484 siue
638 2421 691 2490 sui
706 2422 902 2505 superioris,
918 2423 1060 2488 clericus
1075 2425 1148 2488 sine
1171 2423 1225 2488 sui
1238 2423 1368 2508 praelati
1385 2423 1532 2498 licentia,

350 2523 408 2588 vel
422 2525 495 2608 ipse
509 2529 753 2611 praelatussine
767 2548 939 2597 consensu
947 2530 1085 2616 capituli
1096 2532 1291 2615 depositum
1306 2533 1466 2616 suscepit,
1481 2551 1534 2596 ec-

354 2633 463 2699 etesia
471 2635 526 2700 vel
540 2640 788 2704 monesterium
801 2641 924 2706 exinde
940 2660 1010 2706 non
1025 2641 1205 2723 obligatur,
1217 2660 1281 2706 nec
1296 2641 1448 2707 debitum
1460 2660 1533 2724 per-

356 2761 449 2808 sonae
463 2746 634 2830 redundat
647 2747 683 2812 iu
698 2749 943 2815 detrimentum
956 2751 1118 2830 ecolesiae,
1134 2755 1256 2817 eontra
1271 2749 1427 2833 regulam
1441 2769 1532 2814 cxxvi

223 2871 226 2876 ·
354 2853 388 2918 in
400 2852 442 2928 60,
458 2855 523 2920 nisi
536 2855 677 2921 ecclesia
687 2855 889 2940 locupletior
901 2858 991 2924 seete
1002 2859 1047 2924 sit
1060 2878 1104 2924 ex
1117 2859 1175 2924 tali
1185 2858 1351 2943 deposito.

758 3055 788 3105 11.
807 3055 846 3106 De
861 3052 983 3106 materis
996 3051 1126 3118 depositi.

395 3185 563 3269 l⁰Deponi
572 3190 717 3270 possunt
727 3205 782 3252 res
789 3205 911 3253 omues
918 3205 994 3272 quse
1002 3188 1066 3253 suh
1073 3187 1264 3254 custodiam
1274 3187 1411 3262 cadunt,
1421 3206 1533 3272 neque

354 3295 458 3358 refert
467 3313 510 3359 an
519 3295 663 3378 propriae
672 3295 740 3359 sint
752 3295 807 3360 vel
815 3294 951 3370 eleum
962 3296 1152 3360 nemetiam
1161 3295 1218 3359 fur
1227 3300 1262 3360 et
1273 3295 1400 3380 praedo,
1417 3295 1445 3360 ei
1460 3313 1533 3360 rem

354 3403 513 3468 furtivam
523 3406 582 3468 aot
595 3407 728 3486 raptam
742 3403 948 3488 deposuerit,
965 3403 1137 3469 actionem
1148 3403 1293 3487 depositi
1304 3403 1418 3479 habet,
1429 3403 1532 3468 modo

355 3511 409 3574 fur
418 3529 488 3576 non
502 3511 651 3594 deponat
664 3511 755 3595 apud
765 3511 945 3576 dominum
954 3511 1015 3587 rei,
1032 3511 1113 3596 quia
1124 3511 1153 3576 is
1165 3511 1343 3576 evidenter
1353 3529 1423 3576 uon
1439 3515 1534 3576 tene-

354 3621 551 3684 tursctione
566 3620 722 3704 depositi,
739 3621 875 3686 eumad
892 3639 966 3685 rem
980 3638 1079 3686 suam
1095 3619 1296 3686 tradendam
1314 3637 1385 3685 non
1407 3619 1534 3703 oblige-

356 3731 421 3791 tur.
434 3725 528 3804 lnde,

395 3835 428 3898 10
449 3835 611 3914 Quamvis
634 3836 835 3922 plerumque
858 3855 914 3902 res
933 3835 1077 3902 mobiles
1098 3835 1324 3920 deponantur,
1347 3855 1402 3902 res
1418 3841 1533 3902 tamen

356 3944 539 4009 immobilis
550 3949 665 4028 potest
683 3963 759 4011 esse
774 3945 918 4012 materia
932 3945 1087 4029 depositi,
1100 3962 1179 4011 cum
1193 3949 1228 4010 et
1242 3945 1308 4010 ista
1323 3945 1411 4011 tradi
1426 3945 1535 4029 possit

356 4051 589 4118 custodienda.
617 4052 667 4118 lta
690 4054 860 4120 sententie
880 4053 1074 4120 eommunis
1094 4057 1214 4119 eontra
1236 4053 1370 4138 plures3
1394 4053 1454 4118 sed
1476 4056 1533 4137 jus

357 4159 455 4225 civile
468 4160 631 4226 Gallicum
643 4161 786 4228 alteram
799 4163 1005 4227 sententiam
1014 4167 1170 4228 secutum
1183 4167 1236 4227 est
1247 4163 1320 4244 (art.
1329 4162 1430 4242 1318).
1439 4159 1533 4226 Unde

357 4267 447 4350 apud
458 4287 521 4334 nos
533 4289 603 4336 non
613 4271 857 4337 concederetur
868 4271 956 4336 actio
971 4271 1116 4355 depositi
1131 4271 1243 4355 quoad
1257 4289 1313 4336 res
1328 4267 1532 4334 immobiles.

397 4376 429 4440 30
443 4377 639 4442 decessoris
653 4377 808 4462 depositi,
821 4379 922 4460 juxta
934 4378 1105 4442 veriorem
1122 4377 1343 4454 sententiam,
1368 4395 1439 4441 non
1455 4395 1535 4440 cen-

358 4490 477 4549 sentur
498 4486 661 4569 deposita.
676 4485 753 4550 Haec
775 4490 891 4550 tamen
913 4487 1101 4552 accessoria
1123 4485 1336 4552 restituenda
1357 4489 1439 4549 sunt
1455 4502 1534 4548 cum

357 4592 431 4676 ipsa
444 4611 490 4667 re,
504 4593 560 4657 vel
571 4612 691 4658 eorum
705 4593 897 4671 aestimatio,
914 4593 941 4657 ei
957 4593 1035 4658 dolo
1051 4592 1246 4677 depositarii
1259 4591 1431 4675 perierint.

397 4699 430 4765 10
445 4699 478 4764 Si
492 4719 571 4766 area
582 4701 727 4784 sigillata
740 4701 796 4767 vel
812 4702 896 4768 cista
916 4701 1115 4786 deponetur,
1132 4701 1236 4768 etiam
1254 4717 1309 4768 res
1330 4700 1364 4764 in
1388 4715 1430 4766 ea
1454 4717 1533 4764 eon.-
