3488 5568
564 617 652 666 arasa
672 619 799 666 raauus
820 619 1042 666 neccesarius.
1335 601 1392 666 ael

215 739 319 804 made
341 717 595 816 concederetur,
621 739 700 823 quia
715 762 731 796 «
748 739 791 802 ob
805 738 993 802 humanam
1015 735 1245 817 fragilitatem,
1263 741 1302 799 ut
1321 738 1394 820 ipso

216 851 345 922 monet,
363 846 568 924 sacerdotes,
584 846 774 930 praesertim
788 845 978 920 saculares,
996 845 1156 908 omnihus
1171 844 1312 908 omnino
1326 844 1395 908 die-

217 957 281 1019 bus
293 955 337 1020 ad
351 956 608 1021 sacnsscandum
625 956 777 1039 dispositi
789 970 862 1020 non
878 959 959 1018 sunt
974 981 1001 1020 a.

256 1065 289 1127 3⁰
304 1064 454 1129 Tandem
476 1070 627 1148 temporo
653 1065 870 1140 infirmitatis,
887 1064 1009 1129 saltem
1033 1083 1103 1128 non
1127 1064 1309 1140 diuturnae,
1325 1081 1395 1127 non

218 1177 393 1236 teneretur
417 1172 660 1253 obligationem
682 1171 876 1236 celebrandi
897 1172 1020 1236 missas
1039 1170 1180 1254 implere
1195 1164 1257 1254 per
1272 1171 1394 1246 alium;

218 1280 279 1344 sed
289 1281 568 1363 possetomittera
581 1281 733 1356 missam,
753 1281 835 1365 quin
853 1284 1008 1344 teneatur
1022 1297 1255 1363 compensare,
1274 1279 1339 1342 nisi
1354 1280 1395 1344 de

162 1421 164 1424 ·
217 1391 387 1454 contraria
400 1389 576 1454 voluntate
589 1391 761 1454 testatoris
779 1391 920 1454 omnino
935 1389 1219 1454 mustellarum
1234 1406 1304 1452 non
1316 1405 1396 1464 con-

219 1497 413 1562 sentiebant
434 1497 491 1561 GG.
510 1499 621 1582 quoad
639 1504 776 1580 tempus
796 1517 863 1583 quo
879 1502 1006 1582 posset,
1026 1497 1170 1562 duranto
1185 1498 1394 1570 infirmitate,

219 1605 417 1690 simpliciter
435 1609 593 1674 omittere
614 1609 766 1673 missam.
782 1609 848 1674 Sed
866 1609 898 1673 S.
916 1609 1038 1690 Gongr.
1056 1608 1169 1686 Conc,
1188 1608 1209 1672 l
1224 1611 1299 1691 jun.
1319 1607 1398 1672 1689

219 1715 305 1778 0111
322 1733 400 1779 nov.
419 1716 507 1791 1695,
524 1715 661 1780 diremit
673 1719 954 1793 controversiam,
971 1716 1179 1798 assignando
1196 1717 1234 1780 15
1250 1716 1334 1781 dies.

257 1823 289 1886 4⁰
302 1823 428 1888 Unicus
445 1823 635 1888 admittitur
654 1843 753 1889 casus
773 1826 808 1888 in
831 1843 898 1909 quo
924 1824 1119 1908 capellanus
1140 1829 1258 1906 posset
1279 1824 1397 1888 tandiu

218 1932 390 1996 abstinere
405 1949 425 1996 a
438 1931 642 1996 celebrando
661 1932 785 1996 missas
805 1952 867 2016 per
888 1933 1003 2009 alium,
1022 1932 1172 2016 quandiu
1188 1931 1288 1996 durat
1308 1931 1398 1994 intir-

219 2039 330 2103 mitas.
358 2039 426 2103 Hoc
448 2039 594 2131 habetur
618 2040 753 2124 quando
778 2038 990 2122 capellanus,
1014 2041 1057 2105 ob
1082 2039 1231 2124 aliquam
1258 2039 1399 2102 inssrmi-

220 2152 336 2222 tatem,
361 2147 514 2211 redditus
539 2152 591 2211 est
613 2147 754 2212 omuino
782 2148 969 2232 impotens,
987 2153 1022 2212 01
1042 2147 1179 2212 aliunde
1202 2144 1398 2210 nonhabet

221 2255 311 2317 unda
336 2255 444 2329 vivat,
467 2259 570 2338 atque
593 2255 769 2320 ordinatus
791 2256 908 2320 estad
933 2254 1070 2319 titulum
1096 2253 1306 2338 capellaniam
1328 2273 1398 2316 nou

222 2366 357 2424 tenetur
371 2361 565 2426 satisfacere
577 2361 766 2444 paralium.
784 2363 833 2428 lta
848 2363 880 2426 S.
899 2361 1020 2444 dongr.
1034 2361 1146 2438 donc,
1160 2362 1290 2426 151010.
1306 2361 1395 2426 leco.

480 2555 511 2604 11.
529 2553 658 2606 Facultas
672 2553 777 2618 pluries
792 2552 953 2606 celebrandi
969 2551 1069 2606 eodem
1085 2553 1139 2605 die.

261 2689 293 2770 α)
309 2689 435 2754 Praeter
452 2689 543 2753 diem
557 2689 665 2754 Nativ.
680 2690 826 2766 Domini,
844 2689 901 2753 ubi
924 2690 1027 2752 trium
1048 2689 1231 2753 missarum
1251 2685 1400 2752 celebra-

221 2797 267 2860 tio
284 2798 391 2861 cuivis
403 2796 570 2862 sacerdoti
587 2795 692 2862 latino
707 2797 875 2880 permissa
888 2801 950 2873 est,
972 2796 1075 2880 idque
1086 2796 1128 2860 ad
1141 2794 1398 2877 significandam

221 2903 390 2987 triplicem
408 2905 529 2968 Christi
551 2905 775 2981 nativitatem,
793 2909 958 2969 aeternam
978 2904 1015 2967 in
1036 2903 1134 2968 Patre
1156 2901 1400 2979 000100111οω-

189 3055 197 3062 -
220 3010 375 3094 poralem
388 3031 431 3076 ex
446 3013 548 3076 Maria
560 3012 709 3092 Virgine,
725 3017 759 3075 et
773 3011 985 3095 spiritualem
997 3013 1032 3075 iu
1046 3011 1226 3075 hominum
1240 3009 1399 3074 cordibus

220 3118 265 3199 (S.
281 3119 412 3194 Thom,
430 3119 472 3182 lll
487 3139 533 3201 p.,
552 3140 583 3202 q.
600 3119 650 3196 83,
667 3119 855 3201 010111),
873 3138 976 3185 nemo
991 3123 1105 3202 potest
1118 3119 1170 3182 bis
1185 3118 1220 3181 in
1241 3119 1294 3182 die
1313 3116 1400 3181 cele-

221 3226 330 3302 brare,
348 3225 413 3289 nisi
432 3228 467 3290 in
490 3245 572 3291 casu
590 3227 814 3304 necessitatis,
831 3232 870 3290 nt
891 3226 1041 3310 populus
1057 3226 1168 3310 possit
1188 3225 1305 3290 audire
1320 3225 1401 3288 mis-

222 3351 295 3398 sam
312 3334 365 3398 die
386 3335 474 3398 festo
493 3335 532 3417 (c.
549 3335 617 3398 3h.
636 3335 684 3418 t).
700 3335 849 3398 Licentia
872 3331 924 3397 ter
944 3333 1138 3398 celebrandi
1159 3333 1195 3395 in
1214 3333 1398 3396 festivitate

220 3442 410 3506 Natiuitatis
433 3442 631 3506 conceditur
655 3441 736 3508 solis
761 3442 992 3507 sacerdotibus
1012 3442 1097 3503 ritus
1119 3439 1226 3516 latini,
1239 3419 1320 3504 'non
1342 3459 1400 3504 au-

221 3556 292 3614 tem
307 3550 543 3627 orientalibus,
563 3555 601 3615 ut
623 3551 723 3616 docet
746 3551 871 3615 Bened.
891 3549 971 3626 lllV,
990 3550 1025 3611 in
1046 3549 1144 3631 epist.
1166 3549 1206 3612 Io
1223 3549 1398 3632 acepertus,

222 3657 454 3722 1901001155.

264 3765 296 3827 1ο
311 3765 398 3827 Olim
413 3763 470 3828 CC.
486 3771 520 3828 et
532 3765 591 3829 TT.
609 3767 721 3831 varios
743 3767 991 3830 enumerabant
1012 3782 1112 3828 casus
1126 3765 1161 3826 in
1179 3765 1301 3848 quibus
1325 3765 1400 3827 lice-

222 3879 275 3937 ret
290 3875 415 3938 iterum
431 3874 619 3938 sacrificare
635 3874 669 3938 in
687 3874 806 3940 eadem
821 3873 886 3938 die.
907 3876 936 3937 1ο
951 3873 1069 3950 Quoad
1085 3873 1298 3937 sacerdotem
1310 3875 1400 3955 jeju-

223 3999 332 4044 num:
355 4017 395 4026 -
422 3980 558 4064 quando
587 3987 666 4045 anto
692 3981 902 4046 ablutionem
930 3985 1065 4066 etpost
1100 3980 1398 4056 communionem,

224 4087 381 4151 sacerdos
395 4087 452 4152 ille
465 4089 671 4153 admonetur
684 4087 728 4152 de
744 4089 866 4154 viatico
881 4089 1017 4154 inssrmo
1033 4088 1132 4153 alicui
1148 4087 1373 4152 ministrando
1392 4109 1398 4150 :

224 4195 371 4277 quando,
388 4196 424 4259 iu
446 4196 499 4260 die
521 4196 753 4273 dedicationis,
778 4197 921 4261 ecclesia
943 4213 1109 4278 magnum
1123 4195 1239 4279 populi
1261 4212 1401 4260 concur-

224 4322 300 4366 sum
332 4322 400 4368 non
428 4305 536 4387 capit,
569 4311 603 4369 et
631 4323 701 4369 non
729 4305 826 4370 adest
857 4305 921 4370 nisi
946 4324 1036 4368 nnus
1064 4305 1222 4368 sacerdos
1246 4307 1398 4387 jejunus.

222 4412 256 4475 2⁰
272 4413 390 4488 Qrtoad
404 4412 617 4478 sacerdotem
642 4431 711 4477 non
729 4416 889 4496 jejunum
907 4435 914 4476 :
931 4412 1121 4496 -quaudo
1147 4413 1190 4477 ob
1206 4412 1402 4495 nuptiarum

223 4522 508 4599 benedictionem,
525 4524 579 4588 vel
601 4525 727 4589 mortui
750 4521 971 4606 sepulturam,
983 4523 1102 4586 missae
1123 4520 1402 4585 0000110100]αά-

219 4630 319 4710 jungi
341 4630 547 4712 postulatum
563 4669 602 4677 —
618 4633 661 4694 ob
685 4631 957 4714 peregrinorum,
978 4630 1216 4714 processionis,
1234 4628 1289 4692 vel
1312 4629 1402 4712 prin-

221 4735 304 4818 cipis
333 4737 559 4820 inspectatum
589 4738 787 4814 adventum,
812 4739 1001 4822 praesertim
1027 4737 1081 4801 die
1105 4739 1209 4805 testo:
1226 4733 1401 4800 —saltem
