<?xml version="1.0" encoding="UTF-8"?>
<!DOCTYPE html PUBLIC "-//W3C//DTD XHTML 1.0 Transitional//EN"
    "http://www.w3.org/TR/xhtml1/DTD/xhtml1-transitional.dtd">
<html xmlns="http://www.w3.org/1999/xhtml" xml:lang="en" lang="en">
 <head>
  <title>
</title>
<meta http-equiv="Content-Type" content="text/html;charset=utf-8" />
  <meta name='ocr-system' content='tesseract 3.04.00' />
  <meta name='ocr-capabilities' content='ocr_page ocr_carea ocr_par ocr_line ocrx_word'/>
</head>
<body>
  <div class='ocr_page' id='page_1' title='image "./juscanonicumjux00grangoog_0560.png"; bbox 0 0 3488 5568; ppageno 0'>
   <div class='ocr_carea' id='block_1_1' title="bbox 386 575 1101 640">
    <p class='ocr_par' dir='ltr' id='par_1_1' title="bbox 386 575 1101 640">
     <span class='ocr_line' id='line_1_1' title="bbox 386 575 1101 640; baseline -0.008 0"><span class='ocrx_word' id='word_1_1' title='bbox 386 575 447 640; x_wconf 78' lang='lat' dir='ltr'>ata</span> <span class='ocrx_word' id='word_1_2' title='bbox 847 589 899 636; x_wconf 81' lang='lat' dir='ltr'>rus</span> <span class='ocrx_word' id='word_1_3' title='bbox 921 590 1101 636; x_wconf 77' lang='lat' dir='ltr'>canonicus.</span> 
     </span>
    </p>
   </div>
   <div class='ocr_carea' id='block_1_2' title="bbox 385 704 1568 3158">
    <p class='ocr_par' dir='ltr' id='par_1_2' title="bbox 385 704 1563 1095">
     <span class='ocr_line' id='line_1_2' title="bbox 387 704 1563 792; baseline -0.005 -18"><span class='ocrx_word' id='word_1_4' title='bbox 387 709 546 792; x_wconf 76' lang='lat' dir='ltr'>deinceps</span> <span class='ocrx_word' id='word_1_5' title='bbox 568 706 707 772; x_wconf 89' lang='lat' dir='ltr'>alienari</span> <span class='ocrx_word' id='word_1_6' title='bbox 726 707 923 789; x_wconf 88' lang='lat' dir='ltr'>contigerit,</span> <span class='ocrx_word' id='word_1_7' title='bbox 947 707 1147 773; x_wconf 87' lang='lat' dir='ltr'>eorumdem</span> <span class='ocrx_word' id='word_1_8' title='bbox 1171 707 1331 790; x_wconf 87' lang='lat' dir='ltr'>pretium,</span> <span class='ocrx_word' id='word_1_9' title='bbox 1357 705 1420 770; x_wconf 92' lang='lat' dir='ltr'>sub</span> <span class='ocrx_word' id='word_1_10' title='bbox 1443 704 1563 770; x_wconf 87' lang='lat' dir='ltr'>eadem</span> 
     </span>
     <span class='ocr_line' id='line_1_3' title="bbox 387 813 1562 898; baseline -0.006 -17"><span class='ocrx_word' id='word_1_11' title='bbox 387 835 489 898; x_wconf 73' lang='lat' dir='ltr'>paona</span> <span class='ocrx_word' id='word_1_12' title='bbox 516 821 554 880; x_wconf 92' lang='lat' dir='ltr'>ut</span> <span class='ocrx_word' id='word_1_13' title='bbox 577 834 690 896; x_wconf 89' lang='lat' dir='ltr'>supra,</span> <span class='ocrx_word' id='word_1_14' title='bbox 714 815 837 898; x_wconf 78' lang='lat' dir='ltr'>deponi</span> <span class='ocrx_word' id='word_1_15' title='bbox 857 819 959 898; x_wconf 88' lang='lat' dir='ltr'>atque</span> <span class='ocrx_word' id='word_1_16' title='bbox 981 815 1015 878; x_wconf 89' lang='lat' dir='ltr'>in</span> <span class='ocrx_word' id='word_1_17' title='bbox 1039 815 1114 880; x_wconf 89' lang='lat' dir='ltr'>aliis</span> <span class='ocrx_word' id='word_1_18' title='bbox 1129 816 1227 880; x_wconf 91' lang='lat' dir='ltr'>bonis</span> <span class='ocrx_word' id='word_1_19' title='bbox 1248 813 1423 879; x_wconf 88' lang='lat' dir='ltr'>stabilibus</span> <span class='ocrx_word' id='word_1_20' title='bbox 1444 813 1562 876; x_wconf 86' lang='lat' dir='ltr'>itidem</span> 
     </span>
     <span class='ocr_line' id='line_1_4' title="bbox 385 919 1562 1007; baseline -0.005 -21"><span class='ocrx_word' id='word_1_21' title='bbox 385 923 577 998; x_wconf 76' lang='lat' dir='ltr'><strong>fructiferis,</strong></span> <span class='ocrx_word' id='word_1_22' title='bbox 594 941 673 986; x_wconf 91' lang='lat' dir='ltr'>cum</span> <span class='ocrx_word' id='word_1_23' title='bbox 687 922 843 1004; x_wconf 89' lang='lat' dir='ltr'>ejusdem</span> <span class='ocrx_word' id='word_1_24' title='bbox 858 923 1059 1006; x_wconf 75' lang='lat' dir='ltr'>repetitione</span> <span class='ocrx_word' id='word_1_25' title='bbox 1075 927 1177 1007; x_wconf 91' lang='lat' dir='ltr'>atque</span> <span class='ocrx_word' id='word_1_26' title='bbox 1201 923 1395 987; x_wconf 78' lang='lat' dir='ltr'>annexione</span> <span class='ocrx_word' id='word_1_27' title='bbox 1410 919 1562 985; x_wconf 87' lang='lat' dir='ltr'>converti</span> 
     </span>
     <span class='ocr_line' id='line_1_5' title="bbox 387 1031 518 1095; baseline -0.015 -1"><span class='ocrx_word' id='word_1_28' title='bbox 387 1031 518 1095; x_wconf 84' lang='lat' dir='ltr'>debeat</span> 
     </span>
    </p>

    <p class='ocr_par' dir='ltr' id='par_1_3' title="bbox 385 1136 1567 2088">
     <span class='ocr_line' id='line_1_6' title="bbox 426 1136 1563 1224; baseline -0.004 -22"><span class='ocrx_word' id='word_1_29' title='bbox 426 1141 458 1202; x_wconf 58' lang='grc' dir='ltr'>Ψ</span> <span class='ocrx_word' id='word_1_30' title='bbox 474 1140 520 1204; x_wconf 89' lang='lat' dir='ltr'>Ne</span> <span class='ocrx_word' id='word_1_31' title='bbox 535 1140 570 1204; x_wconf 91' lang='lat' dir='ltr'>in</span> <span class='ocrx_word' id='word_1_32' title='bbox 592 1145 769 1222; x_wconf 87' lang='lat' dir='ltr'>posterum</span> <span class='ocrx_word' id='word_1_33' title='bbox 784 1159 890 1205; x_wconf 86' lang='lat' dir='ltr'>onera</span> <span class='ocrx_word' id='word_1_34' title='bbox 906 1145 1071 1224; x_wconf 87' lang='lat' dir='ltr'>perpetua</span> <span class='ocrx_word' id='word_1_35' title='bbox 1086 1140 1269 1204; x_wconf 88' lang='lat' dir='ltr'>missarum</span> <span class='ocrx_word' id='word_1_36' title='bbox 1282 1136 1563 1203; x_wconf 87' lang='lat' dir='ltr'>celebrandarum</span> 
     </span>
     <span class='ocr_line' id='line_1_7' title="bbox 387 1246 1563 1332; baseline -0.005 -20"><span class='ocrx_word' id='word_1_37' title='bbox 387 1249 582 1332; x_wconf 88' lang='lat' dir='ltr'>suscipiant,</span> <span class='ocrx_word' id='word_1_38' title='bbox 599 1248 778 1314; x_wconf 65' lang='lat' dir='ltr'>saeculares</span> <span class='ocrx_word' id='word_1_39' title='bbox 798 1247 935 1332; x_wconf 89' lang='lat' dir='ltr'>quidem</span> <span class='ocrx_word' id='word_1_40' title='bbox 955 1249 1028 1312; x_wconf 89' lang='lat' dir='ltr'>sine</span> <span class='ocrx_word' id='word_1_41' title='bbox 1050 1267 1221 1312; x_wconf 89' lang='lat' dir='ltr'>consensu</span> <span class='ocrx_word' id='word_1_42' title='bbox 1242 1247 1391 1330; x_wconf 83' lang='lat' dir='ltr'>episcopi</span> <span class='ocrx_word' id='word_1_43' title='bbox 1413 1246 1468 1310; x_wconf 83' lang='lat' dir='ltr'>vel</span> <span class='ocrx_word' id='word_1_44' title='bbox 1489 1246 1563 1326; x_wconf 87' lang='lat' dir='ltr'>ejus</span> 
     </span>
     <span class='ocr_line' id='line_1_8' title="bbox 385 1352 1564 1438; baseline -0.005 -18"><span class='ocrx_word' id='word_1_45' title='bbox 385 1354 554 1436; x_wconf 87' lang='lat' dir='ltr'>generalis</span> <span class='ocrx_word' id='word_1_46' title='bbox 570 1356 696 1432; x_wconf 89' lang='lat' dir='ltr'>vicarii,</span> <span class='ocrx_word' id='word_1_47' title='bbox 713 1355 888 1438; x_wconf 77' lang='lat' dir='ltr'>regulares</span> <span class='ocrx_word' id='word_1_48' title='bbox 903 1375 985 1421; x_wconf 81' lang='lat' dir='ltr'>vero</span> <span class='ocrx_word' id='word_1_49' title='bbox 1003 1356 1075 1419; x_wconf 93' lang='lat' dir='ltr'>sine</span> <span class='ocrx_word' id='word_1_50' title='bbox 1089 1355 1259 1436; x_wconf 85' lang='lat' dir='ltr'>generalis</span> <span class='ocrx_word' id='word_1_51' title='bbox 1275 1355 1330 1419; x_wconf 84' lang='lat' dir='ltr'>vel</span> <span class='ocrx_word' id='word_1_52' title='bbox 1348 1352 1564 1436; x_wconf 85' lang='lat' dir='ltr'>provincialis</span> 
     </span>
     <span class='ocr_line' id='line_1_9' title="bbox 386 1461 1565 1550; baseline -0.003 -22"><span class='ocrx_word' id='word_1_53' title='bbox 386 1482 556 1530; x_wconf 87' lang='lat' dir='ltr'>consensu</span> <span class='ocrx_word' id='word_1_54' title='bbox 572 1471 607 1530; x_wconf 87' lang='lat' dir='ltr'>et</span> <span class='ocrx_word' id='word_1_55' title='bbox 632 1465 769 1530; x_wconf 90' lang='lat' dir='ltr'>licentia</span> <span class='ocrx_word' id='word_1_56' title='bbox 786 1467 820 1530; x_wconf 91' lang='lat' dir='ltr'>in</span> <span class='ocrx_word' id='word_1_57' title='bbox 840 1467 972 1550; x_wconf 82' lang='lat' dir='ltr'>scriptis</span> <span class='ocrx_word' id='word_1_58' title='bbox 989 1471 1023 1530; x_wconf 91' lang='lat' dir='ltr'>et</span> <span class='ocrx_word' id='word_1_59' title='bbox 1035 1465 1141 1548; x_wconf 87' lang='lat' dir='ltr'>gratis</span> <span class='ocrx_word' id='word_1_60' title='bbox 1157 1464 1390 1541; x_wconf 83' lang='lat' dir='ltr'>concedenda3</span> <span class='ocrx_word' id='word_1_61' title='bbox 1414 1461 1565 1545; x_wconf 89' lang='lat' dir='ltr'>alioquin</span> 
     </span>
     <span class='ocr_line' id='line_1_10' title="bbox 387 1570 1563 1658; baseline -0.004 -22"><span class='ocrx_word' id='word_1_62' title='bbox 387 1574 557 1638; x_wconf 68' lang='lat' dir='ltr'>secularis</span> <span class='ocrx_word' id='word_1_63' title='bbox 580 1575 637 1658; x_wconf 92' lang='lat' dir='ltr'>qui</span> <span class='ocrx_word' id='word_1_64' title='bbox 660 1575 856 1657; x_wconf 86' lang='lat' dir='ltr'>hujusmodi</span> <span class='ocrx_word' id='word_1_65' title='bbox 875 1575 1111 1656; x_wconf 82' lang='lat' dir='ltr'>prohibitionis</span> <span class='ocrx_word' id='word_1_66' title='bbox 1131 1578 1364 1654; x_wconf 79' lang='lat' dir='ltr'>transgressor</span> <span class='ocrx_word' id='word_1_67' title='bbox 1385 1570 1563 1643; x_wconf 83' lang='lat' dir='ltr'>exstiterit,</span> 
     </span>
     <span class='ocr_line' id='line_1_11' title="bbox 386 1678 1565 1764; baseline -0.005 -19"><span class='ocrx_word' id='word_1_68' title='bbox 386 1682 428 1745; x_wconf 89' lang='lat' dir='ltr'>ab</span> <span class='ocrx_word' id='word_1_69' title='bbox 451 1681 609 1762; x_wconf 87' lang='lat' dir='ltr'>ingressu</span> <span class='ocrx_word' id='word_1_70' title='bbox 639 1681 789 1746; x_wconf 77' lang='lat' dir='ltr'>ecclesiae</span> <span class='ocrx_word' id='word_1_71' title='bbox 812 1681 1011 1747; x_wconf 89' lang='lat' dir='ltr'>interdictus</span> <span class='ocrx_word' id='word_1_72' title='bbox 1036 1683 1080 1746; x_wconf 88' lang='lat' dir='ltr'>sit</span> <span class='ocrx_word' id='word_1_73' title='bbox 1104 1699 1145 1746; x_wconf 91' lang='lat' dir='ltr'>eo</span> <span class='ocrx_word' id='word_1_74' title='bbox 1171 1681 1263 1764; x_wconf 88' lang='lat' dir='ltr'>ipso;</span> <span class='ocrx_word' id='word_1_75' title='bbox 1290 1678 1456 1761; x_wconf 88' lang='lat' dir='ltr'>regularis</span> <span class='ocrx_word' id='word_1_76' title='bbox 1482 1693 1565 1740; x_wconf 79' lang='lat' dir='ltr'>vero</span> 
     </span>
     <span class='ocr_line' id='line_1_12' title="bbox 387 1785 1567 1873; baseline -0.005 -21"><span class='ocrx_word' id='word_1_77' title='bbox 387 1807 525 1869; x_wconf 71' lang='lat' dir='ltr'>prunam</span> <span class='ocrx_word' id='word_1_78' title='bbox 549 1789 748 1871; x_wconf 87' lang='lat' dir='ltr'>privationis</span> <span class='ocrx_word' id='word_1_79' title='bbox 773 1790 927 1854; x_wconf 90' lang='lat' dir='ltr'>omnium</span> <span class='ocrx_word' id='word_1_80' title='bbox 946 1790 1137 1855; x_wconf 83' lang='lat' dir='ltr'>ciliciorum</span> <span class='ocrx_word' id='word_1_81' title='bbox 1160 1807 1236 1873; x_wconf 82' lang='lat' dir='ltr'>qnae</span> <span class='ocrx_word' id='word_1_82' title='bbox 1251 1793 1331 1852; x_wconf 89' lang='lat' dir='ltr'>tunc</span> <span class='ocrx_word' id='word_1_83' title='bbox 1346 1785 1513 1851; x_wconf 85' lang='lat' dir='ltr'>obtinebit</span> <span class='ocrx_word' id='word_1_84' title='bbox 1527 1803 1567 1846; x_wconf 89' lang='lat' dir='ltr'>cc</span> 
     </span>
     <span class='ocr_line' id='line_1_13' title="bbox 387 1893 1566 1978; baseline -0.004 -19"><span class='ocrx_word' id='word_1_85' title='bbox 387 1901 562 1978; x_wconf 81' lang='lat' dir='ltr'>perpetuae</span> <span class='ocrx_word' id='word_1_86' title='bbox 578 1897 796 1962; x_wconf 81' lang='lat' dir='ltr'>inhabilitatis</span> <span class='ocrx_word' id='word_1_87' title='bbox 821 1899 863 1962; x_wconf 88' lang='lat' dir='ltr'>ad</span> <span class='ocrx_word' id='word_1_88' title='bbox 885 1899 952 1963; x_wconf 89' lang='lat' dir='ltr'>alia</span> <span class='ocrx_word' id='word_1_89' title='bbox 974 1897 1016 1962; x_wconf 87' lang='lat' dir='ltr'>de</span> <span class='ocrx_word' id='word_1_90' title='bbox 1039 1902 1161 1962; x_wconf 82' lang='lat' dir='ltr'>oaetero</span> <span class='ocrx_word' id='word_1_91' title='bbox 1186 1894 1382 1970; x_wconf 87' lang='lat' dir='ltr'>obtinenda,</span> <span class='ocrx_word' id='word_1_92' title='bbox 1404 1893 1566 1974; x_wconf 81' lang='lat' dir='ltr'>vocisque</span> 
     </span>
     <span class='ocr_line' id='line_1_14' title="bbox 388 2003 1356 2088; baseline 0 -23"><span class='ocrx_word' id='word_1_93' title='bbox 388 2003 507 2066; x_wconf 85' lang='lat' dir='ltr'>activae</span> <span class='ocrx_word' id='word_1_94' title='bbox 523 2009 558 2068; x_wconf 90' lang='lat' dir='ltr'>et</span> <span class='ocrx_word' id='word_1_95' title='bbox 571 2004 715 2088; x_wconf 76' lang='lat' dir='ltr'>passive</span> <span class='ocrx_word' id='word_1_96' title='bbox 732 2006 860 2088; x_wconf 88' lang='lat' dir='ltr'>absque</span> <span class='ocrx_word' id='word_1_97' title='bbox 874 2006 940 2070; x_wconf 89' lang='lat' dir='ltr'>alia</span> <span class='ocrx_word' id='word_1_98' title='bbox 955 2005 1182 2069; x_wconf 89' lang='lat' dir='ltr'>declaratione</span> <span class='ocrx_word' id='word_1_99' title='bbox 1196 2005 1356 2068; x_wconf 87' lang='lat' dir='ltr'>incurrat.</span> 
     </span>
    </p>

    <p class='ocr_par' dir='ltr' id='par_1_4' title="bbox 388 2107 1568 3036">
     <span class='ocr_line' id='line_1_15' title="bbox 428 2107 1568 2196; baseline -0.004 -22"><span class='ocrx_word' id='word_1_100' title='bbox 428 2112 460 2174; x_wconf 71' lang='grc' dir='ltr'>3ο</span> <span class='ocrx_word' id='word_1_101' title='bbox 474 2111 516 2176; x_wconf 90' lang='lat' dir='ltr'>Ut</span> <span class='ocrx_word' id='word_1_102' title='bbox 535 2112 724 2195; x_wconf 90' lang='lat' dir='ltr'>episcopus,</span> <span class='ocrx_word' id='word_1_103' title='bbox 749 2132 810 2177; x_wconf 89' lang='lat' dir='ltr'>seu</span> <span class='ocrx_word' id='word_1_104' title='bbox 830 2115 906 2196; x_wconf 85' lang='lat' dir='ltr'>ejus</span> <span class='ocrx_word' id='word_1_105' title='bbox 921 2113 1078 2188; x_wconf 84' lang='lat' dir='ltr'>vicarius,</span> <span class='ocrx_word' id='word_1_106' title='bbox 1099 2117 1158 2177; x_wconf 88' lang='lat' dir='ltr'>aut</span> <span class='ocrx_word' id='word_1_107' title='bbox 1178 2111 1348 2194; x_wconf 86' lang='lat' dir='ltr'>generalis</span> <span class='ocrx_word' id='word_1_108' title='bbox 1362 2109 1418 2174; x_wconf 86' lang='lat' dir='ltr'>vel</span> <span class='ocrx_word' id='word_1_109' title='bbox 1431 2107 1568 2192; x_wconf 83' lang='lat' dir='ltr'>provin-</span> 
     </span>
     <span class='ocr_line' id='line_1_16' title="bbox 388 2215 1565 2304; baseline -0.007 -20"><span class='ocrx_word' id='word_1_110' title='bbox 388 2219 492 2296; x_wconf 88' lang='lat' dir='ltr'>cialis,</span> <span class='ocrx_word' id='word_1_111' title='bbox 508 2219 566 2283; x_wconf 95' lang='lat' dir='ltr'>ubi</span> <span class='ocrx_word' id='word_1_112' title='bbox 592 2219 632 2284; x_wconf 89' lang='lat' dir='ltr'>de</span> <span class='ocrx_word' id='word_1_113' title='bbox 654 2219 791 2284; x_wconf 88' lang='lat' dir='ltr'>licentia</span> <span class='ocrx_word' id='word_1_114' title='bbox 804 2239 865 2303; x_wconf 87' lang='lat' dir='ltr'>pro</span> <span class='ocrx_word' id='word_1_115' title='bbox 881 2221 1054 2304; x_wconf 87' lang='lat' dir='ltr'>perpetuis</span> <span class='ocrx_word' id='word_1_116' title='bbox 1077 2220 1238 2287; x_wconf 90' lang='lat' dir='ltr'>oneribus</span> <span class='ocrx_word' id='word_1_117' title='bbox 1259 2219 1386 2282; x_wconf 88' lang='lat' dir='ltr'>fuerint</span> <span class='ocrx_word' id='word_1_118' title='bbox 1400 2215 1565 2300; x_wconf 83' lang='lat' dir='ltr'>requisiti,</span> 
     </span>
     <span class='ocr_line' id='line_1_17' title="bbox 389 2327 1568 2411; baseline -0.007 -18"><span class='ocrx_word' id='word_1_119' title='bbox 389 2345 460 2393; x_wconf 92' lang='lat' dir='ltr'>non</span> <span class='ocrx_word' id='word_1_120' title='bbox 473 2332 574 2392; x_wconf 89' lang='lat' dir='ltr'>antea</span> <span class='ocrx_word' id='word_1_121' title='bbox 590 2346 769 2391; x_wconf 85' lang='lat' dir='ltr'>assensum</span> <span class='ocrx_word' id='word_1_122' title='bbox 783 2327 981 2410; x_wconf 84' lang='lat' dir='ltr'>hujusmodi</span> <span class='ocrx_word' id='word_1_123' title='bbox 1004 2346 1044 2393; x_wconf 88' lang='lat' dir='ltr'>ac</span> <span class='ocrx_word' id='word_1_124' title='bbox 1067 2328 1239 2392; x_wconf 78' lang='lat' dir='ltr'>licentiam</span> <span class='ocrx_word' id='word_1_125' title='bbox 1260 2329 1444 2411; x_wconf 75' lang='lat' dir='ltr'>prebeant,</span> <span class='ocrx_word' id='word_1_126' title='bbox 1463 2341 1568 2406; x_wconf 89' lang='lat' dir='ltr'>quam</span> 
     </span>
     <span class='ocr_line' id='line_1_18' title="bbox 390 2429 1567 2517; baseline -0.005 -19"><span class='ocrx_word' id='word_1_127' title='bbox 390 2434 579 2517; x_wconf 90' lang='lat' dir='ltr'>eilegitime</span> <span class='ocrx_word' id='word_1_128' title='bbox 590 2435 781 2499; x_wconf 89' lang='lat' dir='ltr'>constiterit</span> <span class='ocrx_word' id='word_1_129' title='bbox 794 2434 880 2516; x_wconf 82' lang='lat' dir='ltr'>(telis</span> <span class='ocrx_word' id='word_1_130' title='bbox 892 2435 1052 2513; x_wconf 76' lang='lat' dir='ltr'>acclesiae,</span> <span class='ocrx_word' id='word_1_131' title='bbox 1065 2435 1275 2512; x_wconf 88' lang='lat' dir='ltr'>monasterii,</span> <span class='ocrx_word' id='word_1_132' title='bbox 1288 2429 1567 2516; x_wconf 79' lang='lat' dir='ltr'>ete.)sacerdotes</span> 
     </span>
     <span class='ocr_line' id='line_1_19' title="bbox 389 2538 1568 2626; baseline -0.003 -21"><span class='ocrx_word' id='word_1_133' title='bbox 389 2545 460 2606; x_wconf 90' lang='lat' dir='ltr'>tam</span> <span class='ocrx_word' id='word_1_134' title='bbox 474 2561 566 2608; x_wconf 90' lang='lat' dir='ltr'>novo</span> <span class='ocrx_word' id='word_1_135' title='bbox 581 2543 676 2608; x_wconf 89' lang='lat' dir='ltr'>oneri</span> <span class='ocrx_word' id='word_1_136' title='bbox 698 2541 912 2625; x_wconf 89' lang='lat' dir='ltr'>suscipiendo</span> <span class='ocrx_word' id='word_1_137' title='bbox 929 2561 1032 2626; x_wconf 92' lang='lat' dir='ltr'>quam</span> <span class='ocrx_word' id='word_1_138' title='bbox 1049 2543 1196 2626; x_wconf 84' lang='lat' dir='ltr'>antiquis</span> <span class='ocrx_word' id='word_1_139' title='bbox 1208 2545 1281 2626; x_wconf 91' lang='lat' dir='ltr'>jam</span> <span class='ocrx_word' id='word_1_140' title='bbox 1296 2539 1461 2624; x_wconf 89' lang='lat' dir='ltr'>susceptis</span> <span class='ocrx_word' id='word_1_141' title='bbox 1472 2538 1568 2603; x_wconf 89' lang='lat' dir='ltr'>satis-</span> 
     </span>
     <span class='ocr_line' id='line_1_20' title="bbox 389 2645 1567 2734; baseline -0.003 -21"><span class='ocrx_word' id='word_1_142' title='bbox 389 2650 500 2714; x_wconf 86' lang='lat' dir='ltr'>facere</span> <span class='ocrx_word' id='word_1_143' title='bbox 517 2668 633 2732; x_wconf 82' lang='lat' dir='ltr'>posse3</span> <span class='ocrx_word' id='word_1_144' title='bbox 650 2651 924 2734; x_wconf 78' lang='lat' dir='ltr'>praecipuamque</span> <span class='ocrx_word' id='word_1_145' title='bbox 939 2650 1108 2714; x_wconf 89' lang='lat' dir='ltr'>rationem</span> <span class='ocrx_word' id='word_1_146' title='bbox 1125 2651 1275 2715; x_wconf 86' lang='lat' dir='ltr'>habeant</span> <span class='ocrx_word' id='word_1_147' title='bbox 1290 2653 1327 2712; x_wconf 92' lang='lat' dir='ltr'>ut</span> <span class='ocrx_word' id='word_1_148' title='bbox 1341 2648 1493 2712; x_wconf 87' lang='lat' dir='ltr'>redditus</span> <span class='ocrx_word' id='word_1_149' title='bbox 1508 2645 1567 2730; x_wconf 85' lang='lat' dir='ltr'>qui</span> 
     </span>
     <span class='ocr_line' id='line_1_21' title="bbox 391 2754 1568 2840; baseline -0.004 -20"><span class='ocrx_word' id='word_1_150' title='bbox 391 2755 540 2821; x_wconf 87' lang='lat' dir='ltr'>ecclesiis</span> <span class='ocrx_word' id='word_1_151' title='bbox 553 2755 609 2820; x_wconf 88' lang='lat' dir='ltr'>vel</span> <span class='ocrx_word' id='word_1_152' title='bbox 620 2755 703 2821; x_wconf 91' lang='lat' dir='ltr'>locis</span> <span class='ocrx_word' id='word_1_153' title='bbox 715 2757 779 2838; x_wconf 91' lang='lat' dir='ltr'>piis</span> <span class='ocrx_word' id='word_1_154' title='bbox 791 2757 1041 2840; x_wconf 88' lang='lat' dir='ltr'>relinquuntur,</span> <span class='ocrx_word' id='word_1_155' title='bbox 1059 2757 1198 2822; x_wconf 91' lang='lat' dir='ltr'>omnino</span> <span class='ocrx_word' id='word_1_156' title='bbox 1211 2755 1442 2839; x_wconf 85' lang='lat' dir='ltr'>respondeant</span> <span class='ocrx_word' id='word_1_157' title='bbox 1455 2754 1568 2820; x_wconf 90' lang='lat' dir='ltr'>oneri-</span> 
     </span>
     <span class='ocr_line' id='line_1_22' title="bbox 389 2861 1566 2948; baseline -0.002 -22"><span class='ocrx_word' id='word_1_158' title='bbox 389 2863 453 2926; x_wconf 93' lang='lat' dir='ltr'>bus</span> <span class='ocrx_word' id='word_1_159' title='bbox 478 2863 657 2948; x_wconf 86' lang='lat' dir='ltr'>adjunctis,</span> <span class='ocrx_word' id='word_1_160' title='bbox 684 2865 871 2928; x_wconf 90' lang='lat' dir='ltr'>secundum</span> <span class='ocrx_word' id='word_1_161' title='bbox 892 2883 1023 2929; x_wconf 88' lang='lat' dir='ltr'>morem</span> <span class='ocrx_word' id='word_1_162' title='bbox 1050 2867 1216 2948; x_wconf 83' lang='lat' dir='ltr'>cujusque</span> <span class='ocrx_word' id='word_1_163' title='bbox 1238 2863 1383 2927; x_wconf 88' lang='lat' dir='ltr'>civitatis</span> <span class='ocrx_word' id='word_1_164' title='bbox 1410 2861 1466 2926; x_wconf 84' lang='lat' dir='ltr'>vel</span> <span class='ocrx_word' id='word_1_165' title='bbox 1489 2879 1566 2944; x_wconf 88' lang='lat' dir='ltr'>pro-</span> 
     </span>
     <span class='ocr_line' id='line_1_23' title="bbox 389 2969 520 3036; baseline -0.015 0"><span class='ocrx_word' id='word_1_166' title='bbox 389 2969 520 3036; x_wconf 72' lang='lat' dir='ltr'>vincia.</span> 
     </span>
    </p>

    <p class='ocr_par' dir='ltr' id='par_1_5' title="bbox 856 3097 1100 3158">
     <span class='ocr_line' id='line_1_24' title="bbox 856 3097 1100 3158; baseline -0.008 0"><span class='ocrx_word' id='word_1_167' title='bbox 856 3097 1014 3158; x_wconf 83' lang='lat' dir='ltr'>SECTlO</span> <span class='ocrx_word' id='word_1_168' title='bbox 1039 3097 1100 3158; x_wconf 92' lang='lat' dir='ltr'>lll.</span> 
     </span>
    </p>
   </div>
   <div class='ocr_carea' id='block_1_3' title="bbox 641 3248 1315 3316">
    <p class='ocr_par' dir='ltr' id='par_1_6' title="bbox 641 3248 1315 3316">
     <span class='ocr_line' id='line_1_25' title="bbox 641 3248 1315 3316; baseline 0.003 -14"><span class='ocrx_word' id='word_1_169' title='bbox 641 3248 688 3302; x_wconf 81' lang='lat' dir='ltr'>De</span> <span class='ocrx_word' id='word_1_170' title='bbox 707 3249 908 3316; x_wconf 76' lang='lat' dir='ltr'>obligatione</span> <span class='ocrx_word' id='word_1_171' title='bbox 926 3251 970 3302; x_wconf 79' lang='lat' dir='ltr'>ad</span> <span class='ocrx_word' id='word_1_172' title='bbox 986 3249 1140 3302; x_wconf 76' lang='lat' dir='ltr'>divinum</span> <span class='ocrx_word' id='word_1_173' title='bbox 1158 3249 1315 3304; x_wconf 72' lang='lat' dir='ltr'>afflatum.</span> 
     </span>
    </p>
   </div>
   <div class='ocr_carea' id='block_1_4' title="bbox 391 3409 1568 4763">
    <p class='ocr_par' dir='ltr' id='par_1_7' title="bbox 393 3409 1568 3818">
     <span class='ocr_line' id='line_1_26' title="bbox 430 3409 1562 3492; baseline -0.004 -18"><span class='ocrx_word' id='word_1_174' title='bbox 430 3409 525 3474; x_wconf 79' lang='lat' dir='ltr'>Nora.</span> <span class='ocrx_word' id='word_1_175' title='bbox 557 3409 588 3472; x_wconf 85' lang='lat' dir='ltr'>l⁰</span> <span class='ocrx_word' id='word_1_176' title='bbox 610 3409 750 3476; x_wconf 90' lang='lat' dir='ltr'>Nomine</span> <span class='ocrx_word' id='word_1_177' title='bbox 768 3411 877 3475; x_wconf 82' lang='lat' dir='ltr'>divini</span> <span class='ocrx_word' id='word_1_178' title='bbox 895 3411 1003 3492; x_wconf 78' lang='lat' dir='ltr'>officii</span> <span class='ocrx_word' id='word_1_179' title='bbox 1023 3410 1077 3474; x_wconf 87' lang='lat' dir='ltr'>hic</span> <span class='ocrx_word' id='word_1_180' title='bbox 1098 3410 1242 3474; x_wconf 89' lang='lat' dir='ltr'>veniunt</span> <span class='ocrx_word' id='word_1_181' title='bbox 1264 3410 1356 3474; x_wconf 76' lang='lat' dir='ltr'>horae</span> <span class='ocrx_word' id='word_1_182' title='bbox 1376 3409 1562 3484; x_wconf 60' lang='lat' dir='ltr'>canonica»,</span> 
     </span>
     <span class='ocr_line' id='line_1_27' title="bbox 393 3516 1567 3608; baseline -0.003 -27"><span class='ocrx_word' id='word_1_183' title='bbox 393 3536 468 3601; x_wconf 86' lang='lat' dir='ltr'>quae</span> <span class='ocrx_word' id='word_1_184' title='bbox 480 3536 502 3582; x_wconf 88' lang='lat' dir='ltr'>a</span> <span class='ocrx_word' id='word_1_185' title='bbox 514 3516 643 3582; x_wconf 89' lang='lat' dir='ltr'>clericis</span> <span class='ocrx_word' id='word_1_186' title='bbox 666 3518 888 3608; x_wconf 73' lang='lat' dir='ltr'>etreligiosia</span> <span class='ocrx_word' id='word_1_187' title='bbox 907 3537 950 3583; x_wconf 77' lang='lat' dir='ltr'>en</span> <span class='ocrx_word' id='word_1_188' title='bbox 963 3518 1117 3584; x_wconf 71' lang='lat' dir='ltr'>Ecclesia</span> <span class='ocrx_word' id='word_1_189' title='bbox 1132 3522 1340 3601; x_wconf 87' lang='lat' dir='ltr'>pervetusta,</span> <span class='ocrx_word' id='word_1_190' title='bbox 1364 3535 1434 3582; x_wconf 92' lang='lat' dir='ltr'>nou</span> <span class='ocrx_word' id='word_1_191' title='bbox 1454 3516 1567 3582; x_wconf 91' lang='lat' dir='ltr'>solum</span> 
     </span>
     <span class='ocr_line' id='line_1_28' title="bbox 393 3624 1568 3710; baseline -0.001 -23"><span class='ocrx_word' id='word_1_192' title='bbox 393 3624 518 3708; x_wconf 78' lang='lat' dir='ltr'>Pelagii</span> <span class='ocrx_word' id='word_1_193' title='bbox 532 3644 628 3709; x_wconf 86' lang='lat' dir='ltr'>papae</span> <span class='ocrx_word' id='word_1_194' title='bbox 643 3627 727 3708; x_wconf 86' lang='lat' dir='ltr'>(can.</span> <span class='ocrx_word' id='word_1_195' title='bbox 744 3629 774 3704; x_wconf 90' lang='lat' dir='ltr'>l,</span> <span class='ocrx_word' id='word_1_196' title='bbox 801 3627 877 3692; x_wconf 89' lang='lat' dir='ltr'>dist.</span> <span class='ocrx_word' id='word_1_197' title='bbox 894 3627 955 3709; x_wconf 87' lang='grc'><strong>91),</strong></span> <span class='ocrx_word' id='word_1_198' title='bbox 973 3627 1033 3691; x_wconf 90' lang='lat' dir='ltr'>sed</span> <span class='ocrx_word' id='word_1_199' title='bbox 1051 3625 1237 3710; x_wconf 90' lang='lat' dir='ltr'>apostolica</span> <span class='ocrx_word' id='word_1_200' title='bbox 1256 3625 1469 3689; x_wconf 87' lang='lat' dir='ltr'>institutione</span> <span class='ocrx_word' id='word_1_201' title='bbox 1484 3624 1568 3687; x_wconf 87' lang='lat' dir='ltr'>reci-</span> 
     </span>
     <span class='ocr_line' id='line_1_29' title="bbox 394 3732 1354 3818; baseline -0.004 -22"><span class='ocrx_word' id='word_1_202' title='bbox 394 3737 518 3797; x_wconf 88' lang='lat' dir='ltr'>tantur.</span> <span class='ocrx_word' id='word_1_203' title='bbox 535 3733 749 3798; x_wconf 82' lang='lat' dir='ltr'>Deficiuntur</span> <span class='ocrx_word' id='word_1_204' title='bbox 761 3735 797 3798; x_wconf 91' lang='lat' dir='ltr'>in</span> <span class='ocrx_word' id='word_1_205' title='bbox 812 3733 925 3800; x_wconf 87' lang='lat' dir='ltr'>Const.</span> <span class='ocrx_word' id='word_1_206' title='bbox 942 3739 1049 3818; x_wconf 88' lang='lat' dir='ltr'>apost.</span> <span class='ocrx_word' id='word_1_207' title='bbox 1068 3735 1100 3818; x_wconf 85' lang='lat' dir='ltr'>(l.</span> <span class='ocrx_word' id='word_1_208' title='bbox 1118 3732 1198 3808; x_wconf 90' lang='lat' dir='ltr'>Vlll‚</span> <span class='ocrx_word' id='word_1_209' title='bbox 1212 3732 1354 3815; x_wconf 87' lang='lat' dir='ltr'>eap30).</span> 
     </span>
    </p>

    <p class='ocr_par' dir='ltr' id='par_1_8' title="bbox 391 3839 1568 4763">
     <span class='ocr_line' id='line_1_30' title="bbox 432 3839 1567 3924; baseline -0.002 -20"><span class='ocrx_word' id='word_1_210' title='bbox 432 3841 465 3903; x_wconf 65' lang='lat'>2⁰</span> <span class='ocrx_word' id='word_1_211' title='bbox 486 3839 623 3924; x_wconf 86' lang='lat' dir='ltr'>Septem</span> <span class='ocrx_word' id='word_1_212' title='bbox 643 3846 723 3905; x_wconf 90' lang='lat' dir='ltr'>sunt</span> <span class='ocrx_word' id='word_1_213' title='bbox 745 3842 837 3906; x_wconf 86' lang='lat' dir='ltr'>horae</span> <span class='ocrx_word' id='word_1_214' title='bbox 862 3841 1044 3906; x_wconf 76' lang='lat' dir='ltr'>canonica.</span> <span class='ocrx_word' id='word_1_215' title='bbox 1068 3839 1303 3921; x_wconf 81' lang='lat' dir='ltr'>Congruentiae</span> <span class='ocrx_word' id='word_1_216' title='bbox 1324 3839 1416 3902; x_wconf 90' lang='lat' dir='ltr'>illius</span> <span class='ocrx_word' id='word_1_217' title='bbox 1432 3839 1567 3903; x_wconf 90' lang='lat' dir='ltr'>numeri</span> 
     </span>
     <span class='ocr_line' id='line_1_31' title="bbox 393 3945 1568 4032; baseline -0.002 -20"><span class='ocrx_word' id='word_1_218' title='bbox 393 3947 495 4012; x_wconf 68' lang='lat' dir='ltr'>vanae</span> <span class='ocrx_word' id='word_1_219' title='bbox 510 3948 706 4012; x_wconf 84' lang='lat' dir='ltr'>afferantur.</span> <span class='ocrx_word' id='word_1_220' title='bbox 720 3949 786 4012; x_wconf 91' lang='lat' dir='ltr'>Viri</span> <span class='ocrx_word' id='word_1_221' title='bbox 798 3949 916 4032; x_wconf 86' lang='lat' dir='ltr'>sancti,</span> <span class='ocrx_word' id='word_1_222' title='bbox 931 3948 1100 4024; x_wconf 70' lang='lat' dir='ltr'>athesin,</span> <span class='ocrx_word' id='word_1_223' title='bbox 1116 3945 1244 4023; x_wconf 87' lang='lat' dir='ltr'>Daniel,</span> <span class='ocrx_word' id='word_1_224' title='bbox 1260 3951 1336 4023; x_wconf 75' lang='lat' dir='ltr'>etc,</span> <span class='ocrx_word' id='word_1_225' title='bbox 1349 3947 1568 4012; x_wconf 88' lang='lat' dir='ltr'>hocnumero</span> 
     </span>
     <span class='ocr_line' id='line_1_32' title="bbox 392 4053 1568 4140; baseline -0.003 -21"><span class='ocrx_word' id='word_1_226' title='bbox 392 4056 654 4140; x_wconf 84' lang='lat' dir='ltr'>frequentabant</span> <span class='ocrx_word' id='word_1_227' title='bbox 681 4057 892 4133; x_wconf 83' lang='lat' dir='ltr'>oraticnem3</span> <span class='ocrx_word' id='word_1_228' title='bbox 921 4055 1043 4120; x_wconf 89' lang='lat' dir='ltr'>deinde</span> <span class='ocrx_word' id='word_1_229' title='bbox 1071 4055 1126 4119; x_wconf 92' lang='lat' dir='ltr'>ille</span> <span class='ocrx_word' id='word_1_230' title='bbox 1155 4073 1320 4118; x_wconf 87' lang='lat' dir='ltr'>numerus</span> <span class='ocrx_word' id='word_1_231' title='bbox 1354 4053 1568 4138; x_wconf 86' lang='lat' dir='ltr'>septenarius</span> 
     </span>
     <span class='ocr_line' id='line_1_33' title="bbox 391 4161 1566 4246; baseline -0.001 -21"><span class='ocrx_word' id='word_1_232' title='bbox 391 4168 614 4246; x_wconf 84' lang='lat' dir='ltr'>repraesentat</span> <span class='ocrx_word' id='word_1_233' title='bbox 628 4168 760 4245; x_wconf 88' lang='lat' dir='ltr'>septem</span> <span class='ocrx_word' id='word_1_234' title='bbox 769 4163 840 4228; x_wconf 89' lang='lat' dir='ltr'>dies</span> <span class='ocrx_word' id='word_1_235' title='bbox 851 4164 1041 4240; x_wconf 88' lang='lat' dir='ltr'>creationis,</span> <span class='ocrx_word' id='word_1_236' title='bbox 1053 4167 1185 4246; x_wconf 89' lang='lat' dir='ltr'>septem</span> <span class='ocrx_word' id='word_1_237' title='bbox 1196 4162 1285 4227; x_wconf 90' lang='lat' dir='ltr'>dona</span> <span class='ocrx_word' id='word_1_238' title='bbox 1295 4163 1437 4244; x_wconf 87' lang='lat' dir='ltr'>Spiritus</span> <span class='ocrx_word' id='word_1_239' title='bbox 1447 4161 1566 4234; x_wconf 85' lang='lat' dir='ltr'>sancti,</span> 
     </span>
     <span class='ocr_line' id='line_1_34' title="bbox 393 4268 1566 4354; baseline -0.002 -20"><span class='ocrx_word' id='word_1_240' title='bbox 393 4275 524 4354; x_wconf 85' lang='lat' dir='ltr'>septem</span> <span class='ocrx_word' id='word_1_241' title='bbox 539 4275 656 4334; x_wconf 75' lang='lat' dir='ltr'>aetates</span> <span class='ocrx_word' id='word_1_242' title='bbox 671 4270 801 4347; x_wconf 90' lang='lat' dir='ltr'>mundi,</span> <span class='ocrx_word' id='word_1_243' title='bbox 819 4276 951 4354; x_wconf 86' lang='lat' dir='ltr'>septem</span> <span class='ocrx_word' id='word_1_244' title='bbox 966 4271 1186 4353; x_wconf 87' lang='lat' dir='ltr'>repetitiones</span> <span class='ocrx_word' id='word_1_245' title='bbox 1202 4269 1364 4334; x_wconf 88' lang='lat' dir='ltr'>orationis</span> <span class='ocrx_word' id='word_1_246' title='bbox 1376 4268 1566 4343; x_wconf 73' lang='lat' dir='ltr'>dominicae,</span> 
     </span>
     <span class='ocr_line' id='line_1_35' title="bbox 393 4375 1567 4461; baseline -0.002 -21"><span class='ocrx_word' id='word_1_247' title='bbox 393 4381 523 4458; x_wconf 88' lang='lat' dir='ltr'>septem</span> <span class='ocrx_word' id='word_1_248' title='bbox 546 4378 716 4460; x_wconf 69' lang='lat' dir='ltr'>praecipua</span> <span class='ocrx_word' id='word_1_249' title='bbox 737 4377 899 4461; x_wconf 89' lang='lat' dir='ltr'>mysteria</span> <span class='ocrx_word' id='word_1_250' title='bbox 919 4377 1087 4461; x_wconf 82' lang='lat' dir='ltr'>passionis</span> <span class='ocrx_word' id='word_1_251' title='bbox 1109 4375 1240 4440; x_wconf 85' lang='lat' dir='ltr'>Christi.</span> <span class='ocrx_word' id='word_1_252' title='bbox 1269 4375 1352 4439; x_wconf 82' lang='lat' dir='ltr'>Vide</span> <span class='ocrx_word' id='word_1_253' title='bbox 1372 4375 1567 4440; x_wconf 86' lang='lat' dir='ltr'>rubricistas</span> 
     </span>
     <span class='ocr_line' id='line_1_36' title="bbox 393 4483 1568 4568; baseline 0.002 -22"><span class='ocrx_word' id='word_1_254' title='bbox 393 4483 504 4566; x_wconf 90' lang='lat' dir='ltr'>quoad</span> <span class='ocrx_word' id='word_1_255' title='bbox 518 4485 627 4566; x_wconf 90' lang='lat' dir='ltr'>ipsam</span> <span class='ocrx_word' id='word_1_256' title='bbox 650 4485 885 4550; x_wconf 87' lang='lat' dir='ltr'>recitationem</span> <span class='ocrx_word' id='word_1_257' title='bbox 909 4485 1082 4562; x_wconf 88' lang='lat' dir='ltr'>horarum,</span> <span class='ocrx_word' id='word_1_258' title='bbox 1109 4501 1171 4549; x_wconf 88' lang='lat' dir='ltr'>seu</span> <span class='ocrx_word' id='word_1_259' title='bbox 1194 4483 1306 4568; x_wconf 88' lang='lat' dir='ltr'>quoad</span> <span class='ocrx_word' id='word_1_260' title='bbox 1333 4487 1478 4565; x_wconf 89' lang='lat' dir='ltr'>tempus,</span> <span class='ocrx_word' id='word_1_261' title='bbox 1495 4499 1568 4548; x_wconf 91' lang='lat' dir='ltr'>mo-</span> 
     </span>
     <span class='ocr_line' id='line_1_37' title="bbox 393 4591 1565 4669; baseline 0.002 -15"><span class='ocrx_word' id='word_1_262' title='bbox 393 4591 627 4668; x_wconf 81' lang='lat' dir='ltr'>domincum,</span> <span class='ocrx_word' id='word_1_263' title='bbox 648 4597 724 4669; x_wconf 81' lang='lat' dir='ltr'>eto,</span> <span class='ocrx_word' id='word_1_264' title='bbox 746 4593 910 4658; x_wconf 88' lang='lat' dir='ltr'>recitandi</span> <span class='ocrx_word' id='word_1_265' title='bbox 938 4593 1093 4658; x_wconf 82' lang='lat' dir='ltr'>divinum</span> <span class='ocrx_word' id='word_1_266' title='bbox 1113 4592 1279 4668; x_wconf 87' lang='lat' dir='ltr'>officium,</span> <span class='ocrx_word' id='word_1_267' title='bbox 1301 4591 1373 4656; x_wconf 88' lang='lat' dir='ltr'>sive</span> <span class='ocrx_word' id='word_1_268' title='bbox 1395 4591 1430 4655; x_wconf 92' lang='lat' dir='ltr'>in</span> <span class='ocrx_word' id='word_1_269' title='bbox 1449 4591 1565 4666; x_wconf 86' lang='lat' dir='ltr'>choro,</span> 
     </span>
     <span class='ocr_line' id='line_1_38' title="bbox 394 4699 744 4763; baseline -0.003 0"><span class='ocrx_word' id='word_1_270' title='bbox 394 4699 465 4763; x_wconf 88' lang='lat' dir='ltr'>sive</span> <span class='ocrx_word' id='word_1_271' title='bbox 482 4705 577 4763; x_wconf 84' lang='lat' dir='ltr'>extra</span> <span class='ocrx_word' id='word_1_272' title='bbox 591 4699 744 4763; x_wconf 91' lang='lat' dir='ltr'>chorum.</span> 
     </span>
    </p>
   </div>
   <div class='ocr_carea' id='block_1_5' title="bbox 0 0 1756 5568">
    <p class='ocr_par' dir='ltr' id='par_1_9' title="bbox 0 0 1756 5568">
     <span class='ocr_line' id='line_1_39' title="bbox 0 0 1756 5568; baseline 0 0"><span class='ocrx_word' id='word_1_273' title='bbox 0 0 1756 5568; x_wconf 95' lang='lat' dir='ltr'> </span> 
     </span>
    </p>
   </div>
  </div>
 </body>
</html>
