3488 5568
557 531 645 578 biania
665 531 792 580 TERTIUS
812 531 1034 579 onomatica.

466 721 508 772 lv.
527 717 664 785 obligatio
678 718 841 773 celebrandi
858 719 969 774 ratione
983 719 1125 786 stipendii.

250 872 282 952 cl
298 870 361 936 Pr'o
373 869 599 936 celebratione
614 869 729 936 missae
745 869 817 934 siva
833 869 1058 952 applicatione
1073 871 1204 936 fructus
1219 873 1385 954 sacrificii,

175 997 176 1006 ¹
209 977 299 1062 exigi
320 985 355 1044 et
368 979 474 1062 accipi
490 979 582 1044 valet
599 983 691 1044 certa
709 981 743 1044 et
757 977 983 1043 determinata
1001 979 1156 1061 pecunia,
1177 979 1232 1046 vel
1250 981 1319 1048 atta
1330 999 1387 1050 ru

209 1087 415 1172 temporalis.
433 1089 464 1151 1⁰
477 1087 1385 1170 Pmunianenaxliibaturetmptnturataastimatio

206 1197 338 1261 ductus
350 1197 505 1262 semidoii
517 1198 644 1279 atejus
659 1194 913 1278 applicationis;
930 1213 998 1279 quo
1023 1213 1105 1261 casu
1130 1198 1280 1281 receptio
1296 1203 1389 1264 esset
1424 1233 1427 1242 ι

209 1305 403 1381 simoniaca,
420 1309 456 1369 et
469 1309 633 1388 tanquam
649 1303 725 1368 talis
738 1303 1194 1383 damnaturaconoilio'lol.,
1205 1309 1229 1369 t.
1244 1306 1297 1382 lll,
1309 1325 1338 1372 c.
1353 1308 1384 1372 8.

207 1411 392 1477 Exhibetur
401 1413 617 1479 solummodo
626 1415 661 1478 et
670 1415 865 1497 acceptatur
874 1415 1038 1496 mnquam
1045 1412 1253 1497 stipendium
1265 1414 1386 1490 debitae

209 1521 475 1586 sustentationis.
493 1520 597 1586 Porro
613 1519 821 1603 stipendium
837 1519 1095 1585 sustentationis
1114 1521 1282 1586 sacerdoti
1295 1522 1387 1588 dehi-

208 1633 281 1692 tum
297 1633 349 1692 est
359 1631 437 1711 J‘ure
455 1627 892 1712 divin0·etnaturali,juxta
907 1628 939 1691 S.
956 1627 1098 1694 Paulum
1109 1629 1133 1714 (l
1150 1630 1238 1706 Cor,
1255 1651 1297 1706 rx,
1315 1631 1385 1713 ill:

209 1761 224 1796 ι(
241 1736 274 1802 Si
284 1727 349 1801 nos
362 1737 461 1801 vobis
474 1735 661 1821 spiritualia
676 1735 933 1812 seminavimus,
948 1753 1114 1818 magnum
1129 1739 1224 1804 est'si
1239 1755 1304 1804 nos
1318 1755 1387 1804 car-

206 1843 296 1910 nalia
310 1849 425 1909 vestra
439 1847 632 1910 metamus?
648 1869 663 1902 a
680 1843 746 1909 Sed

244 1954 277 2017 p.
291 1953 396 2031 Quale
411 1953 619 2037 stipendium
629 1956 766 2036 justum
776 1953 820 2018 sit
827 1971 889 2037 pro
898 1953 1000 2018 unius
1009 1954 1124 2021 missae
1134 1956 1386 2024 celebratione?

204 2061 305 2128 Juxta
318 2062 445 2146 plures,
462 2062 545 2127 illud
561 2062 770 2144 stipendium
785 2067 877 2128 esset
891 2065 1026 2146 J‘ustum
1040 2065 1131 2148 quod
1154 2065 1298 2148 integras
1314 2085 1386 2132 sus-

207 2173 385 2239 tentationi
394 2171 647 2254 saoerdotispro
661 2171 762 2238 unico
778 2172 832 2237 die
847 2173 1029 2251 sufficeret,
1043 2174 1132 2258 quia,
1144 2177 1245 2258 juxta
1256 2176 1288 2240 S.
1301 2177 1386 2242 Pau-

204 2279 277 2346 lum
293 2302 300 2344 ε
316 2307 332 2340 «
349 2282 411 2358 Qui
426 2282 523 2346 altari
535 2282 651 2358 servit,
669 2282 772 2347 etiam
787 2281 904 2346 vivere
922 2281 1023 2348 debet
1045 2283 1087 2348 de
1104 2283 1201 2349 altari
1218 2305 1226 2362 ;
1244 2310 1260 2342 s
1282 2303 1384 2368 porro

205 2389 363 2454 sacerdos
376 2389 519 2472 singulis
534 2389 653 2455 diebus
670 2389 770 2454 unico
786 2389 949 2454 sacrificio
963 2389 1129 2456 inservire
1144 2391 1241 2457 altari
1257 2395 1381 2474 potest.

204 2498 268 2562 Alii
281 2502 402 2582 putant
414 2499 570 2563 suiiicere
584 2497 733 2563 mediam
749 2497 805 2563 vel
820 2498 956 2562 tertiam
974 2502 1106 2579 partem
1126 2481 1393 2566 sustentationis

205 2605 294 2670 illius
305 2606 382 2682 diei,
400 2605 466 2670 nisi
477 2605 569 2669 aliud
591 2607 705 2687 exigat
726 2605 842 2689 inopia
860 2605 1056 2684 sacerdotis,
1083 2607 1162 2691 quia
1175 2607 1271 2673 labor
1284 2609 1385 2673 semi-

203 2716 296 2779 horae
313 2714 361 2778 sic
371 2713 578 2778 sufficienter
591 2719 842 2798 compausatur.
860 2713 1045 2798 Episcopus
1055 2720 1183 2798 posset,
1198 2733 1260 2798 pre
1275 2715 1384 2782 diver-

205 2805 303 2888 sitate
325 2822 667 2898 circumstantiarum,
695 2841 800 2888 unam
829 2826 888 2886 aut
915 2823 1059 2888 alteram
1087 2823 1294 2890 sententiam
1321 2842 1384 2906 pro

204 2931 322 3012 regula
331 2930 456 2996 habere
465 2932 500 2995 in
508 2933 681 2996 taxatione
693 2931 852 3014 stipendii
861 2931 1054 2996 missarum.
1068 2931 1384 2998 Praetieestandum

205 3043 257 3102 est
272 3039 340 3121 legi
354 3039 410 3103 vel
421 3039 749 3123 consuetudinique
760 3039 969 3122 stipendium
981 3039 1119 3105 ‘taxavit
1135 3041 1204 3104 Lex
1214 3041 1383 3124 ejusmodi

204 3147 258 3212 vel
280 3149 494 3214 consuetudo
519 3153 572 3214 est
591 3149 755 3231 legitime,
779 3153 814 3213 et
830 3149 1037 3214 determinat
1056 3149 1090 3214 id
1112 3149 1203 3233 quod
1222 3169 1265 3215 ex
1286 3155 1383 3233 parte

204 3257 361 3340 stipendii
382 3258 566 3323 missarum
583 3257 673 3339 exigi
694 3262 812 3340 posset
832 3258 876 3322 ad
896 3259 1078 3324 honestam
1096 3259 1382 3351 sustentationem

204 3365 428 3430 sacerdotum.
448 3365 535 3428 Olim
550 3365 705 3429 nonnulli
726 3365 786 3429 ἸὝ.
812 3365 1002 3431 docuerunt
1021 3365 1234 3431 sacerdotem
1256 3385 1382 3449 paupe-

203 3491 287 3549 rem,
299 3491 360 3556 pro
372 3474 552 3538 unamissa
567 3477 601 3538 et
614 3473 838 3556 applicatione
852 3475 982 3538 fructus
996 3493 1039 3539 ex
1052 3491 1102 3550 ea,
1119 3491 1220 3556 posse
1228 3474 1380 3556 accipere

203 3579 300 3662 plura
315 3579 483 3663 stipendia
495 3599 571 3664 quae
587 3581 688 3644 simul
702 3585 839 3664 sumpta
856 3599 1016 3662 congruae
1041 3581 1298 3645 sustentationis
1322 3581 1380 3643 sti-

203 3688 366 3771 pendium
380 3707 450 3754 non
463 3689 639 3754 excedant.
661 3688 726 3753 Sed
739 3689 812 3754 haec
831 3690 1002 3754 sententia
1020 3689 1085 3753 fuit
1106 3687 1243 3772 penitus
1264 3706 1379 3771 repro-

203 3796 326 3861 bataS.
343 3795 466 3878 Gongr.
484 3795 583 3860 Gonc.
601 3795 748 3871 decreto,
766 3797 808 3860 ab
823 3795 957 3861 Urbano
973 3795 1043 3860 Vlll
1057 3801 1091 3861 et
1106 3795 1220 3861 Innoc.
1231 3793 1299 3872 llll,
1318 3814 1379 3932 per

203 3921 301 3968 suam
315 3909 423 3969 const
441 3904 503 3986 loJ·
507 3923 560 3968 an.
578 3903 668 3978 liar,
686 3905 883 3988 approbato.
901 3903 1028 3969 Tamen

241 4012 1380 4098 3⁰laxanseJusmodmunqusmimpedrqu1nmsJusst1pend1um

202 4121 341 4188 concedi
356 4121 464 4204 possit
478 4139 499 4186 a
513 4119 715 4186 sacrificium
727 4121 931 4203 petentibus.
946 4121 1168 4188 Liberalitatis
1181 4123 1299 4187 titulus
1310 4141 1380 4187 non

203 4228 332 4294 tollitur
343 4247 404 4311 per
417 4227 531 4310 legem
555 4227 723 4311 stipendia
746 4227 1042 4294 determinantem.
1072 4229 1121 4293 Ex
1137 4229 1244 4295 altera
1270 4234 1377 4314 parte,

203 4337 323 4402 eadem
335 4335 462 4402 taxatio
474 4353 543 4400 non
559 4336 661 4400 eitlcit
676 4339 714 4399 ut
726 4336 842 4402 minus
862 4337 994 4402 admitti
1014 4355 1035 4403 a
1057 4337 1232 4404 sacerdote
1256 4337 1379 4432 sacriti-

201 4447 300 4510 cante
315 4461 385 4508 non
398 4444 516 4526 possit,
533 4443 612 4510 licet
598 4443 915 4527 tprudentiaexiga
915 4446 1177 4527 tutgeueratim
1186 4445 1379 4512 minusnon

202 4552 411 4628 admittatur,
422 4569 465 4616 ne
479 4550 663 4616 liberalitas
674 4552 775 4616 unius
786 4552 972 4619 sacerdotis
983 4553 1123 4637 vergat
1114 4572 1150 4618 m
1163 4551 1380 4637 dispendium

202 4660 358 4736 aliorum,
378 4679 436 4746 qur
426 4659 600 4726 avaritiae
615 4659 902 4737 insimularentur.
