3296 6630
381 491 464 536 snnrs
486 488 671 536 nrosrourcn
693 489 827 534 nncnnrn
849 487 885 532 rc
907 485 1158 532 nncnnnnrronaa
1196 527 1202 538 ,
1302 468 1358 532 001

178 611 287 670 indixit
300 607 461 668 concilium
480 605 704 674 tridentinum
721 605 805 664 nulla
822 611 920 663 tamen
941 603 1077 677 injuncta
1090 603 1206 662 videtur
1222 602 1360 662 inhabili-

181 709 225 760 tas
241 701 278 760 ad
295 699 441 758 beneficia
454 697 669 770 consequenda
682 694 791 766 110001.)

215 792 318 850 sixtus
333 794 367 856 V,
384 791 469 846 Pont.
486 791 574 854 llam,
589 785 685 844 voluit
700 791 733 842 ut
746 784 869 842 nonnisi
885 783 1003 842 clericis
1019 789 1087 844 actu
1104 784 1313 842 incedentibus
1329 785 1358 842 in

178 881 281 940 babitu
303 877 432 938 clericali
456 883 486 935 et
508 883 642 946 lonsma,
664 875 810 934 beneficia
823 889 1022 948 quaecumque
1045 875 1239 934 conferantur
1260 875 1358 946 (laid,

120 1009 123 1016 -
178 971 270 1044 ger).

214 1059 289 1120 lline
303 1060 412 1118 docent
426 1059 574 1128 doctores,
589 1057 670 1132 quod
690 1057 770 1116 sicut
788 1061 920 1128 tempore
939 1053 1182 1128 praesentationis
1199 1053 1359 1130 clericatus

177 1167 237 1210 nou
257 1149 429 1224 requiritur,
453 1149 495 1207 ila
514 1163 570 1206 nec
589 1147 753 1220 requiritur
776 1151 809 1204 ul
828 1150 1028 1218 presentatus
1048 1145 1081 1202 in
1100 1144 1203 1204 habitu
1229 1145 1358 1204 clericali

178 1241 306 1309 incedat,
327 1239 380 1298 sed
400 1239 564 1312 requiritur
585 1241 718 1310 tempore
740 1235 920 1306 collationis,
944 1249 1013 1294 cum
1034 1249 1052 1292 a
1072 1239 1205 1306 tempore
1227 1248 1288 1307 quo
1306 1234 1359 1308 jus

177 1329 266 1389 lubet
279 1329 315 1388 ad
332 1327 523 1398 beneficium,
540 1331 676 1386 tenemur
691 1325 793 1385 statim
807 1324 942 1384 habitum
955 1339 1112 1384 assumere
1126 1324 1232 1397 (leid).

421 1534 451 1584 ll.
470 1531 519 1583 Ito
535 1530 764 1596 negotiatione
781 1528 913 1582 olor-tols
928 1527 1120 1580 tuterdtotn.
1209 1498 1213 1508 ¹

213 1687 350 1760 Praecipit
372 1684 535 1760 Apostolus
559 1691 593 1743 nt
613 1699 702 1743 nemo
724 1683 858 1742 militans
878 1686 938 1741 Deo
960 1697 992 1742 se
1009 1681 1141 1758 negotiis
1161 1682 1359 1742 saecularibus

176 1777 309 1849 implicet
325 1774 455 1846 (neren,
470 1776 566 1849 ljun.
584 1777 663 1844 1708,
679 1775 696 1848 5
713 1775 766 1849 10).

211 1869 325 1927 Idcirco
348 1867 466 1927 clericis
484 1873 514 1926 et
536 1867 704 1942 religiosiS,
726 1867 757 1926 in
782 1873 894 1927 sortem
919 1867 1036 1927 bomini
1059 1867 1188 1936 vocatis,
1211 1873 1243 1925 ut
1268 1867 1359 1926 rebus

136 2038 137 2042 Ἰ
176 1964 282 2018 vacent
297 1957 420 2028 divinis,
436 1958 565 2016 orationi
581 1963 611 2016 et
627 1959 798 2018 animarum
816 1959 918 2028 saluti,
937 1959 1015 2018 sacri
1034 1972 1167 2017 canones
1186 1957 1272 2016 enixe
1291 1972 1360 2029 pro-

176 2049 340 2108 hibuerunt
362 2064 400 2107 ne
421 2047 513 2108 rebus
533 2046 749 2120 temporalibus
771 2063 807 2108 ac
827 2049 1084 2124 negotiationibus
1105 2047 1182 2106 lucri
1208 2061 1302 2106 causa
1326 2061 1359 2104 sc

177 2137 367 2197 immisceant
381 2137 489 2212 (10011.)

212 2229 309 2296 Quare
330 2227 446 2284 Summi
465 2225 636 2296 Pontifices,
657 2240 814 2286 sacrorum
834 2241 986 2287 canonum
1008 2226 1152 2286 custodes
1169 2232 1198 2284 et
1213 2225 1358 2292 uindices,

177 2315 290 2390 saepius
304 2316 340 2375 ad
356 2315 505 2376 tollendos
520 2316 635 2376 abusus
650 2317 787 2376 exercite
802 2317 1028 2392 negotiationis,
1044 2317 1209 2390 prasertim
1224 2316 1254 2372 10
1271 2329 1359 2387 regu-

177 2403 302 2474 laribus,
323 2410 484 2464 vetuerunt
504 2420 727 2480 quamcumque
748 2412 946 2464 mercaturam
969 2421 1023 2465 seu
1047 2404 1280 2480 negotiationem
1301 2402 1359 2462 sub

178 2493 275 2566 poenis
293 2508 490 2552 censurarum
507 2493 613 2569 (10011.)

213 2581 330 2652 Clerici,
346 2583 512 2642 secuudum
532 2584 663 2658 aliquos,
682 2585 829 2660 negotiari
848 2585 950 2644 valent
968 2601 1020 2659 per
1040 2585 1126 2656 alios,
1143 2589 1173 2642 et
1192 2584 1267 2641 inire
1288 2598 1357 2640 con·
1422 2625 1425 2632 .

179 2676 291 2731 tractus
320 2673 352 2730 in
382 2673 494 2748 quibus
524 2689 645 2748 operam
675 2679 820 2748 prestant
846 2675 933 2744 laici;
964 2675 1016 2734 sed
1045 2674 1228 2734 contrarium
1258 2671 1358 2731 rerlus

177 2761 315 2834 (Amne,
332 2767 367 2822 20
381 2763 455 2822 lebr.
476 2767 555 2836 rrae,
571 2765 588 2838 5
602 2765 641 2838 8).

212 2851 261 2909 Eis
277 2867 347 2911 vero
362 2853 487 2912 omuino
498 2853 656 2914 interdicta
670 2862 744 2914 sunt
758 2855 875 2915 cambia
891 2855 989 2928 (10110,
1005 2856 1022 2929 5
1036 2856 1076 2926 1).

211 2940 316 3000 Clerici
331 2943 533 3017 negotiatores
554 2944 710 3017 privantur
723 2945 808 3004 lucro
826 2949 967 3018 percepto
982 2961 1019 3004 ex
1038 2943 1252 3020 negotiatione,
1272 2943 1359 3002 illud-

175 3045 235 3103 que
250 3033 417 3106 applicatur
432 3035 561 3093 Camere
576 3035 750 3108 apostolica
764 3035 854 3108 spolii
870 3035 982 3109 libid),

212 3125 246 3179 Et
261 3122 411 3195 spirituali
429 3124 604 3184 alliciuntur
618 3141 709 3199 poena
728 3125 1050 3186 excommunicationis
1065 3126 1132 3184 letae
1148 3124 1304 3185 sententiae
1323 3141 1358 3182 ac

176 3212 391 3285 suspensionis
407 3213 550 3273 adirinis
565 3215 672 3288 (10101.)

211 3300 302 3358 Licita
322 3315 392 3359 vero
419 3302 582 3374 acquirunt
599 3309 630 3362 et
650 3303 781 3362 retinent
801 3304 947 3378 quidquid
970 3319 1008 3362 ex
1028 3302 1117 3361 bonis
1147 3303 1359 3374 patrimoniali-

175 3387 243 3458 bus,
254 3388 453 3462 eleemosynis
468 3390 642 3461 missarum,
657 3392 828 3465 artiumque
841 3392 1010 3451 liberalium
1021 3391 1182 3464 stipendiis
1197 3391 1359 3464 acquirunt

177 3476 276 3549 (ltin,
291 3477 308 3550 5
323 3477 361 3550 8).

212 3564 344 3624 Clericus
368 3567 420 3641 qui
444 3583 460 3626 a
482 3573 649 3627 mercatura
671 3571 836 3630 exercenda
857 3569 995 3638 recessit,
1010 3568 1201 3642 privilegium
1224 3566 1360 3626 clericale

180 3653 364 3726 recuperarit
378 3655 474 3729 (Eup,
491 3657 576 3727 Cora,
591 3659 607 3712 7
619 3657 676 3730 jul.
692 3663 773 3730 1770,
788 3659 805 3732 5
822 3658 874 3730 10).

212 3741 410 3802 llinisterium
439 3743 550 3802 laicum
579 3744 770 3806 interdictum
798 3752 846 3805 est
872 3761 909 3806 ex
941 3747 1009 3821 jnre
1037 3747 1182 3805 canonico
1211 3745 1357 3805 sacerdoli

177 3830 479 3904 (ripaemezanae,
497 3836 533 3891 20
546 3848 617 3908 aug.
635 3837 715 3906 1789,
729 3837 746 3910 5
761 3837 798 3911 1).

212 3922 327 3995 llegula
345 3923 410 3983 haec
431 3925 577 3984 limitatur
595 3926 626 3984 in
650 3927 768 3986 clericis
790 3927 959 3991 cultoribus
979 3942 1104 3986 suorum
1127 3941 1281 4002 agrorum,
1304 3941 1357 3986 seu

177 4012 414 4073 conductoribus
431 4013 536 4082 uttan

212 4100 302 4158 lllulto
318 4103 417 4176 magis
434 4103 730 4168 administratoribus
745 4119 888 4182 agrorum
903 4106 1178 4166 ecclesiasticorum
1193 4104 1290 4178 (ibid.)

213 4189 344 4248 Permitti
370 4205 431 4248 non
460 4190 571 4252 debent
593 4195 719 4265 cambia,
745 4211 839 4270 quum
864 4197 981 4270 speeies
1009 4197 1072 4256 sint
1093 4199 1270 4254 mercaturae
1292 4209 1359 4267 quae

176 4277 293 4338 clericis
308 4283 338 4336 et
351 4277 492 4338 Ecclesia
505 4279 665 4341 interdicta
678 4288 723 4342 est
737 4285 875 4357 (Comen,
890 4290 923 4343 18
941 4290 1018 4358 sept.
1036 4289 1115 4352 1787,
1128 4285 1145 4356 5
1159 4284 1196 4356 8).

212 4365 263 4423 010
282 4371 317 4423 22
338 4381 406 4423 nor.
428 4372 507 4436 rara,
533 4370 655 4442 quidam
677 4373 843 4432 canonicus
867 4373 986 4446 petebat
1010 4373 1179 4432 facultatem
1201 4371 1358 4430 «exercendi

176 4453 410 4528 negotiationem
432 4456 507 4515 artis
527 4458 640 4530 sericae,
662 4461 778 4520 ratione
793 4461 988 4536 paupertatis.
1008 4464 1036 4520 S·
1053 4465 1162 4536 Congr.
1180 4460 1357 4532 respondit:

177 4548 309 4604 Lectum.

212 4635 296 4696 ,llius
323 4639 488 4697 canonicus
515 4647 703 4702 contraxerat
728 4642 903 4704 animalium
931 4642 1102 4702 societatem
1130 4641 1264 4718 (cbrplel)
1290 4655 1358 4700 curn
