3440 5568
385 545 445 610 662
843 562 895 608 sus
912 559 1092 608 canonicus.

384 681 503 742 incuria
516 681 604 754 plano
626 679 736 756 supina
753 678 890 752 quadam
912 679 1035 738 luerunt
1057 677 1217 738 destructe
1233 677 1347 738 effosso
1360 691 1464 750 muro;
1478 693 1561 754 qum·

384 771 462 830 ritur
479 785 518 830 an
540 769 626 828 novis
647 769 799 838 crucibus,
820 767 887 828 loco
909 771 939 826 et
958 765 1063 825 ordine
1077 765 1245 840 requisitis,
1266 765 1406 840 depictis,
1425 766 1560 841 suppleri

384 859 490 920 debeat
504 859 620 918 illerum
630 857 784 924 unctionis
793 857 972 918 caeremonia
977 857 1065 934 juxta
1073 855 1199 918 lormam
1213 853 1419 914 renuimus?
1434 857 1463 914 s.
1479 858 1513 914 R.
1525 858 1558 916 G.

384 949 539 1023 respoudit
553 968 560 1006 :
583 949 625 1008 ld
641 955 668 1020 5,
691 950 899 1024 neptnpanmr
911 948 1022 1007 immam
1036 959 1139 1006 cruces
1153 945 1187 1004 ta
1203 943 1340 1014 ccclesia,
1356 958 1485 1019 quanm
1502 960 1559 1004 sec

383 1039 417 1097 in
427 1045 516 1112 poree
530 1038 663 1108 dextero,
685 1053 739 1098 sec
756 1037 828 1098 elie
846 1037 880 1096 ia
902 1037 1030 1098 sinestra
1051 1040 1236 1110 apparacum
1254 1034 1301 1094 ito
1315 1040 1417 1094 tomes
1437 1040 1472 1094 st
1490 1035 1559 1094 deae

383 1129 446 1188 sint
456 1143 546 1202 prope
560 1129 659 1190 altore
670 1129 783 1201 mejam,
798 1134 827 1188 ct
838 1127 906 1188 duee
915 1139 1008 1204 prope
1022 1126 1154 1186 emicem
1162 1125 1303 1198 januum,
1316 1124 1429 1184 moisen
1441 1125 1556 1186 anuo·

383 1218 432 1278 nis
447 1218 700 1278 sermonicum
714 1223 744 1276 31
762 1233 833 1294 eug.
850 1221 929 1288 itti,
944 1217 978 1276 ia
991 1213 1180 1276 llccbltaiea.

418 1309 516 1376 Quum
528 1307 656 1366 ecclesia
670 1307 944 1366 sanctimonialium
960 1309 989 1366 S·
1005 1305 1132 1366 clarae...
1148 1304 1336 1379 reparatione
1350 1303 1506 1380 indigeret,
1524 1305 1556 1362 in

382 1394 482 1468 operis
496 1395 650 1454 molitione
673 1411 798 1456 necesse
812 1396 869 1455 luit
893 1411 958 1455 eam
974 1395 1101 1456 interius
1116 1393 1198 1453 omni
1218 1410 1254 1452 ex
1272 1399 1356 1468 parta
1377 1393 1556 1462 instaurare,

382 1485 435 1543 sed
462 1485 499 1544 ad
520 1487 748 1559 precavendum
770 1485 988 1546 exsecrationis
1006 1485 1185 1562 periculum,
1209 1482 1358 1558 eJusmodi
1380 1483 1558 1542 instauratio

382 1576 555 1634 successive
573 1581 602 1634 et
616 1591 670 1650 per
689 1581 789 1650 partes
804 1577 847 1635 ita
867 1577 946 1637 iactu
965 1577 1032 1646 init,
1054 1581 1089 1634 ut
1102 1589 1158 1634 nec
1178 1587 1284 1634 omnes
1305 1589 1323 1632 o
1348 1573 1469 1646 proprio
1490 1573 1559 1632 loco

381 1677 515 1738 unquam
529 1665 641 1724 luerint
659 1665 790 1734 dimota,
816 1665 936 1726 duabus
957 1665 1101 1739 exceptis,
1121 1680 1189 1739 quae
1204 1662 1354 1738 symetriae
1374 1677 1468 1723 causa
1484 1663 1558 1723 alibi

380 1753 520 1811 collocari
534 1751 712 1826 debuerunt,
734 1760 764 1812 et
786 1754 882 1830 major
897 1755 1044 1828 parietum
1063 1769 1133 1828 pars
1149 1767 1305 1828 nunquam
1329 1753 1421 1812 luerit
1433 1753 1558 1812 decrus-

379 1845 450 1900 tata.
470 1842 555 1900 ldodo
569 1841 722 1902 dubitatur
737 1859 808 1904 num
828 1845 957 1904 ecclesia
974 1844 1231 1904 consecrationem
1250 1843 1409 1902 amiserit?
1427 1845 1456 1900 s.
1472 1847 1505 1901 ll.
1523 1845 1557 1901 c.

378 1931 553 2011 respondit:
570 1933 605 1990 lo
625 1947 699 1992 ccco
712 1933 748 1992 de
762 1947 819 2009 quo
833 1935 947 2008 opiter,
966 1934 1203 1994 ecclesiam-aon
1218 1931 1354 2007 indicere
1366 1946 1445 1992 aava
1454 1945 1558 1992 eonsc-

379 2021 522 2084 metune.
538 2021 590 2080 ilie
604 2024 639 2082 le
650 2023 828 2097 septembris
843 2026 924 2095 ¹859,
934 2023 968 2082 ia
980 2024 1148 2083 Nessum.

802 2203 831 2253 ll.
849 2202 1002 2254 consecratio
1016 2202 1133 2255 nimrim.

413 2337 511 2398 altere
534 2354 570 2397 ex
593 2339 710 2416 integro
732 2337 888 2412 lepidast
912 2345 1020 2400 amotae
1038 2339 1151 2406 luerint
1168 2339 1313 2414 reliquia,
1341 2339 1449 2400 iterum
1469 2339 1559 2400 debet

378 2427 560 2497 consecrari,
582 2431 663 2486 utili.

413 2515 511 2576 altare
528 2517 676 2592 portatile,
692 2518 772 2592 quod
785 2518 948 2592 aliquando
964 2519 1043 2593 apud
1054 2519 1236 2582 acatholicos
1249 2521 1415 2593 emtimrat,
1428 2519 1557 2594 diligen-

378 2609 422 2662 ter
433 2604 573 2664 lustravit
591 2607 764 2682 episcopus,
779 2609 831 2681 qui
847 2607 1002 2682 capsulam
1017 2609 1144 2684 aperuit,
1159 2614 1194 2673 ut
1206 2609 1321 2682 videret
1333 2624 1407 2676 num
1421 2607 1558 2684 reliquis

377 2699 611 2770 castoreaeque
625 2701 789 2770 comperto,
802 2697 912 2756 iterum
925 2712 991 2758 eam
1008 2699 1129 2758 clausit.
1144 2699 1262 2772 Dubius
1274 2713 1393 2761 numer
1411 2697 1559 2758 bocesset

378 2785 470 2842 altam
479 2791 680 2856 exsecratum,
692 2787 862 2859 pontificem
874 2787 958 2858 odiit,
971 2787 1023 2862 qui
1037 2791 1066 2846 S·
1083 2789 1116 2846 R.
1133 2788 1164 2846 G.
1177 2802 1301 2848 examen
1315 2788 1556 2863 commisitque

378 2875 550 2948 respondit:
574 2877 728 2944 Quatenus
744 2877 905 2950 episcopus
925 2875 1118 2938 celebraverit
1141 2875 1171 2934 in
1195 2875 1368 2950 supradicto
1381 2875 1479 2946 alieti.
1493 2891 1555 2936 non

379 2965 514 3038 indigere
524 2963 582 3024 alia
596 2967 836 3038 consecratione,
854 2968 935 3026 3505.

414 3053 524 3112 Altaria
534 3053 648 3126 polluta
658 3070 708 3128 per
717 3055 907 3114 violationem
919 3055 1049 3129 sepulcri
1062 3055 1269 3136 reliquiarum,
1278 3071 1315 3116 ex
1330 3055 1450 3132 urgenti
1463 3069 1555 3116 muse

379 3145 408 3199 S.
426 3145 461 3200 R.
472 3144 515 3211 c,
530 3145 619 3200 SSmo
632 3143 827 3219 approbante,
839 3145 967 3211 indulsit
980 3151 1014 3204 ut
1026 3145 1213 3207 reconciliari
1228 3145 1348 3220 possint
1362 3145 1429 3219 sola
1439 3145 1553 3218 reposi-

379 3231 460 3290 tione
471 3231 676 3303 reliquiarum,
691 3237 776 3304 34043
791 3235 871 3308 quod
887 3235 1040 3296 decretum
1051 3234 1153 3296 eudem
1163 3238 1192 3294 s.
1205 3237 1235 3294 G.
1249 3233 1405 3308 respoudit
1418 3234 1549 3306 dandum

377 3335 445 3380 esse
459 3335 512 3392 pro
525 3321 643 3380 diverso
657 3337 728 3382 cusu
749 3323 780 3382 in
803 3339 864 3396 quo
880 3325 1043 3384 destruetis
1067 3323 1212 3384 altaribus
1227 3323 1345 3382 intactae
1359 3323 1553 3384 remanebant

328 3469 333 3480 ,
378 3424 491 3468 arensis
502 3425 571 3470 cum
585 3411 780 3485 reliquiarum
795 3413 943 3486 sepulcris
958 3412 1063 3488 (liridi.

414 3503 445 3556 ln
470 3499 555 3561 altari
580 3501 638 3560 sub
663 3517 724 3576 quo
745 3503 955 3562 detunctorum
985 3517 1112 3576 corpora
1133 3503 1253 3576 sepulte
1279 3507 1367 3574 suut,
1394 3516 1455 3562 non
1484 3501 1552 3562 lieet

379 3589 491 3648 missas
511 3590 665 3660 celebrari,
683 3593 746 3662 tlt,
761 3595 843 3650 43³2.
856 3591 930 3650 Vide
945 3591 1111 3662 elianam,
1126 3595 1205 3660 lton,
1218 3593 1296 3652 1828.

413 3676 511 3735 ditare
526 3680 605 3752 quod
621 3695 711 3753 prope
736 3681 826 3739 babet
847 3680 976 3752 lapidem
997 3681 1097 3753 scalae,
1113 3695 1166 3754 per
1182 3695 1277 3754 queue¹
1288 3680 1455 3750 deseettsus
1468 3681 1503 3740 nt
1521 3681 1549 3740 in

377 3765 559 3839 sepulcrum,
590 3770 669 3840 quod
695 3774 793 3828 tamen
817 3771 909 3828 distat
937 3770 974 3829 ab
997 3771 1096 3842 altari,
1119 3785 1180 3830 non
1208 3770 1470 3844 comprehenditur
1494 3769 1551 3830 sub

377 3855 496 3916 decreto
508 3863 626 3916 vetante
649 3857 791 3918 celebrari
807 3859 919 3920 missas
934 3859 964 3918 in
984 3859 1068 3920 alteri
1085 3859 1143 3920 sub
1161 3875 1224 3934 (Ιιιο4
1242 3859 1448 3934 reconduntur
1465 3859 1550 3918 cada·

377 3946 549 4015 vermittit.
758 3941 763 3951 “

413 4033 524 4094 Altaria
541 4049 603 4094 non
619 4042 691 4094 sunt
709 4036 746 4096 de
764 4051 842 4098 novo
863 4039 1077 4110 consecranda,
1097 4041 1124 4100 si
1146 4005 1296 4116 imagines
1318 4043 1348 4100 et
1367 4037 1447 4100 tituli
1460 4039 1548 4099 amoti

378 4129 408 4180 et
420 4123 457 4182 ad
472 4121 563 4184 alium
578 4125 679 4184 locum
693 4127 829 4187 translati
844 4129 966 4200 suerint,
983 4142 1044 4188 non
1060 4134 1160 4191 amota
1175 4135 1275 4196 tamen
1289 4143 1395 4192 mense
1406 4129 1467 4203 jam
1480 4143 1549 4190 euu-

378 4213 592 4286 secretaque
616 4215 722 4276 altaria
742 4231 802 4276 non
828 4219 953 4290 sanctis,
981 4219 1034 4280 sed
1057 4222 1119 4284 Deo
1143 4219 1175 4281 in
1204 4217 1349 4290 bonorem
1377 4223 1547 4298 suppletum

377 4305 602 4373 consecrantur,
617 4305 696 4362 4276.

411 4391 509 4450 litare
537 4391 629 4452 tirum
658 4395 766 4454 iterum
792 4397 1031 4456 consecrandum
1055 4402 1113 4469 est,
1138 4397 1165 4458 si
1191 4403 1312 4476 emotus
1335 4399 1376 4467 sit
1394 4397 1472 4474 lapis
1494 4413 1546 4460 seu

376 4493 483 4538 mensa
497 4495 583 4541 asuo
597 4483 709 4556 stipite,
721 4487 803 4554 4562,
818 4485 947 4560 iiiiii).

406 4641 442 4707 (l)
451 4641 550 4694 Altaria
560 4643 687 4695 dicuntur
696 4645 751 4708 fiee
762 4645 862 4711 duplici
874 4646 986 4710 ratione,
997 4661 1093 4714 nempe
1102 4648 1147 4700 rel
1156 4663 1205 4715 per
1216 4649 1411 4716 oppositionem
1421 4651 1456 4703 ad
1466 4649 1547 4705 altam

376 4717 448 4780 quod
460 4718 626 4782 trsnslertur,
639 4720 682 4772 vel
696 4733 744 4785 per
756 4723 950 4786 oppositionem
967 4724 1001 4776 ad
1012 4725 1095 4776 altare
1111 4726 1184 4790 quod
1198 4727 1405 4779 consecrationb
1422 4727 1547 4782 solemnis
