3488 5564
371 548 411 613 66
831 566 881 613 rus
901 563 1080 612 asnomcmr.

372 684 473 750 debet
484 685 705 770 possessioni,
723 703 794 750 non
809 689 944 749 tentum
957 684 994 747 in
1009 682 1094 760 lieri,
1111 681 1172 746 sed
1183 687 1220 745 et
1233 681 1269 744 in
1282 679 1371 746 lacto
1384 700 1471 759 esse,
1487 697 1550 746 seu

371 810 447 857 esse
462 793 643 876 producto;
669 791 819 857 detentio
844 791 937 856 enim
950 790 1114 872 importet
1131 789 1423 872 perseverantiam
1441 794 1547 854 octus.

371 901 404 964 3ο
419 900 586 984 Corporis,
602 901 682 985 quia
695 899 879 983 corporalis
891 904 944 962 est
956 917 1013 961 res
1026 915 1195 980 possesse.
1215 897 1249 960 4⁰
1262 895 1390 976 Animi,
1411 915 1493 962 nam
1506 897 1549 960 ad

368 1009 624 1092 possessionem
646 1008 831 1092 requiritur
845 1006 989 1070 intentio
1005 1023 1079 1069 rem
1093 1003 1241 1068 habendi
1257 1008 1296 1067 ut
1311 1023 1426 1082 suam;
1452 1023 1549 1068 secus

369 1116 625 1200 possideremus
649 1113 814 1199 quidquid
835 1113 1057 1196 corporaliter
1079 1117 1310 1194 tangeremus.
1339 1111 1457 1196 ltaque
1485 1131 1549 1178 nec

371 1223 444 1290 solo
459 1241 611 1308 corpore,
628 1241 692 1287 nec
704 1221 820 1288 animo
836 1219 909 1286 solo
918 1219 1090 1304 possessio
1104 1219 1287 1284 obtinetur.
1301 1220 1334 1284 5⁰
1344 1219 1435 1284 luris
1443 1220 1549 1284 admi-

372 1331 501 1410 niente
523 1349 592 1416 quo
613 1331 768 1395 innuitur
787 1328 912 1412 partim
935 1327 1027 1412 quod
1044 1327 1156 1392 omnis
1178 1327 1351 1412 possessio
1365 1327 1445 1392 lacti
1456 1329 1550 1411 justo

373 1459 449 1506 esse
464 1440 576 1518 debet,
592 1441 715 1526 partim
734 1438 826 1523 quod
839 1440 899 1522 jus
919 1455 990 1503 uon
1011 1436 1135 1502 debeat
1148 1435 1359 1520 possessioni
1373 1437 1546 1518 refragari.

411 1545 1548 1633 b)llividiturmagisproprieinpossessionemlecti,possessionem

365 1657 453 1739 juris
468 1657 766 1741 etpossessionem
771 1656 859 1740 juris
870 1655 972 1720 simul
984 1655 1117 1720 etiecti.
1141 1656 1173 1720 1⁰
1188 1653 1363 1719 Possessio
1381 1654 1473 1736 forti
1487 1673 1548 1718 seu

368 1763 532 1832 naturalia
539 1763 595 1830 vel
602 1761 786 1848 corporalis
797 1763 1106 1846 estipsemetactus
1117 1761 1325 1846 possidendi,
1337 1761 1465 1826 scilicet
1478 1780 1548 1826 cor-

366 1869 1547 1957 parulisdetentioslicujusrei.Undebaecpossessiojustsqueudoque

367 1985 430 2058 cst,
443 1980 651 2066 quandoque
666 1979 805 2063 injusta.
822 1979 855 2042 2⁰
870 1977 1046 2042 Possessio
1056 1977 1147 2058 juris
1163 1996 1225 2041 seu
1245 1976 1353 2042 civilis
1367 1977 1483 2042 stricte
1499 1984 1550 2042 est

366 2087 552 2172 ipsummet
570 2091 629 2172 jus
652 2085 861 2172 possidendi,
889 2085 963 2151 solo
983 2087 1099 2150 animo
1121 2066 1307 2164 retentum,
1322 2123 1362 2132 —
1376 2091 1415 2149 ut
1429 2087 1457 2149 si
1473 2085 1548 2170 quis

366 2215 400 2260 v.
416 2216 451 2278 g.
468 2197 577 2262 obiret
590 2217 611 2262 a
623 2197 727 2261 rebus
742 2196 824 2272 suis,
842 2197 915 2260 sine
929 2196 1045 2260 animo
1056 2193 1270 2280 relinquendi
1280 2195 1545 2278 possessionem.

366 2303 443 2369 llaec
456 2310 508 2370 est
522 2323 658 2388 semper
669 2307 773 2388 juste.
787 2303 1040 2388 Nonnunquam
1050 2304 1223 2386 possessio
1235 2303 1323 2386 juris
1336 2307 1479 2370 vocatur
1492 2301 1549 2366 ille

370 2432 446 2496 quae
471 2414 618 2478 habetur
638 2431 718 2477 cum
738 2412 826 2494 Jmis
840 2409 1058 2489 adminiculo,
1081 2429 1206 2495 nempe
1229 2417 1310 2475 tunc
1325 2411 1472 2475 sumitur
1485 2428 1547 2493 pro

367 2523 586 2606 possessione
603 2521 683 2586 sacti
711 2519 814 2584 simul
839 2524 874 2583 et
889 2519 988 2602 juris,
1006 2535 1109 2602 aqua
1123 2525 1240 2584 tamen
1255 2518 1418 2600 distingui
1435 2518 1545 2582 debet.

368 2631 400 2694 3⁰
412 2630 586 2694 Possessio
609 2629 696 2712 juris
718 2635 752 2693 et
771 2627 862 2702 lacti,
880 2646 942 2692 seu
955 2629 1075 2704 mixtu,
1092 2645 1134 2692 ea
1148 2633 1201 2692 est
1216 2645 1291 2712 quse
1305 2626 1408 2690 simul
1420 2632 1473 2690 est
1489 2645 1548 2690 ua-

369 2737 486 2802 turalis
511 2744 546 2803 et
565 2737 683 2814 civilis,
710 2755 770 2802 seu
786 2735 929 2801 includit
943 2735 1045 2800 simul
1057 2736 1186 2800 iactum
1202 2741 1237 2800 et
1256 2739 1314 2819 jus
1337 2734 1544 2818 possidendi.

368 2847 453 2923 Quin
467 2845 630 2911 naturalis
646 2851 708 2922 est,
725 2863 860 2910 necnon
875 2843 994 2922 civilis,
1009 2849 1103 2928 patet
1113 2843 1204 2928 qnod
1215 2843 1272 2908 illa
1284 2845 1355 2907 vim
1368 2861 1466 2908 suem
1477 2861 1547 2908 non

367 2954 491 3020 babeat
505 2973 548 3018 ex
562 2973 658 3020 merc
668 2954 890 3038 dispositione
904 2953 1022 3035 legum
1035 2952 1198 3030 civilium,
1225 2953 1381 3036 quamvis
1405 2969 1467 3035 per
1480 2951 1542 3016 bes

366 3062 473 3145 leges,
491 3063 534 3128 ob
549 3080 648 3127 suam
661 3062 854 3128 naturalem
868 3063 1075 3147 aequitatem,
1092 3062 1196 3126 luerit
1209 3062 1314 3126 etiam
1328 3061 1523 3145 approbata.

491 3253 521 3304 11.
540 3255 580 3305 be
595 3245 682 3304 dariis
697 3252 791 3305 modis
807 3249 973 3317 acquirendi
990 3251 1020 3304 at
1034 3249 1185 3303 emittendi
1202 3250 1420 3315 possessionem.

407 3389 431 3454 l.
452 3391 550 3458 Medi
566 3391 773 3475 acquirendi.

406 3499 621 3581 Distinguere
646 3504 782 3583 oportet
801 3499 892 3564 iuter
904 3499 1158 3583 possessionem
1173 3517 1289 3564 rerum
1302 3505 1545 3584 corporearum

367 3614 402 3672 et
412 3607 668 3690 possessionem
682 3624 799 3671 rerum
812 3607 1103 3690 incorporearum.
1128 3605 1188 3670 llic
1200 3607 1351 3671 breviter
1364 3627 1546 3673 recensen-

368 3721 423 3778 tur
436 3732 512 3799 quae
527 3714 570 3779 ad
583 3715 839 3798 possessiouem
858 3713 994 3778 illarum
1008 3732 1124 3778 rerum
1138 3719 1303 3798 spectant,
1319 3733 1399 3780 cum
1412 3715 1546 3798 plenior

367 3823 521 3887 tracmtio
546 3823 590 3886 sd
610 3821 789 3904 theologos
805 3826 840 3886 et
858 3821 1120 3905 jurisconsultos
1140 3827 1270 3906 spectet
1288 3823 1381 3907 (Vide
1396 3823 1487 3890 card.
1502 3823 1544 3889 de

365 3929 471 4012 Lugo,
488 3928 623 4006 Melina,
640 3931 727 4012 etc).

405 4039 437 4122 a)
451 4037 626 4104 Possessio
636 4057 752 4104 rerum
762 4059 1002 4125 corporearum
1014 4041 1214 4125 acquiritur:
1225 4039 1542 4123 l⁰dpprehensione

364 4163 446 4210 vera
460 4163 521 4210 seu
537 4165 613 4230 quae
627 4145 682 4211 vel
697 4147 737 4210 sst
749 4167 873 4213 manus
886 4147 1071 4232 injiciendo
1086 4147 1136 4212 rei
1150 4147 1278 4223 mobili,
1296 4150 1395 4230 cujus
1408 4165 1544 4232 posses-

363 4271 459 4318 sores
476 4271 552 4319 eese
572 4251 743 4332 volumus,
770 4263 830 4322 aut
842 4258 986 4342 pedibus
1001 4255 1219 4324 consistendo
1234 4257 1284 4320 rei
1299 4256 1467 4321 immobili
1480 4275 1540 4322 seu

361 4361 468 4426 fundo
483 4380 587 4445 quem
601 4363 697 4428 velut
717 4371 874 4430 nostrum
894 4365 1021 4432 babere
1042 4365 1293 4431 contendimus.
1319 4363 1539 4430 Fundaturin

355 4469 437 4552 ipsa
450 4470 677 4553 possessionis
692 4473 909 4556 etymologia.
991 4524 995 4534 .

402 4577 435 4642 b
450 4578 728 4662 Apprehensiona
741 4583 831 4660 dcta,
844 4583 981 4668 quando
992 4601 1057 4649 nec
1066 4581 1237 4674 manibus,
1251 4597 1316 4646 nec
1329 4580 1474 4665 pedibus
1485 4600 1540 4648 res

364 4685 570 4768 possidendo
590 4689 865 4772 apprehenditur,
891 4691 951 4756 sed
975 4691 1101 4774 aliquid
1123 4691 1171 4766 fit,
1199 4688 1289 4773 qnod
1314 4689 1450 4756 fictione
1478 4709 1539 4758 seu
