3504 5572
563 615 649 660 tram
672 615 797 660 rannus
818 615 1039 662 anonumum.
1332 599 1392 664 363
1418 597 1426 612 ’

249 735 282 797 2⁰
298 733 470 817 Praecipue
491 734 621 818 species
644 753 688 800 ex
712 733 841 798 ultimis
858 733 1092 802 voluntatibus
1116 740 1190 802 erat
1209 739 1391 800 testamen-

211 847 297 915 tum,
325 842 401 906 ideo
430 841 621 925 specialiter
646 841 737 906 illins
753 841 790 906 in
813 843 949 908 rubrica
966 845 1007 907 tlt
1025 844 1174 920 mentio;
1191 843 1253 910 sed
1276 843 1389 918 hodie,

210 968 316 1032 quum
339 953 585 1016 testamentum
608 968 713 1015 sensu
736 932 847 1014 latiori
873 955 1043 1028 sumatur,
1059 953 1097 1016 m
1120 956 1159 1018 ut
1181 951 1238 1018 illa
1257 950 1392 1018 rubrica

208 1056 356 1121 strictior
378 1056 510 1122 evadat.

649 1217 785 1280 SECTIO
810 1219 946 1280 PRIMA.

396 1369 444 1424 De
460 1371 595 1434 natura,
612 1370 781 1425 varietate
799 1373 835 1424 et
850 1371 981 1438 ortum
996 1373 1205 1426 naumann.

601 1546 620 1596 1.
638 1543 709 1605 Quid
725 1543 763 1596 eit
777 1543 1001 1597 testamentum?

250 1673 513 1752 Testamentum,
531 1675 577 1738 sic
602 1675 731 1738 dictam
745 1695 767 1738 o
788 1675 896 1740 cerdis
911 1682 1016 1740 testor
1032 1678 1067 1739 et
1081 1677 1216 1754 meretis,
1239 1675 1319 1760 quia
1340 1681 1392 1742 est

87 1831 91 1838 .
208 1783 343 1848 testatio
357 1802 418 1848 seu
436 1783 672 1848 testimoninm
686 1784 824 1860 mentis,
850 1803 976 1866 nempe
990 1781 1177 1848 voluntatis
1200 1788 1326 1848 nostrae
1347 1784 1390 1848 de

206 1891 305 1955 honis
314 1891 440 1955 nostris
448 1909 564 1956 eorem
571 1891 716 1956 testibus
732 1889 925 1957 declaratio.
941 1890 1059 1968 Quoad
1066 1909 1150 1970 rem,
1160 1890 1243 1956 olim
1251 1891 1391 1956 definie-

206 1999 306 2064 batur
322 2017 329 2060 ε
347 2021 362 2056 «
378 1997 503 2062 Ultima
517 1997 677 2063 voluntas
692 1997 857 2063 directam
873 1997 1021 2062 haeredis
1036 1997 1290 2064 institutionem
1311 2015 1390 2064 con-

207 2107 330 2172 tinens.
348 2131 364 2164 »
380 2105 457 2170 Haec
472 2105 625 2171 definitio
638 2107 866 2172 conveniebat
880 2109 952 2170 tom
959 2105 1117 2182 solemni,
1134 2124 1238 2190 quem
1251 2123 1322 2170 non
1337 2125 1388 2172 so-

205 2213 495 2292 lemni‚souomni
506 2218 713 2280 testamento
723 2235 730 2290 ;
740 2215 969 2280 conveniebat
979 2215 1083 2279 etiam
1094 2213 1157 2280 soli
1165 2217 1386 2292 testamento,

207 2327 244 2386 ut
261 2328 314 2388 est
334 2328 429 2388 aolus
452 2323 632 2387 distinctus
647 2323 689 2386 ab
711 2321 786 2386 aliis
810 2321 940 2386 ultimis
961 2321 1207 2398 voluntatibus,
1223 2323 1389 2406 quianon

206 2433 369 2514 oornpetit
384 2431 458 2496 aliis
473 2429 602 2496 ultimis
617 2429 863 2506 voluntatibus,
880 2429 1066 2514 nequidem
1080 2429 1245 2506 codicillo,
1260 2431 1318 2515 qui
1338 2435 1391 2496 est

207 2539 328 2604 ultime
354 2539 515 2604 voluntas
535 2539 647 2620 magis
671 2537 785 2603 affinis
812 2542 1036 2614 testamento;
1062 2539 1189 2602 etenim
1215 2537 1389 2604 codicillus

208 2665 276 2713 non
292 2651 345 2712 est
359 2647 487 2712 directa
499 2645 646 2712 haeredis
660 2645 841 2712 institutio.
858 2645 965 2728 Igitur
987 2645 1114 2711 directa
1129 2645 1276 2710 haeredis
1294 2645 1390 2710 insti-

207 2757 293 2821 tutio
317 2756 352 2820 in
366 2757 444 2839 iure
459 2755 616 2820 Romano
638 2759 712 2820 erat
733 2753 957 2820 substantiale
980 2753 1177 2819 testamenti
1199 2753 1388 2820 constituti-

207 2883 300 2940 vum,
319 2867 354 2928 et
367 2861 600 2928 distinctivum
614 2863 657 2928 ab
672 2862 746 2928 eliis
761 2861 891 2928 ultimis
905 2861 1150 2928 voluntatibus.

246 2973 373 3037 Temen
387 2970 488 3036 hodie
504 2971 594 3035 sumi
608 2974 724 3054 potest
737 2972 908 3054 generice,
921 2975 956 3035 et
964 2974 1067 3056 prout
1075 2968 1314 3054 complectitur
1327 2989 1388 3036 cer-

208 3085 297 3148 teres
311 3079 450 3144 ultimas
464 3079 672 3156 voluntates,
685 3083 828 3163 excepta
842 3079 1027 3144 donatione
1042 3079 1163 3144 martis
1178 3097 1292 3156 eausa,
1305 3083 1340 3144 et
1353 3080 1389 3142 in

206 3189 271 3252 hoo
285 3207 389 3252 sensu
404 3187 566 3251 delinitur
575 3187 611 3250 in
622 3191 740 3253 nostro
749 3190 828 3271 jure
838 3186 929 3251 civili
939 3188 1014 3270 (art.
1023 3187 1083 3251 895
1093 3185 1173 3252 God.
1183 3187 1277 3268 civ.):
1289 3211 1304 3244 n
1314 3187 1390 3252 'les-

209 3299 398 3362 tamentum
411 3299 464 3360 est
479 3281 583 3360 ectus'
591 3294 804 3372 revocabilis,
817 3313 886 3380 quo
896 3295 972 3379 quis
984 3293 1133 3378 disponit
1147 3295 1189 3359 de
1204 3294 1304 3359 honis
1319 3296 1390 3359 suis

208 3411 267 3469 aut
281 3405 323 3470 de
337 3410 431 3470 certe
443 3403 581 3470 illorum
595 3407 703 3488 perte,
720 3423 781 3487 pro
793 3408 947 3488 tempore
962 3407 1111 3468 mortem
1124 3404 1360 3468 subsecuturo.
1374 3429 1388 3462 e

208 3513 336 3578 Dicitur
345 3523 451 3593 actus,
463 3533 534 3579 non
544 3518 661 3578 autem
670 3515 865 3590 conventio,
878 3514 959 3598 quia
968 3513 1139 3578 concurrit
1149 3512 1222 3578 sola
1231 3513 1390 3578 voluntas

207 3622 391 3688 testatoris.
404 3621 533 3687 Dicitur
547 3642 692 3688 numero
708 3622 872 3706 singulari
889 3641 956 3706 quo
971 3623 1058 3706 quir,
1073 3623 1153 3706 quie
1166 3641 1390 3706 suppressum

209 3735 262 3794 est
289 3734 534 3796 testamentum
560 3733 821 3816 conjunctivum
850 3749 911 3796 seu
938 3735 1099 3794 mutuum
1121 3751 1127 3794 :
1149 3731 1228 3794 inde
1256 3730 1390 3795 irritum

208 3840 299 3922 apud
318 3859 382 3905 nos
404 3842 491 3906 toret
514 3845 760 3906 testamentum
785 3841 876 3926 quod
899 3860 920 3906 e
938 3839 1092 3924 pluribus
1111 3839 1147 3903 in
1168 3839 1290 3904 eodem
1312 3843 1390 3904 actu

208 3948 307 4011 fleret
321 3949 394 4030 (art.
411 3950 471 4014 968
487 3949 565 4016 Cod.
584 3951 672 4033 eiu).
692 3950 842 4016 Tandem
863 3949 900 4014 in
923 3949 987 4014 hec
1011 3948 1209 4014 delinitione
1232 3947 1392 4030 generice

209 4055 353 4120 hebetur
373 4075 441 4121 vox
464 4058 689 4142 «disponit»,
708 4077 783 4142 quse
805 4057 1001 4142 praescindit
1025 4075 1046 4122 a
1066 4055 1169 4120 modo
1183 4055 1388 4140 particulari,

209 4183 241 4228 v.
255 4183 288 4246 g.
302 4183 364 4248 per
378 4165 541 4248 legatum,
558 4167 811 4232 institutionem
824 4165 982 4242 haeredis,
998 4183 1066 4250 quo
1081 4166 1180 4232 sseret
1192 4165 1266 4229 haec
1281 4164 1391 4248 dispo-

210 4271 297 4351 sitio,
315 4273 502 4340 dummodo
517 4277 589 4360 ipse
605 4279 749 4341 testator
763 4275 931 4360 disponat,
947 4293 1008 4340 seu
1024 4273 1122 4340 elteri
1138 4271 1391 4356 disponendum

210 4382 472 4468 nonrelinquat.

582 4515 612 4566 11.
632 4511 790 4578 Quotuplex
804 4511 1028 4566 testamentum?

253 4647 284 4728 o)
295 4647 374 4714 lure
389 4649 627 4732 antiquissimo
641 4651 795 4716 Romano
808 4649 1022 4716 triaiuerunt
1032 4667 1159 4730 genera
1176 4653 1391 4716 testamento

212 4771 312 4820 rum:
330 4756 478 4838 primum
496 4757 600 4824 flebat
620 4763 773 4842 tempore
793 4759 897 4843 pacis,
913 4758 1043 4824 collatis
1062 4760 1215 4835 comitiis,
1232 4775 1293 4824 seu
1311 4777 1391 4824 con-
