3504 5568
541 539 776 628 srsas'rsnnus
798 579 1021 626 naoaamuuu.
1313 559 1372 628 las

192 693 394 776 intelligitur
407 695 512 774 cibus,
529 703 642 782 potus,
658 699 815 776 vestitus,
830 697 1006 774 habitatio,
1022 696 1098 762 libri
1114 697 1296 762 necessarii
1310 715 1372 780 pro

194 805 317 869 officio.
340 806 483 871 Nomine
506 807 643 872 familiae
669 808 813 872 veniunt
834 806 955 872 famuli
976 809 1010 870 et
1032 804 1172 882 aneillae,
1200 809 1372 889 parentes,

193 911 316 976 fratres
335 919 369 978 et
390 933 526 980 sorores
551 921 693 996 egentes
712 935 774 999 pro
793 920 905 991 statu;
929 916 994 980 hoc
1020 913 1179 978 ultimum
1204 914 1378 998 colligitur.

193 1023 267 1084 tum
283 1040 326 1084 ex
340 1040 414 1088 can.
431 1021 668 1110 Eoettrpaoda,
686 1029 760 1088 tum
775 1043 818 1089 ex
832 1024 975 1098 ratione,
991 1023 1071 1107 quia
1083 1041 1181 1088 secus
1192 1041 1262 1088 non
1276 1042 1373 1108 repe-

194 1129 343 1194 rirentur
355 1132 419 1196 viri
435 1131 523 1197 docti
545 1137 580 1198 et
594 1133 719 1210 idonei,
740 1134 798 1218 qui
825 1132 906 1198 talia
928 1131 1094 1196 beneficia
1113 1132 1285 1216 suscipere
1304 1133 1376 1198 vel-

193 1236 276 1300 lent.
294 1239 326 1301 Ψ
340 1238 391 1303 hd
405 1240 493 1304 hanc
508 1240 690 1306 honestam
710 1241 997 1305 sustentationem
1019 1240 1192 1324 pertinent
1213 1240 1317 1305 etiam
1335 1259 1376 1306 ea

195 1363 270 1428 quae
285 1350 365 1410 sunt
378 1347 566 1411 necessaria
583 1347 632 1412 od
638 1348 818 1412 moderata
831 1347 986 1412 coavivio
996 1365 1058 1430 pro
1071 1346 1280 1412 beneficiarii
1293 1366 1375 1431 qua-

192 1451 298 1530 litate,
314 1456 577 1537 consanguineis
592 1463 627 1522 et
646 1457 763 1522 amicis
779 1455 981 1534 exhibenda,
1000 1461 1035 1522 et
1048 1454 1092 1521 ad
1113 1455 1267 1539 hospites
1282 1456 1372 1521 exci-

193 1561 348 1644 piendos,
374 1581 444 1628 non
473 1563 585 1629 solum
613 1565 807 1649 quandoid
831 1564 1160 1650 charitaspostulat,
1187 1564 1375 1632 sedetiam

194 1671 331 1753 quando
346 1671 419 1738 sola
431 1674 637 1750 humanitas,
653 1675 908 1760 urbanitasqne,
930 1679 1061 1741 attenta
1070 1673 1278 1740 beneficiarii
1293 1693 1376 1758 qua-

192 1775 299 1860 litate,
320 1781 355 1845 id
370 1781 494 1864 exigit:
517 1782 567 1848 ita
589 1786 819 1848 communiter
832 1784 898 1848 DD.
924 1784 957 1848 3⁰
981 1785 1063 1860 Qua
1089 1783 1311 1868 requiruntur
1332 1781 1375 1846 ad

192 1887 404 1969 praestandas
427 1887 640 1968 donationes,
663 1909 733 1956 non
753 1891 865 1958 solum
891 1891 1181 1957 remuneratorias
1196 1889 1375 1956 beneflcio

191 2011 281 2072 rum,
298 1996 358 2060 sed
373 1997 477 2061 etiam
490 1999 686 2064 moderatas
700 2018 794 2065 mare
809 1999 978 2078 liberales,
997 1999 1076 2084 quia
1090 1997 1194 2064 etiam
1211 1999 1274 2063 has
1298 2017 1376 2082 pos-

192 2101 278 2166 tulat
296 2103 504 2168 beneficiarii
527 2110 636 2170 status
660 2109 695 2170 et
715 2107 876 2173 conditio.
903 2105 942 2170 ln
962 2107 1016 2171 his
1037 2107 1197 2172 omnibus
1209 2105 1325 2190 praxis
1341 2109 1376 2169 et

190 2211 403 2277 consuetudo
418 2213 572 2278 virorum
583 2214 822 2280 timoratorum
835 2215 900 2280 hac
919 2215 954 2280 in
976 2233 1013 2280 re
1029 2213 1213 2298 spectanda
1229 2218 1292 2278 est.

232 2319 260 2401 t)
276 2319 310 2382 si
329 2319 482 2384 redditus
503 2321 610 2385 annui
626 2340 712 2406 quos
727 2323 896 2406 parochus
911 2341 954 2387 ex
969 2323 1129 2406 parochia
1144 2340 1207 2387 sua
1219 2320 1371 2404 suscipit,

191 2427 277 2492 adeo
291 2435 372 2493 sunt
383 2429 509 2512 exigui,
526 2435 565 2494 ut
578 2449 621 2495 ex
635 2431 676 2496 iis
690 2431 762 2516 ipse
783 2451 972 2514 congruam
993 2430 1280 2496 sustentationem
1302 2447 1373 2494 non

190 2535 325 2612 habeat,
344 2536 574 2620 supplendum
591 2543 664 2604 est:
682 2541 714 2604 l⁰
726 2559 789 2624 per
809 2540 975 2605 unionem
997 2539 1244 2606 beneficiorum
1269 2557 1374 2603 saecu-

191 2643 317 2708 larium
333 2665 340 2707 :
357 2643 405 2710 ita
430 2663 525 2711 conc.
542 2645 629 2711 Trid.
647 2647 744 2729 (sess.
761 2648 811 2726 id,
828 2667 856 2712 o.
879 2648 928 2725 13,
959 2645 1001 2712 de
1023 2647 1124 2732 lissi.
1149 2645 1309 2712 Attamen
1337 2644 1373 2708 in

191 2749 255 2816 hac
270 2751 397 2817 unione
417 2753 606 2836 videndum
631 2759 693 2832 est,
710 2773 755 2820 an
775 2755 943 2839 parochus
966 2753 1166 2836 obligationi
1190 2753 1374 2818 missarum

192 2859 245 2923 his
259 2861 433 2927 beneflciis
445 2863 656 2928 incumbenti
671 2863 866 2929 satisfacere
880 2863 998 2948 possit.

233 2969 266 3032 2⁰
280 2969 314 3033 Si
333 2971 452 3036 unioni
473 2991 544 3036 non
566 2977 618 3037 est
639 2971 749 3050 locus,
774 2971 927 3038 delectus
941 2971 1151 3056 supplendus
1169 2976 1221 3036 est
1242 2989 1286 3034 ex
1300 2969 1374 3036 aliis

194 3075 393 3156 redditibus,
410 3099 443 3145 v.
458 3099 491 3162 g.
509 3099 553 3145 ex
566 3081 681 3147 lundis
695 3081 786 3146 intra
798 3083 886 3146 lines
900 3081 1070 3166 parochiae
1085 3081 1169 3146 sitis.

234 3187 266 3250 3⁰
291 3188 455 3253 Omnibus
480 3191 705 3272 proventibus
733 3190 970 3256 ecclesiasticis
1000 3189 1247 3265 delinientibus,
1274 3187 1375 3253 devo·

195 3292 359 3360 hiandum
375 3303 428 3362 est
441 3297 484 3362 ad
498 3297 673 3375 collectas;
685 3297 727 3363 ad
742 3295 816 3363 illas
831 3302 958 3375 tamen,
973 3297 1111 3364 nonnisi
1127 3301 1291 3382 tanquam
1301 3315 1373 3360 me-

196 3403 290 3468 dium
307 3405 472 3471 duntaxat
490 3407 741 3484 subsidiarium,
760 3407 1014 3473 deveniendum
1030 3411 1091 3472 est.
1109 3405 1160 3470 hd
1177 3405 1375 3490 episcopum

196 3517 327 3596 spectat
348 3512 574 3579 determinare
590 3532 635 3579 an
648 3513 801 3580 redditus
821 3515 1027 3580 sufficientes
1043 3513 1112 3578 sint
1125 3511 1168 3579 ad
1193 3513 1375 3577 honestam

198 3621 494 3686 sustentationem.

400 3814 432 3866 11.
450 3813 595 3875 Quantum
609 3814 646 3868 sit
660 3811 864 3879 assignandum
880 3812 985 3867 vicario
999 3810 1173 3878 parochiali?

239 3943 365 4012 nolim
374 3947 448 4012 haec
456 3964 536 4032 pars
549 3953 621 4012 erat
631 3953 752 4032 quarta
762 3952 904 4032 quartae,
916 3947 1182 4012 scilicetdecima
1191 3949 1288 4010 sexta
1297 3963 1376 4030 pars

197 4057 381 4130 fructuum,
394 4059 535 4138 utpatet
550 4072 593 4120 ax
606 4073 737 4120 canone
748 4053 992 4140 Estirpcnda;
1007 4053 1068 4120 sed
1079 4073 1159 4120 cum
1170 4054 1243 4118 haec
1257 4053 1376 4137 pensio

198 4161 382 4228 admodum
396 4161 510 4228 tenuis
523 4167 629 4240 esset,
648 4181 807 4252 successu
832 4163 997 4248 temporis
1016 4161 1248 4228 introductum
1268 4165 1321 4226 est
1340 4165 1378 4224 ut

196 4273 308 4354 maior
321 4269 433 4355 portio
447 4275 678 4356 prestaretur.
694 4270 794 4337 Conc.
813 4271 901 4337 Trid.
920 4271 1016 4354 (sess.
1027 4271 1058 4349 7,
1069 4287 1098 4337 c.
1113 4271 1144 4349 7,
1160 4269 1378 4354 dehelaim.)

197 4375 325 4455 statuit,
338 4383 376 4443 ut
385 4377 518 4445 vicariis
533 4379 767 4462 assignaretur
781 4381 882 4446 tertia
892 4398 983 4463 pars,
992 4382 1052 4445 aut
1065 4379 1177 4462 major
1185 4375 1242 4442 vel
1251 4375 1376 4454 minor,

198 4487 336 4552 arbitrio
360 4487 519 4574 episcopi,
541 4489 716 4554 fructuum
732 4492 766 4554 el
785 4493 1018 4574 proventuum
1037 4485 1292 4572 parochialium.
1311 4483 1377 4549 Sed

198 4593 276 4660 Pius
290 4593 326 4673 V,
343 4595 587 4664 constitutione
602 4595 660 4663 Ad
671 4595 934 4683 exsequendum,
949 4598 996 4662 ita
1007 4594 1184 4662 restrinxit
1199 4593 1377 4660 arbitrium

199 4701 359 4790 episcopi,
384 4707 423 4769 ut
448 4721 518 4770 non
542 4699 661 4772 liceret
677 4706 713 4770 in
737 4705 945 4787 assignanda
969 4703 1136 4788 pensione
1161 4719 1223 4786 pro
1249 4699 1376 4766 vicario
