3504 5566
5 3371 7 3456 l

5 3473 7 3534 t

537 585 623 636 ursan
643 585 792 636 sanamus
813 585 1028 634 carnarium.
1311 565 1368 632 lat

197 699 297 771 nibus
310 712 346 771 et
360 675 650 790 responsionibus,
666 709 851 790 apartibus
867 710 997 790 quaerat
1011 724 1054 770 an
1070 705 1211 769 ulterius
1223 705 1371 769 habeant
1459 706 1462 718 “

196 814 323 899 aliquid
337 813 564 896 allegandum,
582 819 617 879 et
634 821 753 897 postea
768 815 883 895 exigat
899 819 938 876 ut
956 813 1030 879 aliis
1045 813 1304 894 allegationibus
1319 831 1370 877 re-

198 923 365 985 nuntient.

236 1030 262 1108 a)
276 1028 367 1092 Finis
384 1029 611 1094 conclusionis
625 1030 661 1094 in
675 1048 778 1118 eausa
798 1034 851 1094 est
873 1034 910 1093 ut
928 1031 1086 1095 veniatur
1104 1030 1146 1094 ad
1166 1029 1272 1094 linem
1294 1047 1371 1111 pro-

195 1155 311 1203 cessus
327 1137 506 1219 judiciarii.
522 1137 603 1202 lnde
620 1138 762 1202 effectus
777 1137 867 1202 illius
889 1135 1126 1212 conclusionis,
1145 1139 1172 1200 si
1192 1139 1264 1201 haec
1285 1156 1370 1220 pura

196 1247 249 1320 sit,
266 1263 327 1308 seu
348 1245 421 1308 sine
440 1245 634 1310 conditione
657 1253 717 1310 aut
739 1247 983 1322 reservatione,
1002 1251 1055 1310 est
1078 1245 1171 1330 quod
1193 1251 1271 1328 post
1294 1263 1370 1310 eam

195 1351 396 1434 regulariter
406 1351 499 1417 nulla
510 1353 656 1435 amplius
670 1354 871 1418 admittatur
884 1355 1038 1436 probatio
1054 1353 1109 1418 vel
1122 1355 1275 1437 exceptio
1295 1355 1334 1437 (c.
1350 1355 1370 1416 9

196 1461 237 1524 de
248 1461 323 1525 Fid.
341 1462 508 1536 amatam,
522 1479 550 1525 c.
567 1463 587 1524 5
603 1462 644 1525 de
663 1461 872 1546 Causaposs.
894 1469 927 1524 et
938 1464 1061 1546 prop).
1079 1461 1255 1526 Conclusio
1279 1461 1370 1525 enim

197 1569 364 1648 significat
378 1571 518 1634 omnino
537 1569 666 1652 liquere
680 1570 721 1633 de
735 1587 846 1634 eausa.
863 1569 1014 1633 Dicitur«
1030 1567 1231 1650 regulariter
1242 1589 1273 1646 >›;
1290 1588 1370 1634 nam

197 1675 233 1738 in
252 1678 364 1740 causis
385 1676 627 1754 criminalibus,
644 1675 962 1751 matrimonialibus,
979 1677 1152 1740 minorum
1172 1683 1206 1740 et
1226 1676 1370 1760 appella-

198 1785 309 1860 tionis,
321 1786 548 1850 instrumenta
562 1785 822 1868 etprobationes
834 1784 974 1867 produci
990 1789 1135 1867 possunt
1146 1789 1224 1868 post
1236 1785 1370 1849 conclu·
1401 1769 1404 1777 ’

197 1896 329 1959 sionem
348 1894 385 1956 in
399 1911 501 1958 causa
517 1914 524 1954 :
541 1895 620 1976 quia
641 1895 675 1956 in
688 1893 857 1976 prioribus
874 1894 987 1974 agitur
1001 1893 1042 1957 de
1058 1913 1094 1956 re
1108 1893 1321 1974 gravissima,
1337 1900 1372 1957 et

196 2003 372 2086 ipsumjus
381 2007 521 2076 naturae,
534 2001 627 2065 omni
637 1999 713 2082 lege
726 2001 872 2082 positiva
883 2001 1051 2083 superius,
1066 2001 1302 2066 defensionem
1317 2002 1371 2063 tri-

196 2111 284 2187 buit;
302 2110 415 2194 quoad
428 2109 745 2182 causas'minorum,
764 2113 898 2172 constat
915 2109 994 2191 quia
1007 2115 1152 2192 possunt
1166 2114 1283 2192 petere
1297 2128 1369 2173 res-

196 2219 389 2284 titutionem
414 2220 448 2281 in
472 2219 659 2298 integrum,
682 2217 780 2280 editis
806 2217 1057 2293 instrumentis,
1085 2223 1119 2281 et
1149 2218 1286 2283 tandem
1310 2238 1371 2302 per

105 2367 112 2374 -
196 2327 458 2412 appellationem
477 2326 650 2391 conclusio
672 2325 707 2388 in
724 2345 827 2390 causa
841 2325 979 2390 tollitur.
996 2325 1198 2391 addendum
1212 2328 1368 2411 estquod

115 2482 118 2488 ,
195 2441 228 2502 in
258 2438 416 2501 omnibus
447 2437 580 2500 casibus
612 2434 680 2498 litis
710 2434 938 2500 admittuntur
965 2437 1194 2500 instrumenta
1222 2441 1256 2499 et
1279 2437 1366 2512 lites,

195 2548 297 2609 etiarn
324 2551 402 2628 post
427 2543 681 2609 conclusionem
714 2543 749 2603 in
784 2559 887 2606 causa
913 2543 1006 2624 (Vide
1037 2544 1254 2624 Sclrmalzgr,
1280 2546 1311 2608 h.
1342 2551 1364 2607 t.

197 2673 229 2716 n.
247 2653 361 2733 ll-ldl.

627 2805 643 2875 ξ
662 2805 694 2860 ΙΙ.
717 2803 757 2859 lle
775 2803 934 2860 sententia.

235 2975 259 3050 l.
275 2976 365 3056 Quid
376 2985 408 3038 et
421 2976 605 3058 quotuplea
616 2977 659 3038 cit
673 2975 867 3038 scatentia?

235 3090 267 3167 a)
283 3085 471 3160 Sententia,
490 3103 564 3167 quae
575 3103 595 3148 a
606 3085 778 3148 sarriendo
792 3083 922 3156 dicitur,
939 3075 1042 3166 ac'cipi
1055 3089 1168 3167 potest
1176 3086 1369 3152 formaliter

197 3194 251 3257 vel
264 3193 441 3276 objectiva.
453 3191 651 3256 Formaliter
662 3197 807 3275 sumpta,
821 3198 873 3256 est
887 3193 1121 3274 pronunciatio
1131 3194 1257 3275 judicis
1266 3215 1368 3278 super

194 3319 297 3366 causa
311 3301 400 3364 inter
412 3299 584 3380 litigantes
603 3299 739 3380 agitata,
757 3305 791 3364 ct
804 3301 839 3363 in
858 3300 923 3364 hoc
937 3319 1041 3363 sensu
1057 3305 1109 3362 est
1122 3303 1257 3385 proprie
1272 3309 1367 3367 actus

191 3409 325 3490 judicis.
341 3407 512 3492 ObJ'ective
526 3412 672 3491 accepta,
691 3412 743 3471 est
758 3408 830 3490 ipsa
841 3425 896 3470 res
908 3407 1074 3490 judicata
1087 3427 1154 3492 quo
1169 3429 1272 3475 sensu
1288 3429 1364 3474 sen·

195 3517 307 3584 tentia,
316 3515 593 3584 diciturtransire
605 3515 641 3578 in
655 3533 728 3578 rem
739 3515 935 3598 Judicatam.

235 3625 263 3705 d)
278 3623 453 3688 Sententia
471 3621 650 3686 dividitur:
664 3623 695 3684 l⁰
710 3622 745 3686 in
761 3623 982 3704 definitivam,
998 3645 1084 3708 quae,
1097 3629 1234 3708 negotio
1249 3630 1367 3711 princi-

193 3733 313 3817 paliter
330 3733 475 3798 deducto
489 3733 525 3795 in
537 3731 714 3815 judicium,
731 3733 836 3796 ssnem
852 3733 1007 3816 imponit,
1022 3739 1056 3797 et
1068 3737 1364 3816 interlocutoriam,

193 3861 268 3924 quae
285 3861 387 3924 super
399 3839 512 3924 aliquo
527 3841 688 3904 incidenti
703 3841 759 3904 vel
773 3843 963 3922 emergenti
977 3844 1157 3925 profertur,
1174 3845 1264 3908 inter
1276 3846 1366 3928 prin-

192 3951 318 4032 cipium
333 3956 366 4014 et
378 3951 483 4014 linem
496 3967 618 4014 causae.
637 3949 675 4013 ln
690 3948 806 4013 multis
820 3951 982 4015 differunt
998 3951 1172 4015 definitiva
1185 3957 1219 4016 et
1232 3953 1367 4017 interlo-

193 4059 333 4132 cutoria,
350 4057 476 4121 scilicet
498 4057 534 4120 in
559 4057 693 4132 effectu,
710 4057 868 4122 informa
892 4063 926 4122 et
940 4060 975 4121 in
996 4059 1166 4123 firmitate.
1185 4059 1248 4135 Sic,
1265 4081 1297 4124 v.
1316 4081 1363 4140 g,

189 4165 298 4246 judex
313 4165 518 4230 sententiam
530 4165 819 4230 interlocutoriam
834 4184 995 4230 revocare
1011 4171 1125 4248 potest
1139 4168 1177 4248 (c.
1193 4167 1232 4231 60
1246 4169 1287 4232 de
1300 4169 1366 4251 Ap-

185 4274 294 4356 pelli,
311 4291 381 4337 non
397 4279 512 4338 autem
534 4275 755 4352 definitivam,
772 4293 851 4338 oum
868 4275 903 4339 in
917 4276 1028 4358 primo
1050 4293 1131 4339 casu
1147 4293 1217 4339 non
1234 4277 1367 4339 desinat

191 4400 267 4446 esse
280 4382 387 4465 judex
401 4381 436 4444 in
451 4379 508 4444 illa
521 4401 634 4460 causa,
651 4387 685 4445 et
698 4383 734 4445 in
747 4383 897 4446 secundo
913 4383 1056 4448 desinat.

230 4489 262 4554 2⁰
281 4489 462 4554 Dellnitiva
478 4487 639 4554 dividitur
661 4490 697 4553 in
724 4489 979 4566 absolutoriam,
996 4492 1310 4558 condemnatoriam
1332 4496 1366 4554 et

189 4597 447 4664 ‹leolaratoriam
471 4599 646 4664 criminis:
664 4599 869 4664 absolutoria
893 4606 955 4674 est,
975 4619 1050 4682 quae
1077 4619 1174 4664 reum
1202 4599 1361 4664 absolvit:

189 4708 479 4782 condemnatoria,
492 4726 566 4791 quae
581 4726 678 4772 reum
692 4710 899 4773 condemnat
915 4709 1014 4792 eique
1029 4709 1151 4788 inlligit
1166 4727 1314 4790 pomam,
1331 4715 1364 4769 et
