3504 5572
569 573 657 626 tiana
677 581 804 626 rnarrus
824 577 1042 626 nuenarsnuu.
1336 564 1394 626 397

216 753 219 758 ,
257 697 290 758 2·
304 696 338 760 Si
351 694 506 779 sepultus
520 693 565 759 sit
578 697 894 762 excommunicatus
915 695 1086 772 vitandus,
1105 698 1341 764 caemeterium
1360 697 1395 761 in

219 820 285 887 quo
297 803 451 887 sepultus
466 809 529 881 est,
545 803 755 871 reconciliari
769 805 881 882 debet,
900 805 980 888 quia
994 823 1056 888 por
1076 805 1164 870 hanc
1183 804 1396 888 sepulturam
1507 792 1512 801 ’

217 911 387 994 pollutum
401 917 561 977 censetur
576 913 657 997 (cap.
676 911 865 991 Consuluit,
885 914 915 990 Ἰ,
942 913 983 976 de
999 911 1150 978 Consecr.
1175 913 1339 995 ecclesia).
1362 911 1395 976 Si

218 1020 533 1086 excommunicatus
554 1019 691 1100 nonsit
713 1020 885 1097 vitandus,
912 1020 976 1084 etsi
997 1021 1033 1084 in
1055 1018 1132 1085 loco
1161 1039 1269 1099 sacro,
1295 1023 1395 1104 jnxta

216 1125 342 1210 plures,
366 1125 502 1211 sepeliri
526 1132 684 1211 nequeat,
708 1145 779 1193 non
805 1125 953 1192 violatur
968 1126 1065 1194 locus
1079 1145 1185 1204 sacer,
1204 1127 1262 1212 qui
1275 1145 1396 1192 conse-

217 1239 362 1317 quenter
375 1235 649 1300 reconciliatione
663 1252 734 1299 non
748 1235 889 1318 indiget.
932 1309 934 1314 ¹

257 1342 350 1408 ldem
377 1343 560 1408 dicendum
584 1348 638 1408 est
665 1342 706 1407 de
734 1341 928 1408 infidelibus
954 1347 990 1408 et
1016 1341 1059 1408 de
1086 1343 1254 1410 hereticis
1282 1361 1322 1410 ee
1353 1341 1394 1410 de

216 1451 520 1516 excommunicatis
534 1451 692 1515 vitandis.
709 1449 747 1514 ln
761 1450 845 1515 locis
855 1456 971 1516 tamen
983 1451 1041 1514 ubi
1052 1451 1203 1516 haeretioi
1215 1457 1296 1516 sunt
1310 1450 1395 1516 tole-

215 1559 291 1633 rati,
314 1563 352 1622 ut
371 1559 408 1622 in
430 1558 514 1624 locis
536 1559 594 1622 ubi
619 1557 792 1624 catholicis
815 1559 976 1641 permixti
1001 1564 1092 1634 sunt,
1116 1559 1230 1624 illicite
1255 1560 1394 1644 quidem

216 1665 437 1750 sepeliuntur,
453 1666 513 1731 sed
525 1665 668 1732 ecclesia
681 1663 737 1732 vel
750 1666 987 1732 caemeterium
1000 1684 1072 1731 non
1086 1666 1296 1750 polluuntur.

364 1903 380 1968 t
399 1903 445 1960 lv.
466 1901 507 1959 lle
522 1901 661 1974 perticae
680 1901 826 1960 catamito
840 1901 1052 1975 pormanet
1067 1899 1251 1974 parochiali.

528 2085 549 2162 l.
567 2085 606 2136 be
620 2083 750 2147 portione
764 2081 903 2136 canonica
917 2081 1079 2147 episcopali.

257 2211 412 2278 l·Portio
429 2213 592 2277 canonica
604 2213 800 2298 episcopalis
816 2217 869 2278 est
889 2219 1009 2298 quarta
1030 2232 1109 2297 pars
1128 2213 1394 2302 mortuariorum

215 2339 276 2386 seu
290 2321 508 2399 funeralium,
528 2321 593 2387 hoc
610 2303 673 2397 est,
691 2323 949 2388 obvenientium
967 2324 1138 2387 bonorum
1159 2323 1337 2388 mobilium
1361 2328 1396 2385 et

215 2429 441 2494 immobilium
463 2448 538 2514 quae
561 2431 778 2496 inferioribus
799 2431 1035 2502 ecclesiasticis
1058 2435 1092 2496 et
1114 2431 1197 2496 locis
1218 2431 1282 2514 piis
1306 2431 1395 2496 intra

215 2537 389 2602 dioeoesim
403 2537 476 2603 sitis
492 2539 681 2604 obveniunt
691 2558 734 2604 ex
744 2541 959 2604 testamentis
973 2545 1007 2604 et
1016 2539 1145 2604 ultimis
1160 2539 1393 2604 voluntatibus

209 2645 299 2726 ¹(can.
314 2646 354 2709 95
368 2651 402 2710 et
418 2664 502 2729 seq„
522 2666 553 2730 q.
570 2647 600 2723 l,
619 2652 654 2711 et
668 2665 740 2730 cap.
753 2648 792 2712 16
807 2647 848 2712 de
862 2647 929 2730 Aff.
947 2648 1043 2728 ord).
1061 2647 1127 2712 Sed
1144 2647 1185 2712 de
1211 2651 1394 2712 consuetu-

215 2753 304 2830 dine,
329 2755 440 2838 portio
464 2757 530 2820 ista
554 2761 607 2820 est
628 2757 722 2822 varia
741 2775 803 2839 pro
824 2757 989 2821 venante
1003 2755 1158 2822 locorum
1176 2757 1259 2840 (cap.
1286 2759 1324 2820 lb
1353 2757 1393 2820 de

215 2863 335 2946 Test.);
359 2865 429 2930 imo
453 2864 525 2930 iere
551 2865 677 2949 ubique
700 2867 736 2928 in
757 2864 1020 2930 desuetudinem
1042 2865 1143 2932 hodie
1166 2866 1258 2930 abiit.
1289 2865 1394 2932 Daba-

215 2977 269 3036 tur
282 2972 355 3036 haec
367 2991 457 3054 pars,
477 2973 608 3038 ratione
632 2973 890 3056 superioritatis,
912 2975 1026 3038 oneris
1041 2973 1220 3057 pastoralis
1248 2979 1282 3036 et
1302 2991 1394 3038 com-

211 3079 452 3145 municationis
475 3081 565 3146 inter
587 3080 785 3164 episcopum
807 3085 842 3145 et
863 3080 1023 3146 ecclesias
1047 3080 1227 3147 inferiores
1248 3082 1331 3164 (cap.
1354 3083 1394 3144 lb

211 3187 253 3250 de
269 3188 377 3272 Teon).
1375 3255 1378 3262 .

253 3295 412 3362 Gessabat
433 3299 506 3363 haeo
525 3299 637 3382 portio
661 3299 696 3362 in
718 3299 941 3383 sequentibus
967 3300 1125 3366 casibus:
1149 3300 1180 3361 1⁰
1207 3299 1234 3362 si
1250 3303 1393 3365 testator

211 3407 347 3490 reliquit
366 3407 524 3490 episcopo
540 3427 638 3473 suam
653 3410 847 3491 portionem
859 3427 938 3473 cnm
953 3409 1147 3472 conditione
1175 3425 1219 3472 ne
1237 3413 1391 3491 quartam

212 3533 255 3579 ex
279 3513 403 3580 relictis
420 3515 586 3594 dehahat,
606 3515 660 3580 vel
677 3517 705 3580 si
727 3516 807 3600 quid
821 3516 978 3583 relictum
993 3521 1046 3580 est
1067 3535 1110 3580 ex
1125 3513 1261 3598 speciali
1275 3534 1388 3590 causa,

211 3641 244 3686 v.
261 3641 294 3704 g.
311 3641 373 3705 pro
387 3623 513 3688 fabrica
524 3623 687 3697 ecclesiae,
703 3643 765 3706 pro
780 3625 969 3705 virginibus
985 3624 1142 3690 dotandis
1155 3643 1162 3698 ;
1176 3623 1208 3686 9⁰
1224 3624 1252 3686 si
1263 3627 1391 3707 quartae

211 3731 445 3815 praescriptum
461 3737 513 3796 est
525 3733 778 3815 prascriptione
793 3733 1063 3816 quadragenaria
1084 3733 1168 3814 (cap.
1194 3737 1214 3795 l
1237 3733 1279 3795 de
1297 3731 1392 3796 Pres-

211 3839 337 3922 cript.);
357 3840 390 3902 3·
407 3840 435 3903 si
450 3857 471 3906 a
484 3841 543 3906 tali
558 3845 678 3925 quarta
691 3841 786 3907 locus
802 3859 897 3906 sacer
910 3839 1197 3924 perprivilegium
1208 3839 1388 3916 eximatur,
1485 3861 1488 3868 ¹

212 3951 250 4008 ut
269 3965 301 4010 v.
324 3965 357 4027 g.
382 3947 498 4012 omnia
518 3948 728 4014 monasteria
747 3949 940 4032 praesertim
956 3953 1126 4030 exempta,
1145 3945 1266 4012 saltem
1290 3948 1391 4029 juxta

211 4055 482 4120 communiorem
497 4055 714 4120 sententiam.
732 4055 829 4121 Retio
845 4061 907 4133 est,
925 4055 1004 4139 quie
1015 4056 1088 4118 baec
1100 4059 1222 4137 quarto
1240 4053 1391 4136 pertinet

211 4165 253 4230 ad
266 4165 379 4246 legem
397 4161 635 4243 dioecesanam,
650 4185 671 4230 a
688 4185 755 4250 qua
769 4167 978 4232 monasteria
993 4170 1073 4230 sunt
1089 4169 1257 4247 exempta.
1277 4245 1279 4248 Ι

515 4360 545 4410 11.
564 4361 604 4411 be
618 4357 749 4422 portione
763 4356 902 4410 canonica
915 4354 1080 4421 parochiali.

249 4493 282 4574 a)
296 4493 411 4557 Portio
424 4495 586 4558 cononica
594 4493 805 4576 parochialis
821 4498 964 4576 estpars
979 4509 1099 4556 eorum
1114 4508 1190 4574 quse
1211 4488 1387 4554 occasione

208 4601 337 4666 toneris
361 4607 396 4666 et
419 4601 602 4684 sepulturae
617 4601 768 4686 corporis
782 4605 879 4666 extra
893 4600 1089 4684 parochiam
1104 4597 1272 4674 tumulati,
1288 4598 1388 4662 obve-

208 4713 334 4774 nerunt
360 4707 510 4774 ecclesiae
534 4709 569 4772 in
594 4727 662 4792 qua
687 4708 856 4792 ejusmodi
879 4725 1004 4791 eorpus
1027 4707 1200 4790 sepultum
1227 4711 1291 4770 est.
1319 4706 1387 4770 Sub
