3504 5566
358 550 416 614 188
818 569 870 614 rus
891 567 1071 614 caueamus.

354 683 465 748 clerici
487 685 660 748 immunes
690 685 767 762 sint,
785 689 860 750 tum
884 686 928 750 ob
954 684 1199 751 sublimitatem
1223 690 1344 763 status,
1364 703 1443 750 oum
1466 685 1534 748 sint

354 791 474 856 Christi
496 793 654 870 ministri,
673 797 746 858 tum
768 795 811 859 ob
837 795 944 858 ssnem
971 813 1075 878 quem
1100 795 1164 858 sihi
1190 795 1371 876 praelixum
1392 793 1530 869 habent,

355 920 461 984 quum
478 901 546 966 sint
569 902 720 986 deputati
740 904 784 968 ad
798 903 1010 969 laudandum
1033 909 1067 970 et
1080 903 1286 988 placandum
1311 903 1438 978 Denm;
1460 907 1532 967 tum

355 1008 501 1094 denique
516 1011 560 1075 ob
575 1013 790 1078 sanctitatem
802 1013 1019 1080 functionum
1036 1034 1043 1077 :
1059 1031 1141 1078 nam
1156 1019 1310 1078 sanctam
1324 1015 1358 1076 et
1371 1013 1533 1076 immacu-

354 1117 459 1184 latam
472 1120 542 1186 Deo
556 1121 705 1187 hostiam
718 1124 868 1190 offerunt
879 1129 914 1188 et
928 1129 1079 1188 sumunt.
1099 1123 1182 1188 Hinc
1194 1126 1362 1187 eruuntur

395 1228 424 1310 d)
440 1229 625 1314 Sequentia
648 1252 655 1295 ε
675 1234 706 1296 1⁰
725 1233 774 1298 Ad
797 1233 886 1297 licite
906 1233 1174 1298 administranda
1202 1237 1415 1298 sacramenta
1438 1237 1535 1296 extra

353 1356 471 1404 casum
486 1342 709 1418 necessitatis,
728 1344 791 1408 snb
804 1345 900 1425 gravi
915 1344 1100 1428 requiritur
1114 1347 1223 1409 status
1234 1343 1352 1424 gratiae
1368 1343 1403 1405 in
1416 1341 1534 1404 minis-

355 1453 418 1515 tro.
441 1450 473 1512 2⁰
488 1449 606 1527 Quoad
631 1451 715 1518 alios
739 1454 898 1518 ordinum
925 1458 1020 1518 actus
1045 1455 1102 1538 qni
1126 1471 1196 1518 non
1212 1457 1292 1516 sunt
1307 1455 1530 1526 sacramenta,

355 1559 816 1628 consentiuntdootoresnon
829 1581 969 1646 peecare
984 1563 1174 1627 mortaliter
1191 1561 1247 1645 qni
1260 1566 1356 1626 actus
1373 1559 1532 1626 ordinum

355 1667 528 1733 minorum
542 1671 578 1734 in
592 1675 730 1755 peccato
745 1671 882 1736 mortali
904 1676 1075 1737 exercent.
1091 1671 1158 1736 Sed
1177 1670 1410 1736 controversia
1424 1673 1477 1732 est
1491 1667 1532 1732 de

356 1777 487 1842 actibus
506 1780 652 1862 propriis
674 1783 847 1864 majorum
873 1782 1044 1847 ordinum.
1066 1779 1275 1844 Probabilior
1295 1777 1410 1862 opinio
1439 1781 1534 1840 tenet

355 1885 548 1953 functiones
563 1907 633 1954 non
648 1891 911 1956 sacramentales
930 1892 965 1955 in
981 1895 1069 1956 statu
1086 1889 1215 1974 peccati
1237 1887 1390 1953 mortalis
1414 1887 1530 1960 lactas,

357 1995 478 2062 saltem
501 1997 634 2064 secluso
657 2018 736 2064 casu
757 2001 907 2066 scandali
921 2001 977 2066 vel
999 2003 1228 2083 contemptus,
1242 2015 1312 2062 non
1326 1994 1533 2061 constituere

356 2111 534 2190 peccatum
548 2109 702 2174 mortale,

847 2297 982 2359 SEGTIO
1004 2297 1042 2358 ll.

745 2455 793 2506 Do
808 2455 985 2506 honestato
1002 2455 1152 2505 externa.

399 2612 474 2681 Tria
495 2618 684 2700 prasertim
700 2619 853 2702 exposcit
874 2639 881 2680 :
900 2635 1036 2682 mamm
1060 2621 1095 2680 et
1111 2614 1380 2680 conversationis
1398 2613 1537 2693 integri-

360 2729 481 2803 tatem,
509 2725 699 2792 decentiam
732 2729 868 2792 habitus
894 2733 1089 2804 externam,
1122 2725 1323 2792 exercitium
1345 2723 1535 2788 officiorum

359 2835 461 2900 statui
477 2835 622 2902 clericali
635 2838 927 2902 convenientium.

691 3041 710 3089 1.
728 3043 767 3093 De
782 3039 846 3093 vila
862 3041 891 3092 et
904 3050 1018 3093 morum
1032 3039 1203 3106 integrltsts.

397 3182 430 3260 a)
445 3181 625 3262 Integrilas
640 3182 719 3245 vitae
735 3187 769 3246 et
783 3200 920 3246 morum
932 3185 1032 3265 juxta
1047 3181 1101 3245 SS.
1119 3199 1269 3246 canones
1285 3179 1535 3264 requisitaoon-

358 3288 447 3352 sistit
460 3291 496 3353 in
518 3290 637 3372 primis
662 3283 699 3354 in
722 3309 763 3355 eo
789 3291 880 3375 quod
899 3291 1022 3367 clerici,
1038 3293 1229 3375 praesertim
1242 3290 1279 3352 in
1293 3289 1397 3353 sacris
1412 3287 1536 3352 eonsti-

358 3399 432 3474 tuti,
450 3417 520 3466 non
547 3399 659 3464 solum
676 3400 892 3465 continenter
911 3406 945 3465 et
967 3405 1060 3466 caste
1078 3401 1206 3474 vivant,
1225 3417 1346 3464 verum
1369 3399 1472 3462 etiam
1490 3397 1537 3460 ita

358 3513 468 3584 cante,
486 3513 524 3572 ut
537 3514 634 3574 extra
650 3528 790 3575 omnem
809 3512 1030 3596 suspicionem
1052 3510 1301 3574 incontinentia
1322 3515 1354 3570 et
1377 3507 1536 3590 intempe-

358 3621 664 3684 rautr‘sanr'mz'siat
677 3623 718 3703 (c.
737 3623 775 3685 l3
787 3624 820 3686 h.
838 3623 885 3704 t).
904 3623 990 3686 Nihil
1002 3619 1330 3705 enimapurissimis
1340 3616 1537 3681 ministeriis

360 3727 483 3792 divinis
501 3729 624 3811 quibus
642 3730 878 3812 mancipantur
893 3731 1037 3794 alienius
1053 3747 1157 3814 quam
1173 3728 1303 3812 polluta
1318 3726 1535 3792 conscientia.

401 3839 430 3920 b)
458 3837 541 3902 Hine
562 3837 593 3900 l⁰
622 3838 696 3902 sine
718 3839 900 3904 manifesta
928 3845 963 3903 et
987 3835 1180 3903 rationabili
1204 3853 1307 3900 causa
1330 3834 1539 3898 monasteria
1601 3867 1604 3874 »

361 3945 572 4020 monialium,
596 3947 658 4010 suh
682 3965 785 4029 poena
808 3946 1042 4028 depositionis,
1061 3947 1280 4028 frequentare
1302 3941 1535 4026 prohibentur.

361 4055 401 4136 (c.
417 4055 499 4138 8pr.
516 4055 579 4130 tit.;
597 4073 625 4119 c.
643 4055 732 4118 unic.
747 4055 783 4118 in
795 4056 839 4131 6⁰,
855 4073 972 4119 renov.
990 4053 1125 4130 aTrid,
1143 4071 1225 4117 sess.
1241 4053 1291 4128 25,
1309 4071 1337 4116 e.
1349 4053 1379 4126 5,
1396 4053 1538 4135 deliro„

362 4163 432 4228 imo
446 4167 482 4227 et
494 4163 590 4228 auxit
603 4179 723 4246 poenas
735 4164 808 4246 jam
822 4161 934 4243 latas).
950 4163 984 4226 2⁹
996 4161 1099 4226 Multo
1120 4161 1231 4242 magis
1252 4161 1383 4240 clericis
1402 4160 1541 4224 vitanda

362 4275 415 4334 est
427 4269 638 4336 familiaritas
652 4288 731 4335 oum
754 4269 828 4334 aliis
848 4270 995 4334 feminis.
1021 4271 1188 4334 Praeterea
1211 4269 1244 4332 3⁰
1266 4269 1339 4333 haec
1362 4269 1540 4349 integritas

364 4379 470 4460 exigit
487 4384 525 4443 ut
542 4380 654 4444 cleriei
667 4380 802 4462 fugiant
816 4379 989 4463 crapulam
1011 4383 1046 4442 et
1065 4379 1276 4454 ebrietatem,
1296 4397 1371 4462 quse
1394 4385 1447 4442 est
1471 4395 1540 4443 om-

363 4487 461 4551 nium
483 4487 645 4554 vitiorum
668 4491 795 4566 lomes,
822 4495 857 4552 et
876 4488 1051 4574 speciatim
1071 4488 1197 4551 mentis
1218 4487 1327 4552 aciem
1347 4488 1486 4553 hebetat
1507 4493 1542 4552 et

364 4601 418 4660 est
433 4596 582 4662 libidinis
598 4598 779 4664 incentiva.
797 4597 880 4662 Hine
899 4616 969 4664 non
982 4596 1190 4680 permittitur
1204 4597 1253 4660 eis
1267 4597 1339 4661 sive
1356 4597 1449 4662 adire
1464 4597 1540 4661 hos-

365 4705 456 4787 pitia,
479 4705 543 4770 nisi
564 4705 599 4770 in
619 4706 740 4772 itincre
756 4709 795 4788 (c.
818 4709 856 4770 ld
874 4708 906 4771 h.
930 4707 977 4788 t),
1000 4706 1072 4770 sive
1091 4705 1248 4770 convivia
1266 4705 1438 4780 accedere,
1456 4725 1541 4788 praa-
