3504 5572
564 580 650 628 arara
671 579 798 628 rannus
819 577 1041 628 arenarium.
1335 564 1392 631 301

213 697 423 780 ignoraverit
436 719 510 766 rem
525 700 673 768 alienam
686 721 773 780 esse,
789 708 849 767 aut
869 701 968 768 alteri
982 701 1186 784 obligatam3
1202 704 1396 786 ignorantia

212 823 284 872 non
298 812 449 884 excusat,
466 809 546 893 quie
567 810 711 895 quisque
731 815 869 876 tenetur
888 827 1096 892 cognoscere
1116 811 1331 876 conditiones
1345 812 1396 876 rei

214 925 316 998 quam
326 915 454 981 vendit.
467 917 571 982 Porro
587 917 645 1002 qui
659 923 797 984 tenetur
810 917 853 982 de
867 917 1047 992 evictioue,
1059 936 1130 982 non
1146 921 1279 984 tentum
1294 917 1396 984 debet

212 1024 356 1106 emptori
392 1025 573 1090 restituere
605 1025 765 1109 pretium,
792 1025 853 1090 sed
888 1024 992 1090 etiem
1026 1043 1249 1108 compensare
1282 1026 1395 1110 quoad

213 1130 389 1197 dammum
405 1152 597 1216 emergens,
614 1135 747 1200 luorum
761 1153 911 1212 cessans,
928 1153 1108 1218 expensas,
1122 1139 1186 1200 etc.
1203 1135 1296 1200 Bona
1308 1135 1394 1199 fides

211 1237 247 1302 in
263 1240 460 1306 venditione
484 1241 601 1323 exigit,
623 1247 662 1306 ut
689 1246 824 1326 emptor
843 1246 1001 1306 servetur
1014 1241 1197 1307 indemnis.
1220 1241 1270 1306 lta
1291 1243 1395 1306 etiam

74 1399 78 1408 .
207 1331 266 1428 jus
279 1347 495 1428 hodiernum,
521 1350 613 1435 quod
628 1369 790 1434 expresse
804 1355 985 1415 enumerat
1003 1355 1161 1433 sumptus
1185 1355 1391 1425 contractus,

209 1453 356 1535 fructus,
383 1463 540 1542 sumptus
569 1477 631 1542 pro
654 1456 857 1525 intentanda
879 1458 1025 1535 actione,
1054 1457 1190 1534 damna,
1221 1458 1394 1541 impensas

210 1563 283 1643 (art.
300 1565 390 1642 1630,
406 1565 507 1648 1634).

248 1672 281 1734 2⁰
296 1672 330 1736 Si
345 1675 560 1739 ususfructus
574 1680 709 1740 tontum
727 1675 778 1738 rei
791 1674 939 1740 venditae
955 1673 1141 1750 evincatur,
1157 1677 1293 1738 tenetur
1311 1693 1393 1739 veu-

209 1778 298 1844 ditor
319 1780 362 1845 ad
387 1783 715 1865 compensationem,
731 1783 1038 1866 quiausustructus
1053 1787 1107 1846 est
1124 1783 1221 1866 quasi
1235 1799 1314 1865 pers
1329 1783 1389 1845 rei.

209 1885 241 1949 Si
257 1906 340 1952 vero
353 1889 501 1954 servitus
510 1891 699 1967 evincatur,
713 1890 872 1955 venditor
887 1890 991 1954 etiam
1005 1888 1047 1953 de
1059 1889 1227 1954 evictioue
1242 1893 1389 1965 tenetur,

208 1993 237 2056 si
251 1997 535 2076 cognoveritrem
555 2016 653 2062 suem
668 2016 744 2062 assa
758 1999 915 2062 servituti
926 1998 1116 2080 subjectam
1130 2017 1137 2073 ;
1154 1997 1280 2062 sivero
1295 1998 1393 2078 igno-

208 2119 288 2167 raus
303 2121 376 2168 rem
390 2104 583 2170 vendiderit
597 2110 761 2190 tanquam
782 2099 937 2182 liberam,
954 2123 1025 2169 non
1040 2110 1177 2170 tenetur
1192 2105 1332 2188 quidem
1346 2105 1390 2170 ad

208 2209 374 2276 interesse
398 2217 433 2276 et
456 2211 581 2279 damna
604 2215 683 2279 inde
707 2221 834 2290 secuta,
861 2213 922 2279 sed
948 2218 1111 2296 proestare
1137 2213 1239 2278 debet
1262 2219 1390 2299 quanto

206 2321 391 2386 minueres
405 2321 508 2402 valet,
525 2341 629 2408 quam
641 2324 669 2388 si
681 2322 788 2388 libera
803 2329 904 2388 esset.

246 2429 280 2493 3ο
292 2430 365 2496 Non
379 2433 484 2496 reteri
498 2431 541 2496 ad
556 2431 800 2513 obligationem
810 2433 995 2516 praesteudi
1009 2433 1224 2508 evictionem,
1242 2431 1270 2496 si
1292 2429 1333 2496 de
1349 2449 1390 2497 ea

206 2540 400 2622 praestanda
417 2541 507 2606 inter
530 2541 771 2606 contrahentes
785 2543 997 2620 convenerit,
1015 2543 1072 2608 vet
1089 2560 1178 2618 non;
1201 2559 1283 2606 nam
1305 2561 1389 2606 ven·

208 2646 435 2733 ditio-emptio
454 2654 508 2714 est
527 2654 723 2716 contractus
742 2651 841 2716 bouae
864 2649 955 2726 fidei,
973 2655 1008 2716 st
1029 2652 1128 2716 bones
1147 2649 1227 2714 ssdei
1247 2651 1388 2715 omuino

207 2759 1387 2845 congruitutpraestenturquaecontractuiuaturalitarinsunt3porro

209 2869 396 2934 contractui
420 2868 698 2952 synallagmatico
732 2869 932 2934 naturaiiter
952 2870 1053 2946 inest,
1075 2875 1114 2934 ut
1134 2870 1222 2934 siout
1254 2873 1389 2952 emptor

207 2977 355 3058 pretium
368 2976 480 3053 solvit,
495 2977 542 3043 ita
555 2977 714 3044 venditor
727 2995 801 3042 rem
814 2977 935 3042 tradat.

247 3086 280 3150 4⁰
302 3085 353 3150 Ad
373 3086 541 3169 judicium
565 3085 743 3150 evictionis
769 3085 833 3149 rite
859 3085 1110 3152 instituendum
1137 3085 1322 3169 requiritur
1350 3089 1388 3148 ut

208 3199 342 3279 emptor
354 3199 546 3260 conventus
560 3193 739 3258 denuntiet
752 3193 933 3270 venditori,
949 3199 987 3257 ut
1000 3193 1057 3259 vel
1070 3193 1167 3258 litem
1181 3193 1217 3256 in
1231 3211 1268 3258 se
1283 3193 1388 3256 susci·

207 3301 287 3384 piat,
304 3300 360 3366 vel
373 3301 517 3386 positive
542 3302 679 3366 assistat
700 3299 751 3364 liti
773 3304 886 3365 motae.
905 3300 1009 3366 Secus
1028 3301 1188 3366 venditor
1208 3318 1279 3365 non
1294 3305 1387 3364 tene-

206 3415 301 3475 retur
313 3410 356 3476 de
371 3410 550 3476 evictioue.

245 3520 278 3581 5⁰
289 3517 462 3594 Venditor,
480 3519 517 3582 in
531 3517 632 3582 certis
646 3518 791 3594 casibus,
808 3534 879 3582 non
895 3519 1032 3581 tenetur
1047 3516 1088 3581 de
1102 3515 1270 3580 evictioue
1284 3536 1291 3579 :
1306 3521 1345 3579 ut
1357 3515 1385 3578 si

206 3626 376 3692 bonafide
393 3626 592 3690 existimans
606 3643 680 3689 rem
695 3643 771 3689 esse
786 3642 896 3700 suam,
908 3641 988 3689 cum
1003 3629 1157 3707 emptore
1171 3625 1333 3690 convenit
1346 3628 1385 3688 ut

206 3755 276 3802 non
289 3739 447 3800 teneatur
462 3735 503 3799 de
518 3735 698 3808 evictioue,
714 3733 770 3798 vel
784 3734 813 3798 si
833 3731 963 3798 malitia
973 3732 1098 3816 judicis
1121 3737 1239 3796 contra
1254 3737 1385 3814 empto-

205 3862 278 3908 rem
292 3845 482 3928 judicatum
497 3848 565 3919 est;
582 3862 649 3928 quo
670 3861 752 3908 casu
767 3847 902 3926 emptor
920 3859 1119 3923 regressum
1141 3840 1246 3905 hebet
1265 3846 1385 3905 contra

201 3954 363 4036 judicem.
381 3953 557 4018 Sententia
576 3951 645 4018 lata
660 3971 722 4036 pro
742 3957 906 4036 emptore,
923 3951 1083 4015 venditor
1097 3968 1168 4014 uon
1183 3955 1385 4033 compensat

205 4081 383 4146 expensas,
396 4063 477 4147 quia
490 4080 561 4127 non
574 4063 639 4126 fuit
649 4079 753 4126 eausa
770 4061 905 4143 injuriae
921 4060 1066 4143 emptori
1081 4059 1123 4125 ab
1137 4063 1252 4123 actore
1264 4057 1381 4134 itlatae;

204 4165 1384 4254 secessiemptorcognoveritremessedienemvalalteriobligetem,

204 4281 284 4364 quia
297 4281 359 4345 sibi
373 4281 542 4364 imputare
555 4279 656 4345 debet
670 4278 762 4363 quod
774 4296 849 4343 rem
863 4277 1010 4342 alienam
1020 4275 1076 4340 vel
1089 4274 1273 4356 obligatam
1288 4273 1382 4339 mali·

204 4389 290 4454 tiose
300 4389 432 4455 emerit.
444 4388 561 4454 Plures
571 4389 628 4454 alii
638 4407 737 4476 casus
745 4386 1032 4471 infrequentiores
1042 4381 1379 4450 enumeranturaCC.

548 4583 579 4634 11.
598 4583 638 4634 De
652 4578 872 4646 obligationibus
885 4577 1029 4644 emptoris.

245 4715 277 4798 α)
301 4712 469 4798 obligatio
491 4713 742 4797 manifestandi
758 4713 942 4776 bonitatem
962 4711 1091 4775 mercis.
1119 4709 1152 4772 1⁰
1167 4707 1201 4772 Si
1222 4707 1381 4773 venditor
1403 4669 1406 4675 Ι
