3504 5572
352 549 412 616 356
815 565 866 614 sus
886 568 1066 616 canonicum.

353 687 483 751 tionem
497 703 558 768 pro
574 686 741 768 cujusque
759 689 861 764 statu,
879 687 1043 770 dignitate
1060 693 1095 751 et
1112 686 1323 760 conditione3
1346 681 1529 770 superflua,

353 811 428 878 qum
440 793 519 857 huic
534 809 695 873 congruae
710 795 953 859 sustentationi
966 793 1168 860 clericorum
1187 796 1382 878 supersunt.

645 1021 659 1088 ἓ
678 1019 712 1076 li.
734 1017 775 1077 ite
793 1017 925 1078 dominio
943 1017 1066 1080 itteram
1086 1017 1239 1079 bonerum.

507 1197 527 1248 1.
544 1194 709 1249 Dominium
723 1193 864 1250 bonorum
878 1195 913 1249 ad
928 1196 1004 1260 ipsas
1019 1195 1153 1250 ecclesias
1166 1195 1368 1261 spectantium.

391 1333 423 1396 κ’
443 1332 640 1396 Dominium
661 1351 861 1415 supremum
884 1338 919 1396 et
940 1332 1133 1399 universale
1150 1339 1202 1397 est
1220 1351 1326 1417 penes
1349 1331 1529 1406 Christum,

349 1443 447 1524 eujus
459 1440 584 1505 intuitu
603 1459 659 1505 res
674 1425 847 1507 donantur
860 1441 1033 1520 Ecclesiae;
1046 1443 1137 1508 unde
1153 1443 1188 1507 in
1201 1461 1275 1506 can.
1293 1443 1322 1516 1,
1338 1441 1368 1515 6,
1385 1440 1434 1516 it,
1452 1445 1528 1510 etc,

348 1551 378 1625 9,
397 1549 427 1622 2,
442 1549 515 1612 haec
528 1549 618 1613 bona
632 1548 791 1614 dicuntur
805 1551 1049 1634 patrimonium
1065 1551 1197 1616 Christi.

387 1657 421 1720 2⁰
435 1655 745 1720 Dominiumaltum
757 1663 811 1721 est
821 1659 1130 1740 penesllomenum
1143 1658 1353 1733 Pontificem,
1365 1661 1529 1740 tanquam

347 1770 448 1848 caput
463 1764 567 1828 totius
582 1762 749 1829 Ecclesiae.

387 1873 419 1936 3⁰
434 1871 630 1936 Dominium
645 1871 848 1962 particulare
866 1879 901 1938 et
912 1875 1109 1958 proximum
1124 1879 1178 1938 est
1198 1892 1305 1957 penes
1321 1873 1412 1955 ipsas
1427 1870 1531 1936 eecle-

347 1981 426 2056 sias,
448 1983 486 2042 ut
500 1997 665 2062 personas
682 1980 842 2057 morales,
860 2000 919 2046 seu
940 2001 1047 2067 penes
1060 1981 1206 2064 collegia
1218 1981 1419 2046 clericorum
1433 1987 1468 2044 et
1483 1998 1532 2043 re-

346 2087 518 2169 gularium
534 2107 541 2149 ε
558 2088 605 2150 ita
617 2091 696 2170 post
705 2089 763 2170 jus
778 2089 883 2174 antiq.
896 2109 990 2156 cone.
1003 2090 1090 2155 Trid.
1103 2090 1200 2172 (sess.
1217 2090 1267 2166 95,
1285 2107 1314 2152 c.
1331 2089 1361 2164 3,
1375 2088 1416 2152 de
1429 2087 1529 2169 liei).

283 2223 284 2228 ¹
347 2197 465 2273 Quoad
479 2199 744 2263 communitates
766 2196 976 2279 regularium
995 2198 1174 2280 incapaces
1191 2196 1342 2271 dominii,
1366 2195 1455 2260 bona
1475 2193 1533 2256 illa

346 2311 528 2369 remanent
544 2324 651 2388 penes
680 2284 804 2370 sedem
831 2305 1073 2389 apostolicam,
1096 2305 1153 2370 vel
1179 2303 1369 2368 dominium
1395 2301 1531 2365 illorum
1590 2299 1594 2306 ’

348 2411 541 2476 devolvitur
555 2411 598 2476 cd
619 2413 729 2496 ipsam
743 2413 937 2490 Ecclesiam,
953 2417 991 2477 ut
1006 2431 1190 2496 personam
1209 2413 1335 2476 flotam.

643 2603 675 2654 ii.
694 2601 770 2654 Bona
784 2613 906 2666 quorum
920 2601 1015 2656 clerici
1030 2602 1099 2654 sunt
1112 2600 1230 2654 domini.

388 2739 422 2821 u)
436 2737 523 2802 Sunt
536 2735 682 2802 absoluti
698 2737 827 2804 domini
842 2739 874 2802 1ο
895 2739 1058 2802 bosionem
1065 2737 1377 2822 patrimoniolium,
1399 2740 1437 2799 ut
1452 2752 1530 2800 eon-

349 2850 415 2910 stat
430 2864 553 2910 excan.
565 2845 613 2920 ie,
625 2863 695 2928 seq.
712 2845 760 2922 ie,
775 2865 807 2929 q.
820 2847 849 2908 1.
863 2845 960 2911 Ratio
969 2851 1032 2922 est,
1046 2845 1126 2929 quia
1133 2844 1311 2910 clericatus
1321 2863 1391 2909 nou
1402 2843 1532 2908 inducit

347 2953 605 3036 incapacitatem
616 2951 768 3030 dominii,
783 2954 871 3017 sicut
883 2953 1051 3036 professio
1062 2951 1232 3034 religiosa.
1245 2951 1339 3016 idem
1348 2951 1531 3016 dicendum

347 3066 399 3124 est
412 3060 445 3124 2⁰
459 3058 611 3124 debonis
630 3060 1052 3145 quasi-putrimoniuiibus,
1071 3059 1151 3143 quia
1166 3059 1290 3124 dantur
1303 3059 1436 3136 clerico,
1454 3063 1528 3122 ten-

348 3187 451 3252 quam
467 3187 599 3233 merces
619 3169 745 3234 laboris
761 3171 834 3234 sine
853 3167 922 3234 ullo
937 3188 1042 3234 onere
1065 3187 1226 3253 expresso
1241 3169 1296 3234 vel
1316 3169 1440 3234 tacito:
1460 3187 1530 3232 non

349 3277 564 3360 excipiuntur
579 3279 712 3360 fruetus
731 3279 837 3358 stola,
858 3279 958 3360 juxte
972 3295 1193 3342 communem
1213 3277 1431 3354 seutentiam,
1450 3294 1531 3341 nam

347 3383 402 3446 isti
413 3384 599 3449 alldelibus
615 3385 749 3462 dantur,
763 3386 866 3450 etiam
882 3385 1080 3468 simpliciter
1098 3391 1133 3450 et
1152 3386 1226 3450 sine
1237 3385 1436 3467 gravamine
1451 3386 1490 3467 (o.
1513 3385 1527 3446 1

347 3492 381 3556 h.
400 3493 447 3574 t).
1012 3551 1015 3556 .

387 3602 422 3665 3⁰
432 3599 584 3667 Dubitari
599 3607 712 3684 potest
731 3603 773 3668 de
796 3601 1087 3667 distributionibus
1110 3601 1329 3686 quotidianis.
1343 3603 1421 3667 'Sed
1439 3620 1531 3668 com·

347 3709 462 3774 munis
480 3711 650 3774 sententia
664 3707 724 3773 ΤΤ.
743 3715 777 3774 et
791 3709 862 3786 CC„
883 3715 1003 3776 contra
1022 3727 1161 3794 paucos,
1184 3710 1301 3774 tribuit
1320 3710 1450 3776 clericis
1473 3711 1531 3776 do

347 3817 493 3881 minium
514 3819 658 3882 istarum
682 3817 972 3894 distributionum,
994 3825 1033 3882 ut
1055 3817 1227 3899 colligitur
1249 3837 1292 3882 ex
1313 3837 1385 3903 cap.
1407 3839 1466 3884 un.
1490 3819 1531 3882 de

350 3925 435 3990 Cler.
450 3943 519 3988 non
532 3925 645 4002 resim,
656 3925 714 3989 ubi
727 3925 849 3989 dicitur
867 3926 960 4010 quod
981 3925 1093 3990 clerici
1116 3926 1174 4008 qui
1189 3925 1311 3989 divinis
1327 3927 1447 3992 officiis
1462 3944 1531 3991 non

348 4033 588 4108 interfuerunt,
616 4031 893 4116 quotidianarum
920 4033 1200 4098 distributionum
1237 4033 1428 4098 dominium
1461 4051 1532 4098 non

293 4175 295 4182 ι
349 4141 538 4224 acquirunt.

388 4249 422 4312 1ο
440 4248 600 4326 Tandem,
625 4249 737 4334 quoad
757 4250 848 4316 bone
855 4251 1134 4335 parcimoniulio,
1156 4249 1281 4332 duplex
1295 4250 1442 4315 habetur
1456 4269 1533 4315 sen-

350 4357 465 4432 tentia,
476 4375 623 4441 querum
633 4357 859 4424 fundamenta
866 4359 988 4423 eedem
998 4363 1089 4434 sunt,
1100 4377 1139 4423 ac
1154 4357 1291 4442 quando
1304 4359 1419 4440 agitur
1428 4379 1531 4441 gene-

349 4465 449 4531 ratim
462 4463 504 4529 de
519 4462 616 4530 bonis
637 4483 696 4530 seu
715 4465 903 4530 redditibus
923 4465 1190 4532 beneficialibus.
1208 4465 1347 4544 Tamen,
1362 4469 1534 4532 sententia

348 4573 523 4638 aiitrmans
538 4571 757 4636 validioribus
773 4573 892 4637 nititur
906 4575 1130 4654 argumentis,
1149 4573 1286 4657 quando
1304 4574 1345 4637 dc
1362 4573 1443 4638 solis
1458 4593 1533 4658 par-

348 4680 584 4745 cimonialibus
598 4681 722 4760 agitur.
742 4679 819 4744 Haeo
836 4682 929 4744 enim
943 4682 1034 4745 bona
1046 4681 1200 4745 honestae
1216 4682 1457 4747 sustentationi
1476 4681 1533 4746 de·
