3488 5564
503 572 590 622 trono
611 575 761 622 secururs
783 573 1003 621 cernerentur.
1303 558 1343 620 35

208 693 238 754 3⁰
252 691 501 774 Archiepisoopi
516 692 691 756 conveniri
710 693 835 758 debent
849 709 964 758 coram
981 707 1043 756 suo
1058 691 1201 774 primate
1217 691 1273 756 vel
1285 711 1343 776 pa-

173 799 417 877 triennarum
438 798 561 864 eodem
584 819 763 865 causarum
787 801 991 875 discrimine,
1017 803 1056 862 ut
1078 796 1205 862 dictum
1227 804 1279 863 est
1302 799 1343 864 de

172 909 343 992 episcopis.

205 1017 237 1080 4⁰
250 1018 417 1083 Primates
440 1022 474 1082 et
495 1019 696 1102 patriarchae
717 1021 893 1085 conveniri
920 1019 1045 1084 debent
1065 1037 1190 1085 coram·
1203 1017 1344 1083 Summo

171 1125 327 1192 Pontiflce
341 1127 397 1208 vel
412 1131 487 1211 ejus
501 1127 615 1210 legato
634 1129 669 1194 in
688 1131 899 1212 provinciam
914 1129 1031 1194 misso.

205 1237 237 1298 ὅ·
245 1235 398 1302 Tandem
409 1237 570 1302 Summus
580 1238 748 1315 Pontifex,
761 1259 841 1304 cum
854 1241 897 1302 sit
907 1239 1061 1304 omnium
1071 1237 1224 1302 fidelium
1232 1243 1343 1322 caput,

170 1349 282 1426 pastor
292 1345 508 1426 etmagisten
517 1346 1018 1428 judicemaliumnonagnoscit
1027 1347 1092 1410 nisi
1105 1345 1216 1410 solum
1224 1346 1342 1422 Deum,

171 1457 204 1514 ut
217 1457 353 1517 consini
368 1471 411 1517 ex
426 1454 528 1518 variis
544 1456 693 1519 textibus
709 1453 744 1518 et
758 1455 861 1518 etiarn
876 1455 1068 1519 erratione
1084 1453 1241 1518 naturali.

206 1557 256 1622 IV.
274 1559 448 1638 Quaeritur
458 1579 503 1624 on
512 1561 624 1626 clerici
633 1563 830 1626 contrariare
838 1563 971 1646 possint
973 1561 1155 1646 privilepr'o
1164 1561 1238 1642 sori
1249 1559 1345 1624 eccle-

167 1667 293 1730 siastici
300 1667 368 1730 ?-
382 1667 481 1751 Resp.
499 1669 670 1750 negative.
688 1668 724 1732 ld
739 1673 874 1732 constat
891 1669 943 1731 :1⁰
968 1687 1011 1730 ex
1025 1687 1097 1750 cap.
1115 1667 1154 1730 td
1168 1669 1345 1750 praesentis

172 1774 276 1852 tituli;
315 1778 398 1840 ΨΘΧ
424 1777 567 1853 ratione,
590 1796 670 1842 nam
696 1775 916 1860 priuilegium
938 1777 1030 1842 istud
1057 1783 1109 1842 est
1120 1779 1208 1860 juris
1222 1776 1347 1860 publici

168 1887 200 1945 et
214 1885 275 1946 toti
291 1884 396 1948 statui
410 1882 552 1947 clericuli
565 1883 697 1966 publice
712 1883 895 1959 indultum,
915 1904 984 1949 non
996 1890 1112 1948 autem
1124 1885 1303 1966 personale
1315 1888 1350 1947 et

167 1993 339 2074 privatum
365 1991 580 2073 singulorum
601 1992 818 2068 clericorum3
836 2011 918 2074 crgo
934 1993 1139 2056 renuntiatio
1156 1992 1292 2058 nonnisi
1308 1991 1349 2056 ab

168 2117 206 2163 eo
220 2101 275 2164 cui
291 2099 449 2164 subditus
459 2105 511 2164 est
521 2105 629 2164 status
639 2099 802 2164 clericalis
815 2099 999 2183 procedere
1010 2106 1136 2184 posset.
1149 2100 1218 2164 Hoc
1229 2119 1349 2164 rerum

167 2213 303 2272 estnon
327 2212 461 2272 tantum
486 2208 599 2292 quoad
615 2226 735 2271 causas
751 2207 942 2290 spirituales
968 2209 1003 2270 in
1029 2201 1150 2291 quibus
1176 2207 1367 2289 exemptio·

167 2315 346 2380 evidenter
360 2315 508 2398 estjnris
524 2315 640 2392 divini,
658 2315 716 2378 sed
743 2316 845 2379 etiam
869 2315 909 2379 de
936 2315 1178 2399 temporalibus
1192 2320 1226 2379 et
1239 2316 1317 2399 prof
1337 2352 1348 2360 -

168 2423 229 2486 nis.
246 2424 280 2485 3·
302 2421 432 2486 Deinde
447 2422 575 2486 nedum
595 2422 686 2486 licito
701 2423 745 2484 sit
759 2423 976 2497 renuntiatio,
997 2441 1108 2505 poenae
1126 2422 1228 2486 variae
1249 2423 1349 2486 stabi-

166 2528 296 2594 liuntur
310 2535 430 2594 contra
444 2528 585 2593 clericos
610 2530 847 2593 renuntiantes
862 2529 1040 2612 privilegio
1056 2531 1131 2606 fori,
1156 2535 1194 2592 ut
1215 2536 1348 2594 constat

166 2657 207 2700 ex
220 2639 347 2702 eodem
370 2639 493 2720 capite.
513 2637 626 2700 Poenae
650 2637 832 2720 ejusmodi,
850 2637 924 2701 aliae
939 2637 1015 2702 latae
1038 2638 1167 2702 suntin
1182 2643 1343 2713 actorem,

164 2745 237 2810 aliae
251 2747 290 2810 in
305 2765 417 2810 reum.

204 2858 236 2918 i·
252 2855 287 2920 Si
302 2855 443 2920 clericus
460 2859 555 2919 actor
568 2855 672 2919 aliurn
691 2854 852 2920 clericum
867 2855 978 2920 trahat
992 2855 1033 2920 ad
1046 2856 1196 2938 jndicem
1211 2854 1345 2922 saecula-

166 2983 249 3041 rem,
262 2963 378 3048 perdit
393 2981 544 3040 oausam,
570 2964 598 3026 si
614 2983 655 3027 ea
669 2963 777 3027 civilis
794 2964 848 3038 sit,
866 2967 900 3026 et
920 2963 994 3046 ipso
1008 2963 1098 3028 iacto
1112 2967 1344 3029 excommuni-

166 3077 271 3136 catur.
296 3073 330 3135 θ’
352 3071 498 3142 (doricus
513 3089 595 3136 vero
617 3091 707 3148 reue,
724 3089 839 3136 coram
850 3071 965 3154 judice
988 3071 1139 3137 saeculari
1154 3073 1345 3138 voluntarie

166 3180 392 3265 respondens,
410 3181 438 3244 si
453 3199 556 3248 canoa
570 3181 615 3244 sit
634 3180 751 3256 civilis,
774 3199 850 3244 earn
867 3181 995 3263 perdit;
1016 3181 1044 3244 si
1059 3200 1162 3246 causa
1178 3183 1222 3245 sit
1235 3181 1346 3246 orimi-

167 3287 263 3366 nulis‚
279 3288 407 3352 amittit
418 3288 532 3353 locum
547 3307 648 3356 suurn
659 3295 693 3353 et
703 3289 826 3372 deponi
838 3289 939 3352 debet
949 3289 991 3352 ab
999 3289 1111 3354 officio
1122 3290 1343 3353 ethenefloio:

167 3396 226 3461 hos
242 3404 361 3462 tomen
377 3415 498 3480 poenas
518 3415 587 3462 non
608 3399 751 3462 incurrit
774 3397 848 3480 ipso
865 3399 953 3480 jure,
973 3397 1034 3462 sed
1047 3403 1126 3482 post
1139 3399 1345 3463 sententiam

163 3505 289 3586 judicis
305 3505 523 3572 ecclesiastici
537 3506 594 3588 (cf.
613 3506 751 3572 Constit.
770 3506 887 3591 Apost.
904 3505 996 3584 Sed,
1014 3507 1043 3582 i',
1061 3509 1121 3589 ii).

634 3731 791 3794 seculo
820 3731 876 3796 IV.

377 3876 425 3931 De
441 3876 512 3931 iero
529 3877 741 3944 privileointo
758 3876 981 3941 quorumdam
997 3875 1167 3930 laicorum.

206 4039 231 4106 l.
250 4041 394 4119 Quidam
409 4040 484 4106 laici
497 4041 634 4118 habent,
659 4058 720 4106 seu
735 4038 816 4105 olirn
838 4037 1008 4105 trabebant
1021 4041 1133 4102 sorum
1154 4037 1344 4122 privilegia-

169 4157 253 4226 tum,
271 4156 307 4214 et
326 4155 430 4214 sunt:
452 4151 483 4212 1⁰
496 4167 652 4232 personae
676 4147 903 4223 miserabiles3
927 4149 960 4210 2⁰
975 4147 1115 4224 milites;
1139 4144 1171 4210 3ο
1187 4146 1342 4224 studiosi,

168 4259 246 4323 Μ’
257 4257 427 4342 principes
444 4275 505 4322 sen
518 4257 649 4322 nobiles
664 4257 807 4341 imperio
821 4257 974 4322 Romano
990 4255 1143 4338 subjecti.
1160 4255 1207 4319 De
1221 4255 1344 4338 quibus

166 4387 276 4452 pauca
290 4373 409 4433 notare
425 4371 606 4432 contentus
621 4385 698 4430 sum
715 4387 721 4428 :

207 4479 241 4541 1ο
252 4475 459 4541 Miserabiles
473 4493 630 4559 personae
645 4475 699 4541 hic
711 4474 870 4540 dicuntur
878 4475 1013 4561 pupilli,
1033 4475 1112 4538 licet
1135 4477 1266 4538 tutores
1285 4473 1344 4538 ha-

168 4585 286 4660 beant3
302 4583 426 4662 viduae,
441 4580 520 4649 licet
533 4603 603 4649 non
618 4585 687 4648 sint
696 4603 864 4668 pauperes
875 4603 882 4658 ;
893 4584 1044 4665 semina,
1062 4583 1165 4646 etiam
1176 4581 1341 4648 hahentes

168 4691 341 4767 maritum,
372 4691 507 4774 quando
530 4693 571 4755 ab
599 4692 671 4774 ipso
701 4691 834 4754 defendi
863 4695 1048 4773 nequeunt,
1081 4695 1116 4753 et
1137 4687 1343 4770 generaliter
