3504 5566
533 599 619 644 trena
639 598 790 644 sncunous
810 598 1031 644 nncnnrnnnne.
1312 587 1370 652 135

194 721 322 787 vender.
341 718 581 803 obligationis:
606 719 654 784 ita
673 720 731 802 jus
753 717 849 786 Rom.
865 719 991 784 Locum
1014 720 1117 786 hebet
1129 721 1219 788 inter
1232 723 1370 790 easdem

193 847 369 915 personas,
384 829 420 894 in
434 827 555 894 eadem
567 828 711 904 actione,
732 833 766 894 et
776 829 897 894 eadem
911 846 1024 908 cause,
1042 849 1103 896 seu
1118 830 1232 897 medio
1246 835 1369 916 agendi

193 941 233 1022 (c.
251 941 290 1004 13
302 941 336 1004 h.
354 939 402 1020 ι).
417 937 575 1022 Alioquin
591 957 661 1004 non
675 938 838 1022 procedit,
856 937 928 1003 sive
945 937 1015 1003 sint
1036 939 1181 1005 diversee
1201 959 1368 1026 personae,

193 1049 266 1114 sive
281 1049 456 1114 diversum
468 1065 602 1132 corpus,
619 1051 679 1112 ant
692 1064 748 1112 res
771 1065 847 1131 quae
860 1049 997 1132 petitur,
1015 1049 1087 1113 sive
1112 1049 1246 1115 diversa
1266 1067 1371 1117 censa

194 1157 360 1241 petendi:
393 1161 431 1222 ut
458 1157 487 1220 si
514 1157 596 1240 petii
618 1156 764 1222 fundum
798 1176 841 1221 ex
874 1173 977 1222 causa
1004 1155 1122 1240 legati,
1152 1157 1232 1222 licet
1259 1159 1369 1224 victus

194 1267 335 1342 luerim,
363 1270 482 1349 potero
511 1265 672 1330 eumdem
697 1265 844 1330 fundum
870 1269 986 1350 petere
1013 1285 1057 1331 ex
1083 1284 1187 1332 causa
1210 1266 1367 1346 dominii,

194 1374 250 1439 vel
271 1374 398 1451 donati,
425 1377 502 1450 etex
527 1374 618 1439 unde
643 1391 702 1440 reo
726 1373 893 1452 absoluto,
919 1375 1089 1459 quianon
1109 1376 1315 1458 possidebat,
1341 1379 1369 1442 si

194 1484 319 1549 iterum
339 1482 513 1567 possidere
532 1483 686 1567 incipiet,
713 1502 782 1549 non
803 1484 944 1569 prodest
966 1483 1120 1568 exceptio
1140 1484 1189 1549 rei
1209 1484 1368 1569 judicetae

194 1593 233 1674 (c.
252 1593 338 1658 1311.
356 1593 404 1674 t).

232 1701 265 1765 b
290 1699 451 1786 Exceptio
469 1709 590 1782 metus,
610 1705 674 1766 'seu
699 1701 795 1785 quod
813 1709 923 1766 metus
946 1719 1050 1766 caiisa
1072 1702 1236 1786 competit
1256 1702 1287 1766 ei
1311 1703 1368 1786 qui
1463 1681 1465 1695 ’

193 1812 287 1874 melu
301 1809 430 1892 injusto
445 1810 571 1894 ahquid
585 1809 742 1892 promisit
757 1809 848 1886 dare,
865 1816 904 1873 ut
918 1814 1068 1875 actorem
1082 1809 1118 1875 id
1131 1813 1305 1893 petentem
1317 1829 1369 1875 re·

193 1917 306 2002 pellat.
1392 1913 1398 1922 '

232 2029 265 2091 δ’
279 2029 438 2112 Exceptio
459 2027 531 2093 dcii
542 2028 706 2112 competit
720 2029 752 2093 ei
767 2028 825 2112 qui
844 2027 921 2093 dolo
947 2027 1107 2093 inductus
1123 2027 1249 2113 aliquid
1270 2028 1368 2094 elteri

193 2137 351 2220 promisit
365 2158 372 2199 :
387 2157 419 2201 v.
433 2157 467 2220 g.
484 2138 600 2202 dixisti
620 2143 653 2202 te
667 2155 742 2202 esse
757 2139 868 2203 civem
882 2137 1211 2222 Nicolspurgensem,
1229 2155 1294 2219 ego
1309 2137 1367 2201 tibi

192 2246 334 2328 promisi
346 2251 523 2322 mutuum;
538 2247 678 2313 interim
691 2247 800 2312 rescio
814 2251 847 2312 te
864 2265 939 2311 esse
951 2246 1127 2311 hominem
1142 2265 1280 2328 vagum

231 2355 264 2418 6·
277 2353 439 2440 Exceptio
455 2357 575 2419 erroris
582 2355 746 2439 competit
759 2355 801 2432 ei,
818 2356 996 2438 quierrore
1006 2353 1367 2438 lapsusaliquidstipu-

190 2460 275 2528 lenti
288 2463 453 2546 promisit,
472 2463 563 2546 quod
577 2465 775 2548 promittere
790 2482 861 2529 non
875 2464 1059 2539 debueret,
1074 2467 1113 2526 ut
1127 2465 1156 2528 si
1172 2447 1296 2548 putans
1310 2482 1366 2529 me

190 2571 250 2634 tibi
266 2571 389 2637 debere
408 2576 557 2650 centnm,
575 2589 634 2638 eos
645 2572 703 2637 tibi
725 2572 899 2656 stipulanti
913 2572 1120 2656 promittam.
1137 2571 1237 2636 Error
1250 2575 1366 2636 eutem

189 2669 254 2744 iste
270 2679 372 2745 dehet
385 2699 461 2746 esse
477 2684 611 2746 tantum
633 2681 669 2746 in
689 2699 803 2758 causa,
829 2685 867 2746 ut
887 2683 963 2766 ipso
978 2682 1189 2764 meritojure
1205 2679 1367 2746 subsistat

189 2789 316 2853 lactum
333 2809 340 2851 :
357 2789 386 2852 si
400 2789 492 2853 enim
507 2807 602 2854 error
616 2789 708 2854 sitin
722 2807 875 2875 corpore,
892 2808 954 2856 sou
969 2789 1168 2866 substantia,
1178 2789 1234 2854 vel
1246 2789 1365 2872 inper-

190 2913 285 2972 sone,
302 2896 357 2962 vel
368 2897 404 2962 in
419 2898 530 2982 specie
543 2903 747 2976 contractus,
765 2899 1072 2964 nonhabetlocum
1087 2899 1241 2982 exceptio
1253 2897 1341 2982 juris
1355 2919 1362 2973 ;

188 3004 269 3088 quia
297 3023 340 3069 ex
362 3009 440 3069 ectu
462 3005 556 3070 nullo
580 3006 675 3072 nulla
697 3007 848 3073 nascitur
870 3006 1042 3090 obligatio,
1061 3009 1095 3071 et
1116 3008 1366 3090 consequenter

189 3131 301 3197 neque
325 3113 479 3197 exceptio
502 3114 638 3198 proprie
665 3114 754 3180 dicte
778 3114 896 3180 elisiva
916 3113 1077 3188 actionis3
1100 3113 1160 3177 sed
1184 3113 1257 3178 sola
1284 3115 1364 3178 tunc

187 3221 340 3303 procedit
353 3221 508 3304 exceptio
523 3223 613 3300 tacti,
635 3241 696 3287 seu
705 3221 864 3305 allegatio
877 3209 1041 3287 nullitetis
1050 3226 1157 3304 actus.
1169 3219 1273 3286 Porro
1285 3237 1364 3284 cum

188 3331 343 3414 exceptio
367 3331 490 3395 erroris
512 3350 583 3396 non
604 3330 729 3397 habeat
748 3349 876 3397 nomen
899 3329 1074 3415 proprium
1096 3330 1233 3412 injure,
1249 3329 1362 3396 vocari

188 3437 277 3502 solet
291 3439 439 3522 exceptio
454 3439 490 3502 ix
503 3440 646 3520 fectum.

229 3547 262 3608 7ο
275 3527 436 3629 Exceptio
457 3563 526 3608 nox
547 3553 734 3611 numerate
751 3547 905 3632 pecuxix
926 3544 1089 3628 competit
1103 3545 1134 3610 ei
1153 3545 1211 3630 qui
1232 3562 1291 3628 spe
1311 3545 1363 3608 tu-

189 3657 273 3718 turae
287 3653 534 3718 numerationis
558 3654 820 3738 chirographum
840 3655 983 3737 scripsit,
1000 3657 1035 3718 et
1048 3657 1164 3720 tamen
1182 3653 1361 3736 pecuniam

188 3765 403 3826 numeralem
424 3777 494 3826 non
517 3762 668 3845 accepit:
693 3761 771 3826 telis
795 3762 888 3826 eninr
900 3761 1062 3838 scribens,
1079 3762 1201 3827 saltem
1219 3759 1363 3827 civiliter

188 3869 358 3951 obligetur
383 3887 427 3933 ex
450 3873 625 3933 contractu
648 3868 939 3954 chirographario;
965 3889 1079 3954 neque
1094 3874 1210 3934 temen
1224 3885 1361 3952 aequnm

189 3981 342 4042 osteum
367 3976 587 4042 condemnari
614 3977 658 4042 ad
691 3977 899 4042 solvendum
920 3977 1011 4062 quod
1035 3995 1106 4044 non
1134 3975 1263 4061 accepit
1287 3995 1295 4038 ε
1322 3993 1362 4043 ac

187 4085 329 4169 proinde
351 4085 415 4150 hac
429 4085 627 4170 exceptione
651 4104 688 4151 se
704 4084 864 4162 tuebitur,
885 4085 1071 4152 dummodo
1085 4084 1179 4152 illam
1193 4089 1362 4169 proponet

189 4193 278 4259 intra
290 4193 477 4258 biennium.

228 4303 260 4366 8ο
273 4301 434 4388 Exceptio
443 4305 539 4388 pecti
551 4305 592 4368 de
605 4321 674 4368 xcx
683 4303 830 4390 petendo
845 4304 1007 4388 competit
1025 4302 1169 4369 debitori
1191 4319 1270 4368 cum
1293 4321 1361 4388 quo

187 4415 306 4494 pactus
320 4414 373 4477 est
386 4411 534 4477 creditor
549 4412 640 4496 quod
660 4409 812 4476 debitum
827 4416 982 4496 repetere
997 4409 1092 4489 nolit,
1106 4409 1162 4476 vel
1176 4411 1219 4475 ab
1234 4429 1275 4476 eo
1290 4414 1362 4476 tan·

189 4523 277 4596 tum,
295 4519 495 4614 ettnncillc
510 4519 603 4585 solus
624 4519 797 4596 liberatur,
822 4515 857 4585 et
873 4537 943 4585 non
966 4517 1120 4584 haeredes
1144 4520 1237 4602 eJus3
1260 4517 1316 4583 vel
1340 4538 1361 4583 e

189 4627 294 4703 nullo,
313 4633 348 4694 et
360 4632 442 4695 tunc
454 4629 607 4714 exceptio
622 4628 687 4694 iste
695 4629 836 4712 prodest
849 4628 953 4694 etiem
963 4626 1156 4692 baeredibus
1177 4625 1359 4693 debitoris:

189 4753 270 4802 nam
284 4735 342 4804 uli
357 4741 455 4822 pacto
470 4737 561 4823 prior
575 4737 735 4822 obligatio
751 4757 820 4806 non
833 4737 971 4816 tollitur,
990 4753 1070 4802 cum
1081 4740 1219 4822 pactum
1233 4753 1303 4804 non
1317 4735 1361 4801 sit
