3510 5574
364 575 424 638 220
826 591 878 639 rus
898 591 1078 638 cassaretur.

364 711 476 796 quoad
489 717 614 778 sotum.
626 711 723 778 Ratio
738 709 947 796 posterioris,
964 709 1045 796 quia
1055 710 1112 776 vel
1125 715 1291 795 patronus
1305 711 1477 778 amitteret
1485 713 1543 794 jus

365 825 576 908 patronatus,
595 821 652 888 vel
664 821 807 890 oollator
816 824 876 906 jns
888 819 1004 888 libera
1020 818 1222 888 collationis.

715 1015 758 1067 111.
776 1015 816 1068 be
829 1011 970 1068 divisione
983 1011 1197 1068 mustelarum.

406 1154 438 1229 al
454 1151 580 1216 Divisio
595 1169 657 1216 seu
680 1149 780 1214 sectio
801 1148 958 1214 beneficii
977 1153 1030 1214 ast
1045 1151 1142 1214 sotus
1159 1147 1336 1231 legitimus
1350 1167 1418 1235 qno
1431 1155 1544 1215 auoto-

365 1261 464 1325 n'tate
478 1260 674 1344 superioris,
686 1260 731 1324 ob
742 1262 873 1342 justam
886 1277 1037 1334 eausam,
1049 1277 1093 1323 ex
1108 1275 1178 1324 uno
1192 1259 1360 1324 beneficio
1374 1259 1463 1324 finnt
1477 1258 1544 1323 duo

366 1367 420 1434 vol
434 1365 541 1452 plura,
553 1387 586 1432 v.
598 1388 632 1450 g.
644 1368 673 1432 si
687 1367 780 1433 idem
794 1367 962 1452 parochus
977 1385 1047 1432 non
1061 1370 1180 1450 posset
1193 1365 1459 1448 obligationibus
1474 1385 1544 1430 suas

366 1477 533 1562 paroobim
558 1478 725 1544 sulssoere.
745 1477 874 1542 Divisio
897 1477 1105 1560 permittitur
1127 1477 1286 1560 episeopo
1308 1475 1422 1559 quoad
1443 1477 1546 1540 bene·

364 1587 441 1652 tioia
463 1588 676 1672 auhjodau
697 1589 811 1654 adsint
827 1591 931 1672 justae
947 1606 1077 1667 genuam,
1093 1588 1257 1670 legitima
1279 1585 1492 1653 conditiones
1512 1590 1547 1651 et

366 1697 537 1782 requisitae
554 1696 804 1774 solemnitatem
819 1697 903 1762 alias
922 1702 1015 1762 esset
1031 1697 1213 1781 prohibita,
1229 1697 1310 1781 quia
1328 1715 1390 1780 per
1412 1695 1546 1762 divisio-

366 1823 447 1871 nem
460 1809 614 1872 mutatur
628 1809 737 1872 status
753 1806 915 1884 ecelesia,
932 1807 1024 1891 quod
1039 1806 1114 1871 sine
1133 1808 1228 1889 justa
1245 1823 1350 1870 ouusa
1370 1807 1405 1870 et
1425 1803 1546 1870 debitis

365 1913 617 1980 eonditionibus
637 1915 711 1980 flori
732 1917 862 2000 nequit.
883 1915 1070 1981 Concilium
1096 1915 1333 1980 Tridentinurn
1354 1914 1428 1979 sine
1443 1913 1548 1978 ambi-

366 2024 496 2104 guitate
509 2025 574 2092 boo
583 2027 642 2110 jus
656 2025 775 2090 tribuit
790 2027 971 2110 episeopis;
988 2029 1023 2090 et
1037 2027 1066 2089 si
1085 2025 1282 2110 aliquandiu
1305 2023 1389 2089 illud
1404 2025 1461 2104 ius
1484 2023 1548 2086 init

369 2131 577 2220 denegatum
595 2154 616 2200 a
634 2136 666 2200 S.
684 2135 850 2218 congreg.
867 2135 980 2212 Cone,
996 2135 1142 2200 defectui
1165 2152 1278 2200 oausae
1300 2132 1463 2215 legitimae
1484 2132 1548 2196 hoo

369 2243 470 2310 tribui
486 2245 596 2310 debet.
614 2245 755 2323 Quando
768 2245 928 2330 parocbia
941 2245 1055 2329 aliqua
1069 2245 1104 2309 in
1119 2245 1205 2309 duas
1219 2243 1390 2317 dividitur,
1407 2242 1549 2307 eoolesia

370 2354 481 2436 prima
504 2355 627 2420 dieitur
651 2357 795 2435 matrr'a,
818 2361 854 2420 et
878 2356 1013 2420 noviter
1040 2359 1154 2420 ereata
1177 2353 1294 2435 filialis
1309 2371 1321 2418 :
1339 2351 1421 2418 olim
1446 2352 1549 2416 flebat

370 2465 556 2529 reservatio
575 2483 700 2530 eensus
721 2465 757 2529 in
781 2465 920 2547 signum
933 2463 1066 2546 {veteris
1089 2463 1326 2546 subjectionis,
1341 2461 1398 2526 val
1417 2461 1549 2526 matrioi

372 2572 524 2640 eeclesia
541 2575 782 2640 reservabatur
799 2576 877 2640 lons
891 2572 1113 2658 baptismalis.
1129 2571 1172 2636 at
1182 2572 1284 2638 hodie
1296 2572 1386 2656 apud
1402 2590 1466 2636 nos
1480 2589 1549 2636 non

373 2689 529 2750 remanet
543 2669 728 2748 matrioitas
742 2684 877 2769 proprie
892 2684 990 2760 dieta,
1008 2701 1069 2747 sen
1084 2699 1163 2747 oum
1176 2680 1325 2747 realibus
1342 2680 1399 2745 vel
1416 2679 1550 2746 honori-

373 2791 446 2857 llois
457 2793 602 2880 juribus.

412 2901 509 2967 Justa
522 2919 625 2966 eausa
639 2903 740 2968 uniea
754 2907 816 2980 est,
834 2903 997 2967 nimirum
1009 2901 1112 2986 quod,
1129 2902 1262 2968 seclusa
1275 2899 1452 2976 divisione,
1470 2899 1551 2965 obli-

376 3007 571 3089 gationibus
586 3010 699 3074 ottioio
714 3011 991 3076 incumbentibus
1007 3010 1165 3074 satisfieri
1178 3011 1308 3094 nequit.
1320 3009 1414 3074 Unde
1430 3009 1551 3073 divisio

375 3135 445 3182 non
458 3123 511 3182 est
522 3117 686 3196 iacienda,
700 3123 774 3184 turn
785 3137 935 3184 eaoausa
946 3119 1025 3204 quia
1031 3118 1265 3203 multiplicatio
1273 3119 1552 3184 beneficiatorum

374 3229 518 3308 augeret
531 3226 662 3292 uultum
677 3227 846 3304 divinum3
864 3233 938 3292 tum
953 3229 1057 3294 etiarn
1070 3229 1150 3314 quia
1159 3229 1320 3312 parochia
1333 3225 1551 3291 multitudine

374 3334 659 3418 parochianorum
673 3337 873 3413 abundarat,
892 3336 1014 3401 saltam
1029 3338 1057 3428 si
1072 3355 1162 3402 unus
1173 3341 1294 3412 rector,
1309 3335 1384 3401 aliis
1399 3334 1553 3400 sacerdo-

376 3441 466 3508 tibus
475 3443 532 3508 vel
545 3441 674 3510 oleriois
689 3446 725 3510 in
738 3445 903 3510 auxilium
916 3447 1111 3531 assumptis,
1130 3451 1247 3530 posset
1259 3445 1418 3511 omnibus
1432 3443 1552 3508 ovibus

376 3558 589 3618 sacramenta
598 3553 835 3620 administrare
847 3575 854 3618 :
868 3555 973 3637 igitur
988 3555 1081 3620 solus
1091 3573 1256 3619 numerus
1271 3553 1553 3638 parochianorum

376 3677 446 3724 uon
459 3661 583 3726 snlssoit
596 3663 639 3727 ad
659 3663 863 3728 divisionem
878 3669 937 3730 aut
952 3665 1289 3730 dismembrationem
1304 3661 1551 3747 parochiarum,

375 3781 453 3832 oum
471 3771 708 3836 numerositati
728 3774 879 3838 suoourri
891 3775 1001 3858 possit
1019 3792 1081 3857 per
1101 3774 1203 3838 unius
1221 3772 1277 3837 vel
1292 3772 1441 3856 plurium
1455 3769 1554 3836 eoad-

373 3878 528 3959 jutorum
546 3878 813 3964 deputationenr.
837 3881 954 3966 ltaque
974 3883 1165 3964 generatim
1185 3899 1289 3947 eausa
1309 3879 1462 3962 legitima
1475 3897 1554 3944 oon-

377 3985 466 4051 sistit
480 3987 515 4052 in
528 3987 682 4054 locorum
697 3990 859 4056 distantia
872 3991 928 4058 vel
943 3991 1151 4057 difficultate.

417 4095 676 4177 emendationes
699 4099 871 4182 requisitae
894 4105 1019 4184 praeter
1039 4102 1170 4182 justam
1189 4117 1339 4175 oausam,
1357 4097 1433 4162 duae
1452 4101 1553 4160 sunt:

378 4203 408 4266 1⁰
424 4207 462 4267 ut
474 4205 586 4288 portio
605 4205 704 4272 novis
718 4207 928 4273 benesseiatis
948 4209 1121 4291 assignata
1142 4225 1204 4290 per
1227 4205 1442 4282 divisionem,
1457 4203 1499 4267 ii's
1513 4201 1556 4267 ad

377 4324 565 4393 congruam
580 4317 865 4381 sustentationem
880 4317 1041 4394 sufficiat;
1060 4333 1158 4380 seous
1171 4315 1301 4399 provisi
1315 4315 1351 4377 in
1365 4310 1557 4396 praebendis

378 4419 426 4484 ita
447 4419 564 4486 divisis
583 4423 753 4488 aotionem
768 4424 812 4490 ad
832 4423 1136 4507 redintegrandum
1158 4423 1360 4508 praebendas
1378 4421 1557 4486 instituere

379 4535 650 4612 possuntoontra
660 4532 868 4618 episcopum,
881 4533 940 4618 qui
954 4537 1091 4598 tenetur
1103 4533 1262 4617 supplere
1275 4551 1316 4597 ex
1330 4529 1404 4597 aliis
1413 4546 1559 4614 proven-

380 4637 488 4714 tibus;
504 4639 537 4702 t·
556 4643 595 4703 ut
608 4640 788 4725 episeopus
802 4641 858 4706 vel
875 4641 1030 4724 superior
1044 4640 1102 4724 qni
1118 4639 1321 4706 divisionem
1335 4639 1432 4715 ladit,
1448 4639 1559 4702 inten-

381 4745 439 4810 dat
449 4745 574 4829 eligere
585 4767 645 4814 seu
661 4767 862 4833 promovere
878 4749 963 4813 duos
978 4748 1020 4814 ad
1036 4747 1407 4831 duojuraetbenetloia
1417 4745 1458 4811 de
1467 4762 1571 4812 novo
