3510 5574
853 579 903 626 ins
925 579 1106 628 senonicus.

660 779 691 828 ii,
710 777 749 828 ite
763 775 911 829 etiectibus
924 776 1045 840 precarii
1059 776 1089 828 et
1101 775 1305 842 precariarum.

433 930 465 1013 α)
479 928 629 1012 Effectus
636 929 795 1014 precarii.
810 929 842 992 l⁰
856 927 905 992 lix
918 933 1014 1013 parte
1030 929 1233 1014 accipientis,
1250 933 1303 993 est
1321 931 1379 1012 jus
1401 929 1519 993 utendi
1534 945 1571 994 re

391 1038 543 1122 precaria
556 1037 646 1113 data,
664 1041 699 1100 et
713 1037 886 1122 possessio
901 1037 951 1102 rei
966 1037 1079 1122 quoad
1093 1037 1158 1102 hoc
1170 1039 1228 1120 jus
1240 1037 1369 1102 utendi.

431 1147 463 1210 90
478 1145 516 1210 tn
531 1145 716 1230 precarista
729 1146 882 1210 nascitur
895 1145 1058 1228 obligatio
1076 1146 1280 1212 restituendi
1305 1163 1379 1212 rom
1401 1145 1446 1210 ad
1470 1145 1572 1228 placi-

391 1261 465 1319 tum
480 1254 685 1330 revocantis,
702 1259 738 1317 et
752 1252 914 1336 obligatio
929 1253 1114 1338 praestandi
1134 1252 1270 1339 culpam
1283 1253 1399 1331 latam,
1416 1271 1486 1318 non
1502 1257 1573 1319 tan-

390 1369 464 1428 tum
477 1361 591 1428 levem
605 1367 641 1426 et
652 1361 876 1440 levissimam,
898 1367 972 1426 tum
987 1363 1068 1447 quia
1087 1362 1279 1446 precarium
1293 1379 1363 1428 non
1384 1369 1437 1427 est
1455 1361 1570 1426 stricte

388 1475 593 1549 connactus,
612 1476 686 1535 tum
701 1471 782 1556 quia
795 1477 849 1536 est
862 1470 994 1555 species
1009 1471 1166 1536 beneficii
1181 1488 1244 1555 pro
1258 1470 1382 1554 placito
1400 1469 1571 1535 revocabi-

386 1579 440 1645 lis.
457 1580 605 1666 Ideoque
621 1584 702 1664 jura
720 1579 906 1645 noluerunt
922 1580 1144 1665 precaristam
1162 1577 1317 1661 obligari,
1335 1579 1401 1642 nisi
1421 1578 1464 1643 ad
1481 1578 1570 1643 ordi-

387 1691 520 1757 nariam
534 1690 737 1768 custodiam,
752 1708 814 1756 sen
828 1689 871 1756 ad
886 1689 1121 1774 praestandum
1135 1687 1253 1754 dolum
1268 1693 1303 1753 et
1316 1687 1451 1771 culpam
1464 1687 1570 1752 letam

389 1797 564 1869 duntaxat.
588 1800 631 1864 At
654 1800 682 1864 si
707 1799 893 1883 precarista
919 1799 964 1864 sit
985 1799 1021 1864 iu
1043 1817 1142 1864 mora
1164 1797 1383 1874 restituendi,
1406 1801 1568 1880 praestare

388 1905 490 1972 debet
501 1926 641 1972 omnem
653 1907 800 1994 culpam,
816 1909 896 1993 quia
909 1927 1008 1976 mora
1021 1907 1197 1992 culpabilis
1213 1907 1245 1971 ei
1262 1924 1386 1972 nocere
1402 1905 1514 1982 debet,
1535 1909 1570 1968 et

388 2033 458 2080 non
475 2016 627 2082 domino.

310 2165 314 2171 -
427 2127 459 2188 30
487 2125 697 2205 Concedens,
728 2132 888 2194 revocato
916 2127 1081 2212 precario,
1107 2127 1212 2193 habet
1238 2119 1305 2209 pro'
1328 2143 1365 2190 re
1394 2142 1457 2189 sua
1473 2141 1569 2188 recu-

386 2234 537 2316 peranda
547 2234 767 2302 interdictum
785 2237 1036 2301 restitutorium
1053 2235 1094 2300 de
1109 2234 1283 2318 precario;
1304 2251 1386 2299 nam
1409 2236 1568 2297 revocato

386 2344 587 2425 precatorio,
602 2363 741 2428 aequum
755 2349 808 2409 est
820 2345 1076 2428 possessiouem
1089 2345 1140 2409 rei
1151 2343 1297 2408 restitui.

428 2450 458 2531 b)
473 2449 622 2534 Effectus
638 2453 883 2535 precariarum.
910 2454 942 2516 10
962 2451 1011 2516 Ex
1029 2456 1125 2536 parte
1143 2451 1352 2516 concedentis
1371 2455 1423 2514 est
1441 2447 1568 2529 obliga-

387 2557 435 2622 tio
456 2558 499 2622 ad
515 2560 785 2642 permittendum
807 2577 910 2623 usum
929 2561 979 2624 rei
1000 2577 1110 2644 usque
1133 2558 1176 2624 ad
1203 2565 1343 2642 tempus·
1359 2563 1567 2623 conventum

387 2683 455 2749 quo
469 2665 579 2744 linito,
591 2667 693 2732 datur
703 2666 859 2732 Ecclesiae
870 2667 957 2732 actio
971 2667 1202 2750 precariarum
1217 2671 1336 2732 contra
1348 2666 1568 2750 precariarum

386 2775 531 2858 ejusque
539 2773 705 2852 haeredes,
718 2775 763 2841 ad
772 2775 1006 2858 prestandum
1020 2775 1056 2840 id
1064 2774 1156 2858 quod
1166 2775 1258 2858 exigi
1266 2778 1380 2858 potest
1387 2793 1431 2838 ex
1444 2779 1567 2838 natura

385 2880 489 2965 hujus
500 2887 706 2948 contractus.

425 2991 458 3054 90
472 2989 630 3074 Experto
647 2993 839 3076 accipientis
855 2999 908 3058 est
924 3013 932 3055 :
948 2993 980 3055 t⁰
990 2994 1048 3075 J'us
1068 2989 1160 3057 reale
1186 2990 1230 3056 ad
1257 3009 1360 3055 usum
1374 2989 1429 3055 vei
1449 3007 1566 3054 usum-

385 3099 534 3162 fructum
559 3099 610 3163 rei
638 3119 645 3162 :
679 3118 724 3164 an
747 3118 830 3164 vero
856 3119 939 3166 usus
968 3099 1024 3165 vel
1052 3099 1268 3163 ususfructus
1296 3099 1341 3162 sit
1364 3116 1563 3172 concessus,

385 3205 420 3270 id
439 3205 552 3270 verbis
570 3211 605 3271 et
622 3206 696 3270 eliis
717 3207 982 3273 circumstantiis
1003 3205 1119 3288 colligi
1146 3205 1263 3284 debet;
1288 3207 1321 3270 90
1341 3205 1502 3288 obligatio
1522 3206 1565 3270 ad

385 3332 459 3378 rem
474 3313 746 3395 diligentissime,
764 3315 838 3379 sine
852 3315 952 3401 crripa
966 3317 1070 3382 etiam
1092 3315 1277 3392 levissima,
1293 3313 1563 3404 custodiendam.

384 3422 417 3483 30
433 3419 600 3504 Competit
614 3421 720 3487 etiam
734 3422 833 3500 actio,
853 3420 975 3488 saltem
989 3423 1166 3499 indirecta,
1183 3429 1303 3488 contra
1311 3421 1505 3497 Ecclesiam,
1522 3420 1564 3486 ad

385 3529 617 3611 praestandum
635 3529 670 3593 id
694 3530 786 3613 quod
809 3549 852 3594 ex
877 3536 1000 3596 natura
1018 3531 1123 3614 huJus
1140 3535 1334 3598 contractus
1352 3549 1491 3614 aequum
1512 3515 1565 3594 est

384 3637 551 3719 praestari.

672 3796 714 3846 iii.
731 3791 840 3854 Quibus
853 3792 946 3846 modis
960 3793 1087 3847 solvatur
1099 3794 1277 3859 precarium?

426 3945 457 4008 t⁰
472 3945 718 4022 Revocatione;
743 3947 775 4009 90
790 3951 901 4012 morte
925 3948 1091 4030 rogantis,
1118 3965 1197 4013 cum
1225 3949 1416 4032 precarium
1441 3949 1485 4012 sit
1506 3950 1570 4026 be„

385 4053 547 4118 neiieium
563 4052 764 4136 personale;
789 4055 823 4117 30
844 4059 955 4119 morte
979 4055 1209 4132 concedentis,
1234 4057 1263 4120 si
1289 4057 1458 4122 concessit
1484 4075 1563 4122 cunr

385 4159 563 4226 clausula«
575 4161 738 4245 usquead
750 4181 867 4226 meum
881 4162 1131 4247 beneplacitum
1144 4189 1172 4240 »,
1186 4165 1266 4248 quia
1278 4163 1440 4230 haeccum
1452 4172 1562 4231 morte

386 4270 546 4353 exspirat.
559 4269 597 4334 *Si
612 4287 695 4334 vero
710 4271 864 4337 absolute
883 4272 1062 4350 concessit,
1079 4290 1150 4338 non
1164 4271 1308 4337 solvitur
1321 4279 1431 4339 morte
1446 4261 1563 4338 conoe-

387 4377 509 4453 dentis,
521 4377 582 4441 sed
601 4378 701 4443 tacite
715 4397 777 4461 per
787 4378 961 4444 heredem
972 4379 1167 4458 innovatur,
1182 4379 1247 4444 nisi
1261 4381 1291 4444 is
1305 4399 1466 4465 expresse
1479 4381 1562 4446 illud

385 4491 533 4562 revocet,
555 4503 598 4548 ex
618 4503 689 4569 cap.
708 4487 766 4550 tin.
793 4485 896 4569 huJus
915 4487 965 4550 tit.
989 4487 1028 4564 8;
1052 4487 1084 4550 40
1111 4486 1316 4553 alienatione
1337 4489 1387 4552 rei
1409 4489 1562 4572 precario

386 4593 483 4656 date.
