3498 5572
371 549 432 614 439
833 563 886 610 rus
907 563 1087 610 asromcmr.

302 695 308 706 ·
371 681 469 758 ebali,
490 681 571 766 quin
583 679 753 763 generalis
772 680 903 748 medios
918 683 953 745 et
967 682 1106 747 intimos
1120 680 1279 765 praelatos
1300 680 1364 750 sibi
1378 681 1553 764 subjectos

372 789 485 856 habet.

409 899 515 964 blus
534 903 713 984 potestatis
736 902 889 985 privatae,
914 904 1042 972 scilicet
1067 907 1218 987 patemae
1244 906 1281 966 et
1302 900 1492 975 dominice,
1519 899 1553 964 vi

371 1011 470 1092 enjus
496 1009 664 1092 imperare
689 1017 803 1095 potest
831 1015 986 1088 subditis,
1012 1014 1100 1078 sicut
1125 1015 1222 1094 pater
1245 1007 1315 1074 tilio
1336 1013 1372 1074 et
1390 1007 1553 1074 dominus

372 1135 487 1192 servo;
503 1119 583 1184 inde
605 1125 720 1202 potest
734 1121 865 1188 irritare
890 1123 1107 1188 subditorum
1131 1125 1223 1196 vota,
1242 1124 1281 1183 ut
1301 1117 1389 1182 inira
1409 1116 1550 1192 dicetur,

372 1231 407 1290 el
419 1227 512 1310 ipsos
527 1228 682 1294 subditos
706 1237 848 1314 paterne
862 1234 1045 1314 corrigere,
1067 1235 1131 1296 etc.
1160 1229 1237 1294 llaec
1256 1231 1409 1311 potestas
1429 1225 1554 1288 sultloit

370 1338 408 1396 ut
422 1335 551 1416 praelati
564 1338 849 1420 possintsubditis
863 1343 934 1406 suis
947 1344 1115 1424 praecepto
1128 1339 1299 1413 intimare,
1312 1354 1387 1419 quae
1399 1353 1459 1399 eos
1470 1333 1554 1398 obli·

369 1447 453 1522 gent
466 1444 501 1508 in
515 1447 735 1524 conscientia,
750 1454 784 1514 et
794 1449 933 1533 quidem
943 1450 1006 1514 sub
1017 1449 1126 1531 gravi.
1146 1447 1198 1511 Ad
1214 1447 1279 1510 hoo
1293 1443 1419 1508 suflicit
1432 1447 1553 1506 votum

374 1555 587 1622 obedientiae.

412 1663 445 1728 3⁰
457 1663 517 1728 lus
529 1669 709 1749 potestatis
722 1669 876 1752 publica,
898 1687 960 1734 seu
976 1667 1224 1752 jurisdictionis
1243 1684 1306 1750 pro
1327 1666 1402 1730 loro
1417 1663 1553 1728 interno

373 1775 408 1834 et
422 1777 575 1850 externo,
590 1779 629 1838 ut
639 1781 774 1842 constat
790 1795 833 1842 ex
848 1795 878 1842 c.
894 1777 914 1840 3
928 1776 971 1842 de
982 1777 1073 1842 Prin.
1090 1776 1126 1840 in
1141 1775 1192 1850 6⁰3
1209 1775 1283 1840 baec
1296 1771 1489 1856 jurisdictio
1502 1774 1554 1834 est

372 1879 552 1957 ordinaria,
583 1889 621 1946 ut
641 1890 776 1950 constat
799 1905 842 1950 ex
863 1888 937 1970 ipso
970 1905 1035 1951 usu
1060 1904 1100 1952 ac
1126 1883 1313 1969 privilegiis
1334 1881 1551 1963 religionum.

372 1985 499 2053 Tamen
526 1989 599 2054 brac
627 1998 779 2075 potestas
804 1994 1062 2076 jurisdictionis,
1086 1992 1256 2059 ordinarie
1277 1988 1461 2074 loquendo,
1482 2005 1553 2052 non

372 2098 536 2178 competit
549 2099 614 2162 nisi
628 2101 861 2184 superioribus
875 2101 1083 2184 religionum
1096 2103 1132 2165 in
1147 2101 1271 2184 quibus
1290 2103 1372 2164 vota
1386 2094 1554 2162 solemnia

245 2216 249 2233 ¹
373 2202 536 2268 existunt.
553 2205 650 2272 Ratio
665 2215 728 2284 est,
746 2211 826 2293 quia
845 2211 970 2276 suflicit
982 2215 1134 2294 potestas
1151 2209 1371 2274 dominstiva.

411 2310 445 2374 4⁰
460 2312 601 2380 Decreta
615 2319 838 2399 temporanea
852 2319 964 2384 iacere
978 2323 1125 2401 possunt
1137 2335 1200 2400 pro
1215 2321 1287 2381 tota
1301 2313 1478 2396 religione,
1498 2329 1551 2374 se·

373 2419 525 2484 cundum
537 2420 665 2486 limites
679 2425 825 2507 propriae
838 2425 978 2507 regulae.
995 2425 1176 2489 Diximus«
1194 2429 1414 2505 temporanea
1428 2439 1460 2495 »3
1473 2435 1554 2481 flam

374 2532 502 2592 statuta
520 2535 696 2613 perpetua,
711 2531 753 2596 de
765 2535 843 2616 iure
860 2534 1036 2598 communi
1050 2533 1166 2598 condit
1178 2530 1364 2616 capitulum
1380 2525 1551 2610 generale.

413 2635 447 2698 ὅΦ
462 2635 579 2700 Potest
589 2637 693 2704 etiarn
706 2639 828 2706 causas
838 2640 1054 2706 subditorum
1069 2639 1113 2704 ad
1128 2657 1164 2704 se
1180 2656 1335 2713 evocare,
1351 2655 1422 2702 non
1437 2640 1553 2699 tamen
1602 2627 1605 2634 “

374 2742 549 2808 subditum
565 2745 752 2812 eximeres
772 2746 1010 2830 jurisdictione
1025 2747 1156 2832 praelati
1170 2745 1341 2812 interioris
1356 2764 1363 2821 ;
1381 2761 1461 2808 nam
1477 2741 1554 2807 talis

374 2853 546 2935 exemptio
562 2859 655 2920 esset
669 2855 866 2922 exorbitans
881 2861 1046 2922 etcontrs
1057 2861 1190 2921 rectum
1201 2855 1368 2920 ordinem.

414 2961 447 3022 6⁰
472 2960 546 3026 Non
572 2963 676 3028 modo
702 2967 830 3045 potest,
859 2963 920 3028 sed
943 2965 1148 3046 gravissima
1184 2962 1391 3044 obligatione
1417 2964 1555 3024 tenetur

375 3067 629 3134 observantiam
643 3071 837 3154 regularem
852 3091 1033 3157 procurare
1046 3073 1245 3138 etlaxitates
1259 3070 1391 3136 tollere.
1425 3071 1428 3080 “

415 3175 443 3253 dl
458 3175 539 3242 tura
556 3179 686 3261 praelati
702 3181 923 3265 provincialis
942 3188 978 3246 et
992 3181 1107 3245 loculis
1120 3181 1311 3262 generatim
1329 3183 1410 3242 sunt
1433 3177 1554 3244 eadem

375 3299 414 3348 ac
425 3286 505 3366 jura
518 3284 648 3368 praelati
662 3285 846 3369 generalis,
863 3305 942 3352 cnm
954 3289 1020 3352 hoc
1036 3287 1243 3364 discrimine,
1261 3287 1352 3370 quod
1363 3285 1556 3349 limitantur

375 3391 507 3456 ratione
526 3393 737 3458 extensionis
756 3393 883 3460 localis.
904 3395 999 3460 Unde
1018 3396 1156 3470 habent,
1179 3413 1250 3460 non
1270 3399 1404 3459 tantum
1421 3395 1480 3477 jus
1498 3409 1555 3474 pa·

375 3503 481 3562 ternae
496 3504 531 3564 et
543 3499 722 3565 dominicae
736 3502 926 3584 potestatis,
941 3503 1002 3568 sed
1017 3503 1121 3568 etiam
1135 3507 1342 3586 potestatem
1350 3499 1556 3584 jurisdictio-

375 3605 439 3669 nis.
464 3603 530 3672 Sed
550 3611 737 3690 potestates
758 3608 929 3692 ejusmodi
942 3610 1080 3693 propria
1092 3609 1212 3692 regula
1231 3609 1365 3674 diverse
1390 3607 1555 3673 coarctari

374 3719 529 3796 possunt.
555 3715 589 3778 Si
613 3715 742 3797 praelati
767 3715 942 3798 regulares
962 3717 1112 3801 exempti
1131 3718 1210 3794 sint,
1236 3735 1334 3781 suam
1352 3714 1556 3798 jurisdictio-

375 3839 456 3884 nem
463 3820 568 3886 libere
577 3840 736 3887 exercere
747 3829 903 3906 possunt,
915 3823 1188 3907 independenter
1195 3825 1238 3888 ab
1252 3823 1423 3908 episcopo,
1435 3840 1555 3904 excep

375 3927 419 3991 tis
433 3926 498 3992 illis
512 3928 647 3993 casibus
662 3930 698 3993 in
714 3929 837 4014 quibus
851 3930 985 4020 dejure
1006 3949 1098 3996 novo
1113 3931 1342 4014 subjiciuntur
1361 3927 1552 3994 ordinariis.

416 4035 548 4100 Praelati
573 4037 749 4119 regulares
772 4038 925 4121 legitime
950 4041 1112 4105 constitui
1133 4045 1288 4122 possunt,
1306 4039 1378 4103 sive
1393 4057 1455 4122 per
1470 4037 1556 4102 desi·

375 4144 575 4223 gnationem
590 4143 735 4210 Romani
749 4145 930 4223 Pontifleis,
953 4148 1025 4212 sive
1040 4166 1103 4230 per
1117 4147 1322 4212 electionem
1335 4147 1399 4210 rite
1411 4146 1554 4222 iactam,

376 4266 500 4333 nempe
516 4256 554 4314 ut
568 4251 770 4318 describitur
780 4253 815 4316 in
828 4251 887 4318 lib.
899 4253 928 4328 ¹1,
947 4254 998 4317 tit.
1015 4254 1057 4318 de
1071 4252 1253 4320 Electiooe.

696 4443 725 4494 11.
747 4443 871 4496 Potestas
885 4443 1042 4508 preposita
1056 4441 1235 4498 monialium.

418 4570 572 4640 Potestas
597 4576 777 4642 abbatissa
791 4578 826 4641 in
841 4577 1008 4646 moniales
1023 4579 1176 4646 subditas
1195 4579 1238 4644 ad
1252 4579 1430 4662 sequentia
1444 4578 1556 4662 capim

377 4683 529 4746 revocari
539 4689 652 4768 potest
665 4703 671 4748 :
