3498 5572
408 558 468 622 450
676 604 678 613 .
871 577 923 624 sus
945 575 1124 625 cmourcuu.

409 699 447 756 ut
460 697 603 758 monent
616 694 846 760 communiter
860 693 931 771 GC,
948 713 1018 760 non
1033 701 1177 778 possunt
1191 696 1323 760 irritare
1340 696 1404 759 nisi
1417 700 1498 760 vota
1512 713 1586 780 quae
1706 689 1707 782 ᾗ

407 799 603 864 domesticae
627 801 779 885 ipsarum
802 803 1043 890 gubernationi
1061 803 1283 887 prejudicare
1302 803 1359 868 vel
1376 804 1498 868 obesse
1512 821 1588 886 pos·
1706 837 1707 890 3

409 913 504 984 sunt;
526 926 606 973 nam
631 927 700 974 non
723 909 851 974 babent
874 911 940 974 nisi
968 915 1175 994 potestatem
1197 910 1430 987 domesticam,
1456 915 1491 976 et
1510 910 1587 974 ideo

405 1015 537 1080 irritare
570 1013 687 1081 valent
723 1021 803 1081 vota
838 1018 1065 1096 subditorum,
1100 1018 1188 1084 sicut
1213 1024 1312 1102 pater
1347 1017 1460 1102 quoad
1499 1016 1587 1082 sslios

408 1123 566 1204 puberes

710 1291 740 1340 11.
758 1291 796 1340 De
809 1289 949 1354 potestate
964 1287 1147 1352 dispensandi
1164 1287 1193 1339 in
1208 1287 1288 1340 votis.

449 1449 473 1512 l.
492 1450 559 1530 Oui
572 1453 765 1538 disperdere
772 1453 904 1537 possint
920 1453 954 1515 in
969 1453 1079 1516 votis?

444 1561 482 1640 o)
500 1559 669 1624 Potestate
690 1559 871 1634 ordinarie,
900 1561 1012 1624 omnis
1035 1567 1070 1624 et
1090 1559 1183 1624 solus
1199 1560 1255 1642 qui
1271 1559 1373 1624 babet
1383 1559 1588 1642 jurisdictio-

410 1684 490 1733 nem
505 1669 711 1734 ordinariam
730 1670 766 1732 iu
784 1669 858 1732 iero
885 1674 1039 1746 externo,
1061 1671 1110 1732 uti
1130 1669 1219 1753 Papa
1236 1671 1271 1733 in
1293 1675 1365 1735 tota
1387 1669 1533 1733 Ecclesia
1554 1674 1588 1730 et

409 1778 520 1860 qrrced
537 1777 653 1842 omnia
666 1781 766 1852 uote3
784 1777 963 1860 episcopus
976 1780 1120 1862 ejusque
1137 1779 1295 1855 vicarius,
1312 1797 1373 1842 seu
1389 1777 1584 1860 capitulum,

410 1887 490 1950 sede
506 1891 659 1964 vacante,
676 1887 711 1949 in
727 1885 936 1950 suadioecesi
949 1892 984 1951 et
997 1905 1075 1952 cum
1084 1887 1297 1964 limitatione,
1313 1907 1373 1951 seu
1385 1885 1586 1970 quibusdam

410 1995 499 2059 votis
512 1995 676 2077 exceptis3
691 1993 795 2076 legati
810 1994 984 2077 apostolici
1002 1996 1037 2058 in
1048 1995 1118 2059 suis
1133 1995 1325 2077 provinciis,
1343 1993 1470 2078 praelati
1487 2011 1587 2072 gene-

410 2103 498 2167 rales
511 2102 546 2165 in
562 2101 633 2165 suis
647 2101 880 2182 religionibus
897 2101 1123 2184 prouinciales
1139 2103 1306 2167 etlocales
1319 2103 1354 2166 iu
1370 2103 1440 2166 suis
1453 2119 1588 2164 monas-

413 2211 515 2288 teriis,
533 2210 637 2276 etiam
661 2210 772 2294 quoad
794 2229 875 2274 suos
890 2210 1049 2285 novitios,
1064 2213 1164 2292 juxta
1178 2211 1348 2274 veriorem
1365 2209 1585 2282 senteutiam,

411 2319 624 2403 quiahabcnt
636 2319 671 2382 in
681 2337 740 2383 eos
755 2322 961 2402 potestatem
977 2317 1189 2400 spiritualem
1198 2317 1472 2382 ecclesiasticam.
1490 2315 1586 2392 Quod

410 2423 1586 2510 haecpotestasdispenssndipertineatadltcelesiamseustummum

410 2532 618 2608 Pontificem,
636 2533 789 2617 aliosque
802 2534 844 2597 ab
858 2533 916 2597 illo
930 2531 1116 2614 delegatos,
1132 2537 1266 2596 constet
1281 2551 1323 2595 ex
1338 2532 1451 2596 verbis
1467 2529 1585 2594 Christi

411 2642 549 2724 (Malib,
566 2661 630 2718 xvi,
654 2643 703 2722 19)
719 2642 882 2706 tradentis
900 2645 1106 2723 potestatem
1117 2640 1363 2723 jurisdictionis
1378 2639 1587 2722 spiritualem

410 2749 483 2813 sine
497 2748 700 2814 limitatione
714 2770 721 2824 ;
739 2749 959 2831 sedpotestas
970 2747 1189 2831 dispensandi
1199 2749 1346 2831 pertinet
1356 2748 1398 2812 ad
1412 2753 1587 2810 externam

409 2856 565 2922 Ecclesiae
580 2857 875 2938 gubernationem,
894 2859 981 2920 sicut
996 2863 1147 2940 potestas
1162 2856 1292 2921 ferendi
1307 2855 1403 2936 leges
1418 2861 1452 2920 et
1465 2873 1586 2918 censu-

411 2984 477 3030 ras.
494 2965 615 3048 Aliqui,
634 2971 671 3027 ut
683 2965 714 3027 S.
729 2965 980 3039 Beneventum,
998 2963 1232 3041 Covarruvias,
1245 2964 1369 3028 docent
1384 2983 1454 3028 nori
1470 2963 1544 3027 dari
1556 2963 1587 3024 iu

324 3077 327 3084 '
411 3074 500 3137 votis
516 3073 817 3156 dispensationem,
840 3073 916 3138 ideo
941 3073 1021 3156 quia
1042 3072 1203 3154 obligatio
1227 3073 1298 3137 voti
1321 3077 1373 3135 est
1384 3072 1472 3154 Juris
1492 3075 1589 3134 natu-

412 3183 510 3258 ralis;
527 3200 628 3265 porro
640 3183 697 3263 Jus
712 3181 878 3259 naturale,
902 3186 1019 3264 utpote
1036 3200 1173 3265 semper
1193 3199 1342 3265 aequum,
1369 3198 1440 3244 uon
1457 3184 1508 3243 est
1525 3178 1589 3241 dis·

411 3291 596 3373 pensabile.
612 3290 720 3354 Sedid
732 3289 927 3370 intelligunt
942 3289 983 3354 da
998 3289 1127 3370 directa
1136 3289 1391 3372 dispensatione
1406 3309 1412 3363 ;
1426 3291 1587 3370 jamvero

412 3399 621 3482 dispensatio
648 3401 718 3463 voti
742 3403 793 3462 est
813 3398 988 3472 indirecta,
1015 3403 1184 3481 quatenus
1205 3397 1332 3462 scilicet
1352 3395 1524 3479 praelatus,
1549 3396 1587 3458 ob

409 3510 539 3589 justam
553 3525 702 3584 eausam,
715 3525 923 3572 consensum
933 3507 1090 3570 voventis
1105 3511 1242 3570 revocat
1255 3511 1289 3569 et
1299 3503 1472 3579 invalidet,
1487 3509 1587 3587 atque

412 3617 460 3680 ita
473 3617 652 3681 materiam
674 3615 832 3680 subducit
852 3615 1050 3696 obligationi
1062 3617 1151 3698 juris
1168 3615 1343 3680 naturalis.
1376 3612 1586 3695 Dispensatio

412 3731 526 3808 potest
539 3727 643 3789 etiam
654 3709 798 3806 intelligi
811 3724 847 3786 in
856 3725 921 3788 hoc
936 3742 1040 3786 sensu
1055 3723 1146 3806 quod
1157 3724 1200 3786 sit
1214 3721 1411 3786 authentica
1424 3721 1587 3803 iuterpre-

414 3833 496 3897 tatIo
518 3831 693 3896 declarans
714 3831 834 3906 Deum,
851 3831 887 3893 in
902 3829 1025 3894 talibus
1039 3829 1311 3905 circumstantiis,
1329 3845 1398 3892 non
1416 3833 1586 3909 acceptare

414 3946 534 4004 votum
549 3945 609 4004 aut
622 3940 796 4004 remittere
813 3937 1057 4020 obligationem
1073 3956 1116 4001 ax
1131 3941 1212 4002 voto
1226 3941 1347 4001 ortem.

454 4047 646 4112 Notandum
672 4047 764 4129 quod
785 4045 1018 4110 mendicantes
1043 4045 1217 4126 regulares
1245 4049 1279 4108 et
1292 4042 1448 4106 nonnulli
1471 4041 1528 4106 olii
1550 4057 1587 4104 ex

415 4155 593 4238 privilegio
612 4173 690 4218 cum
711 4155 981 4238 quibuscumque
1001 4152 1219 4218 saecularibus
1237 4151 1433 4235 dispensare
1447 4153 1587 4234 possunt

415 4264 450 4326 in
465 4263 624 4328 omnibus
638 4263 727 4326 votis
742 4261 839 4344 Papae
855 4280 924 4326 non
939 4259 1132 4337 reservatis
1149 4257 1253 4323 modo
1270 4259 1338 4322 sint
1362 4257 1494 4322 occulta
1508 4262 1542 4321 et
1555 4256 1587 4318 in

414 4371 489 4434 loro
499 4369 723 4452 poenitentiali
739 4374 865 4452 aperta.
957 4419 960 4426 ,

454 4479 505 4541 rin
521 4477 716 4542 mercenarii
731 4476 906 4558 regulares
920 4477 964 4541 ad
988 4477 1149 4541 ellectum
1173 4472 1392 4556 dispensandi
1414 4471 1586 4552 indigeant

415 4585 551 4668 speciali
584 4585 825 4650 commissione
861 4603 1003 4648 suorum
1035 4582 1275 4665 superiorum,
1303 4579 1584 4644 controvertitur:

416 4675 551 4754 lundein
566 4692 631 4755 boc
643 4691 802 4756 standum
818 4699 870 4755 est
879 4691 1179 4756 constitutionibus
1189 4689 1404 4752 diversorum
1419 4687 1577 4752 ordinum
