3504 5566
373 565 430 627 122
829 584 881 629 rus
902 583 1081 630 usuomcuu.

371 700 520 784 sumptio
535 701 626 764 euim
642 701 749 764 oritur
760 745 763 754 ·
773 719 815 765 ex
837 701 979 766 indiciis.
997 701 1162 767 Indicium
1177 708 1229 768 est
1243 705 1390 770 notabile
1406 708 1540 789 signum

370 807 513 892 alicujus
527 809 576 872 rei
594 809 703 872 dubiae
724 810 768 873 ad
787 811 966 875 veritatem
988 813 1261 893 cognoscendam
1281 814 1486 892 inserviens;
1508 821 1543 881 et

370 921 422 980 est
436 915 558 999 triplex
574 937 581 978 :
591 917 732 1000 plenum
747 935 808 980 seu
822 918 1075 998 gravissimum,
1094 920 1229 1002 quando
1245 921 1369 986 suflicit
1382 922 1425 986 ad
1438 942 1543 1005 gene-

369 1023 514 1088 randum
523 1023 662 1106 plenum
671 1042 870 1100 assensum;
887 1027 1107 1110 sempiternum
1122 1047 1182 1091 seu
1197 1047 1313 1108 grave,
1328 1029 1410 1094 dum
1426 1037 1542 1115 aptum

368 1137 420 1195 est
434 1133 574 1214 gignere
591 1131 787 1214 opinionem
803 1152 864 1196 seu
883 1153 1063 1198 assensum
1080 1155 1159 1199 cum
1171 1137 1352 1202 formidine
1364 1141 1537 1220 junctum3

368 1241 448 1314 luere,
466 1241 556 1324 quod
568 1241 723 1304 debiliter
739 1247 854 1304 movet
867 1243 908 1306 ad
925 1263 1115 1320 assensum,
1128 1250 1162 1308 et
1172 1245 1371 1330 plerumque
1384 1249 1541 1330 suspicio-

368 1368 446 1412 nem
462 1350 678 1412 temerariam
692 1355 844 1430 generat,
860 1351 950 1414 unde
962 1351 1098 1432 judiciis
1114 1372 1182 1416 non
1198 1353 1356 1417 deservit.
1375 1354 1540 1418 indicium

366 1457 527 1520 dividitur
542 1457 645 1520 etiam
658 1457 692 1520 in
704 1458 911 1542 prociarum,
924 1460 1012 1541 quod
1030 1461 1224 1524 immediate
1239 1463 1541 1526 connectiturcurn

366 1571 452 1642 actu,
471 1552 505 1629 et
527 1574 706 1644 remotam,
729 1567 820 1649 quod
843 1567 1039 1633 immediate
1061 1571 1272 1634 connectitur
1294 1591 1372 1636 eum
1400 1573 1540 1635 circum-

366 1676 497 1740 stantiis
514 1680 620 1750 actus,
639 1693 707 1738 non
722 1679 838 1738 autem
852 1695 931 1739 oum
945 1681 1021 1741 actu
1036 1677 1119 1760 ipso.

406 1785 438 1866 b)
453 1783 675 1867 Praesumptio
700 1783 861 1848 dividitur
882 1787 914 1848 l⁰
929 1787 964 1848 in
979 1789 1280 1870 praeumptionem
1297 1789 1384 1871 J'uris
1400 1795 1434 1852 et
1457 1807 1542 1873 prar-

365 1893 594 1974 sumptionem
609 1892 757 1956 bominis
775 1913 781 1955 :
802 1895 1023 1979 praesumptio
1038 1895 1128 1976 juris
1143 1901 1195 1959 est
1209 1914 1285 1979 quae
1300 1896 1493 1979 specialiter
1507 1899 1542 1960 in

342 2005 345 2012 '
365 2001 480 2085 aliqua
493 1999 569 2082 lege
586 2001 798 2084 exprimitur,
815 2021 875 2066 seu
892 2003 1028 2086 quando
1039 2007 1096 2087 jus
1110 2023 1212 2088 super
1224 2005 1352 2070 incerto
1367 2007 1544 2090 praesumit

365 2108 537 2192 quidpiam
557 2128 600 2172 ex
621 2111 843 2193 conjecturis;
861 2113 1082 2196 presumptio
1099 2112 1244 2176 bominis
1266 2131 1327 2176 seu
1344 2111 1468 2196 judicis
1490 2117 1543 2176 est
1602 2115 1604 2122 ’

365 2219 563 2300 conjectura
585 2215 678 2282 nullo
699 2219 777 2300 jure
801 2237 973 2302 expressa,
1000 2218 1059 2283 sed
1084 2237 1187 2302 quem
1212 2221 1356 2302 concipit
1371 2221 1478 2302 judex
1500 2239 1542 2284 ex

366 2324 445 2388 iacti
460 2323 621 2407 qualitate
637 2329 671 2388 et
688 2325 959 2390 circumstantiis.

404 2432 436 2494 Ψ
457 2431 678 2516 Praesumptio
705 2433 793 2516 juris
822 2434 1049 2499 subdividitur
1070 2436 1105 2498 in
1129 2435 1432 2518 praesumptionem
1455 2437 1542 2518 juris

365 2543 498 2604 tanturn
514 2543 548 2602 et
561 2541 865 2624 praeumptionem
877 2541 964 2624 juris
980 2542 1069 2606 etde
1080 2545 1169 2625 jure,
1186 2547 1287 2626 prout
1297 2545 1355 2625 jus
1367 2544 1543 2625 praesumit

364 2647 491 2732 aliquid
515 2666 577 2730 pro
603 2667 697 2726 vero,
718 2649 827 2716 donee
846 2652 1055 2716 eontrarium
1077 2651 1250 2734 probetur,
1273 2650 1329 2714 vel
1348 2651 1395 2715 its
1415 2650 1541 2733 aliquid

364 2756 540 2838 praesumit
552 2775 613 2840 pro
628 2775 722 2834 vero,
734 2762 772 2822 ut
786 2776 855 2822 non
870 2758 1027 2823 admittat
1040 2759 1287 2842 probationem,
1299 2758 1420 2822 saltem
1436 2759 1542 2823 direc-

365 2867 446 2940 tam,
463 2862 498 2926 in
513 2863 732 2928 contrarium.

741 3059 772 3108 lt.
791 3057 912 3110 Effectus
928 3057 1166 3122 presumptionis.

404 3200 437 3276 a)
453 3197 674 3280 Praesumptio
693 3197 784 3277 juris
803 3204 939 3260 tantam
957 3197 1057 3280 plene
1079 3199 1209 3281 probat,
1235 3199 1357 3264 saltem
1377 3199 1540 3263 conditio-

363 3309 453 3380 nate,
468 3323 591 3388 nempe
614 3305 642 3368 si
655 3305 864 3369 contrarium
882 3322 951 3368 non
970 3306 1133 3388 probatur·
1147 3307 1188 3388 (c.
1214 3307 1252 3370 lo
1268 3307 1301 3370 b.
1320 3311 1356 3382 t.;
1377 3325 1405 3370 c.
1422 3306 1481 3368 ssn.
1499 3305 1540 3369 de

362 3413 477 3478 uesta.
500 3411 647 3496 spoliet„
670 3412 706 3476 in
724 3411 777 3492 60).
802 3411 1024 3496 Praesumptio
1045 3412 1132 3494 J'uris
1152 3413 1304 3496 procedit
1322 3431 1365 3476 ex
1386 3411 1487 3476 certis
1505 3416 1540 3475 et

363 3519 523 3600 legitimis
537 3519 680 3596 indiciis,
698 3524 732 3582 et
745 3519 908 3584 fundatur
922 3520 957 3583 in
969 3519 1009 3583 iis
1024 3538 1099 3603 quae
1114 3519 1315 3604 plerumque
1327 3521 1400 3584 ileri
1415 3519 1535 3596 solent,

363 3633 398 3691 et
412 3628 488 3692 ideo
503 3631 555 3691 est
568 3627 696 3711 liquida
711 3627 876 3710 probatio.

403 3733 457 3798 Sic
471 3736 505 3798 in
520 3735 630 3818 specie
648 3737 678 3798 1⁰
689 3734 833 3818 qualitas
843 3753 918 3819 quae
930 3733 1129 3799 naturaliter
1139 3735 1229 3798 inest
1245 3735 1385 3810 homini,
1405 3751 1539 3817 semper

363 3844 483 3908 adesse
496 3845 733 3926 praesumitur3
755 3844 788 3906 2⁰
804 3843 945 3926 quilibet
965 3843 1068 3906 homo
1090 3843 1309 3925 presumitur
1331 3843 1453 3917 bonus,
1473 3841 1538 3905 nisi

364 3953 526 4034 probetur
548 3951 673 4026 malus3
695 3951 728 4013 3⁰
751 3969 793 4013 ex
814 3951 1042 4015 communiter
1057 3951 1335 4032 contingentibus
1353 3967 1539 4033 praesump-

365 4059 475 4124 tiones
490 4077 559 4124 non
573 4058 731 4123 violenta
745 4058 924 4134 ducuntur,
940 4078 972 4122 v.
993 4077 1026 4140 g.
1044 4077 1087 4123 ex
1101 4063 1178 4123 actu
1194 4058 1236 4122 de
1250 4077 1286 4122 se
1307 4057 1398 4122 mulo
1413 4075 1537 4141 praesu-

365 4169 470 4231 mitur
488 4167 585 4230 dolus
603 4167 641 4249 (e.
665 4168 679 4229 l
705 4167 738 4231 b.
756 4167 804 4244 t),
823 4167 858 4230 in
874 4171 951 4232 actu
974 4185 1056 4231 vero
1078 4165 1284 4231 indifferenti
1304 4167 1449 4240 bonitas,
1473 4170 1535 4228 eto.

366 4275 549 4338 Diximus«
571 4293 641 4340 non
661 4275 820 4340 violentae
838 4301 864 4351 s,
884 4295 965 4340 nam
987 4275 1271 4359 praesumptiones
1293 4275 1451 4340 violentae
1469 4291 1538 4337 nou

367 4383 523 4446 oriuntur
536 4384 601 4446 nisi
616 4401 659 4446 ex
675 4367 936 4448 vehementibus
950 4383 1164 4466 conjecturis.

407 4491 436 4570 b)
452 4490 674 4574 Praesumptio
683 4491 774 4572 juris
789 4500 822 4554 et
837 4491 877 4555 u'e
886 4493 966 4572 jure
978 4491 1025 4555 ita
1039 4491 1139 4574 plene
1148 4492 1271 4574 probet
1285 4496 1322 4554 ut
1336 4509 1406 4555 non
1420 4489 1539 4554 admit-

369 4601 416 4661 tat
430 4598 665 4680 probationem
680 4597 841 4662 directam
855 4600 889 4662 in
905 4599 1111 4663 eontrarium
1122 4599 1161 4678 (c.
1175 4598 1215 4662 30
1229 4598 1270 4662 de
1285 4597 1418 4680 Speos.)
1442 4597 1538 4662 Ratio

369 4711 430 4778 est,
448 4706 527 4790 quis
541 4705 596 4770 illa
613 4709 832 4789 praesumptio
854 4727 915 4788 pro
940 4707 1080 4771 veritate
1103 4707 1245 4771 babetur
1264 4707 1306 4770 ed
1321 4707 1426 4771 instar
1440 4705 1535 4784 legis.
