3504 5572
543 627 629 672 arnna
652 627 777 674 rnnrros
797 627 1017 673 nacnarnnrou.
1313 611 1373 675 325

194 761 355 828 expresse
368 761 432 808 nec
452 743 551 808 tacite
566 744 777 828 prohibitum
790 743 905 820 inerit,
921 744 957 808 in
971 745 1083 828 prima
1096 745 1310 824 investitura,
1329 767 1372 814 ne

194 851 675 934 admonasteriumtranaeatt‚
691 853 873 918 utilitatem
888 852 978 918 illius
992 853 1086 918 feudi
1099 855 1241 932 habens,
1257 875 1374 940 quarn·

194 961 252 1026 din
275 960 400 1026 vixerit
424 959 499 1026 talis
522 963 710 1044 protessus,
735 961 778 1027 ad
805 965 950 1044 agnatos
979 966 1096 1028 autem
1118 963 1294 1046 proximos
1317 965 1375 1031 vel

193 1069 289 1146 alios,
305 1068 363 1154 qui
384 1069 420 1133 in
434 1069 637 1134 investitura
658 1070 769 1154 prima
790 1071 901 1136 vocati
923 1071 1074 1150 inerunt,
1097 1069 1323 1152 redditurum,
1345 1075 1373 1139 si

193 1180 360 1244 moriatur
370 1177 446 1244 talis
459 1181 647 1262 professus,
663 1198 743 1246 cum
755 1185 794 1246 nt
807 1182 855 1248 sic
868 1200 933 1246 nec
946 1181 1156 1246 monasterio
1170 1182 1206 1246 in
1215 1182 1307 1248 bona
1320 1183 1374 1248 aui

194 1287 338 1369 professi
353 1287 558 1363 succedenti,
575 1305 639 1353 nec
660 1287 764 1354 fendo
785 1293 846 1354 aut
865 1288 958 1354 ieudi
980 1288 1119 1354 domino
1137 1289 1374 1374 praejndicinm

196 1396 265 1458 liat.

234 1503 329 1568 Nora.
342 1503 459 1580 Quoad
469 1502 639 1568 celebrem
650 1501 877 1588 quaestionem
891 1505 934 1570 de
945 1504 1157 1570 investituris
1173 1525 1249 1590 quaa
1259 1524 1280 1570 a
1290 1510 1374 1571 tern-

193 1611 334 1698 poribus
349 1611 502 1694 Gregorii
518 1611 575 1676 Vll
589 1602 725 1694 magnis
740 1612 863 1678 animis
882 1612 972 1678 inter
985 1612 1169 1698 imperium
1186 1618 1221 1678 et
1239 1613 1374 1680 Pontifi-

194 1739 251 1786 ces
261 1721 433 1786 Romanos
447 1721 619 1802 exagitata
631 1726 693 1797 est,
707 1720 817 1785 videri
828 1723 976 1806 possunt
983 1721 1136 1787 historici
1144 1721 1371 1789 ecclesiastici.

194 1827 389 1894 Notandum
404 1832 457 1894 est
471 1832 606 1894 tantum
617 1829 720 1913 quod,
737 1834 775 1894 ut
789 1833 908 1895 monet
922 1829 1001 1896 clar.
1015 1829 1063 1894 De
1078 1829 1233 1912 Angelis,
1249 1831 1376 1915 duplex

195 1941 268 2003 erat
287 1955 448 2004 excessus
467 1937 715 2021 imperatorum
730 1938 794 2004 hac
815 1939 908 2004 inre
929 1959 937 2002 :
962 1939 1131 2022 imprimis
1152 1939 1376 2023 imperatores

193 2045 427 2129 impediebant
453 2027 597 2111 liberam
625 2047 828 2112 electionem
867 2047 1107 2130 episcoporum
1135 2051 1170 2111 et
1194 2048 1373 2126 abbatum,

194 2158 361 2219 comante
377 2171 629 2238 quamcumque
646 2154 848 2220 electionem
864 2155 1284 2238 designabantperaonam
1300 2175 1377 2240 quea

193 2262 350 2328 habitura
365 2267 438 2328 erat
452 2263 604 2338 laudum,
618 2268 653 2327 et
666 2263 697 2326 ei
709 2263 943 2330 concedebant
956 2263 1196 2330 investituram
1209 2283 1216 2327 :
1229 2264 1277 2330 sic
1292 2264 1377 2330 elea

195 2371 1374 2457 torescoactierantieudatariumabimperatorenominatumeligere.

195 2481 288 2546 Alter
302 2499 465 2546 excessus
480 2483 516 2546 in
538 2481 603 2547 hoc
618 2486 702 2560 erat,
720 2482 811 2564 quod
827 2483 921 2548 leudi
936 2483 1142 2548 investitura
1157 2482 1303 2549 dabatur
1316 2501 1377 2568 per

196 2589 351 2674 symbola
365 2609 441 2673 quae
458 2591 702 2674 erantpropria
718 2590 934 2675 episcopatus
949 2595 984 2656 et
996 2590 1151 2667 abbatiae,
1168 2609 1239 2656 non
1257 2595 1375 2656 autem

195 2697 298 2774 feudi,
317 2717 441 2782 nempe
456 2717 519 2782 per
534 2699 752 2764 traditionem
767 2699 890 2764 enardi
903 2703 938 2764 et
951 2699 1064 2765 baculi
1073 2699 1276 2784 postoralis;
1292 2699 1371 2764 inde

194 2810 346 2889 potestas
359 2805 542 2890 spiritualis
557 2807 737 2873 videbatur
750 2806 934 2891 procedere
946 2809 989 2874 ab
1006 2807 1227 2892 imperatore.
1252 2861 1254 2866 ,

605 3190 820 3267 TITULUS
852 3191 958 3266 XXI.

377 3367 420 3412 ns
446 3366 661 3414 rianomnus
686 3367 728 3413 nr
753 3367 850 3412 sarrs
876 3368 1116 3416 cnorrovrsos
1137 3350 1189 3433 (l).

235 3675 404 3741 Hactenus
424 3674 466 3740 de
490 3672 665 3740 nonnullis
685 3673 916 3739 contractibus
937 3673 995 3759 qui
1019 3680 1101 3740 sunt
1124 3674 1228 3740 variae
1244 3675 1375 3759 species

195 3784 409 3850 alienationis
424 3783 489 3848 acti
502 3801 643 3858 sumus;
660 3782 816 3866 sequitur
831 3801 924 3847 nuno
936 3783 978 3848 de
993 3782 1035 3847 iis
1051 3800 1127 3866 quaa
1147 3783 1377 3848 contractibus

196 3893 231 3956 in
247 3893 466 3958 securitatem
483 3890 722 3956 conventionis
739 3893 774 3954 et
789 3890 894 3956 debiti
916 3891 1133 3973 adjiciuntur.
1150 3889 1227 3956 lstae
1248 3892 1378 3958 cautio·

197 4020 259 4066 nes
274 4004 355 4064 sunt
369 3999 490 4064 variae:
504 3997 570 4062 alia
588 3997 742 4082 simplae,
762 4015 839 4081 quae
860 3997 953 4062 nuda
967 3997 1196 4080 promissione
1215 4003 1351 4065 constat
1367 4019 1375 4076 ;

197 4109 262 4175 alia
277 4109 463 4190 juratoria,
485 4125 554 4192 qua
573 4105 721 4170 creditor
748 4123 890 4170 scamus
913 4105 1068 4171 redditur
1092 4107 1266 4172 mediante
1286 4107 1378 4189 jura-

197 4219 343 4281 mentoa
355 4215 510 4280 debitore
524 4213 693 4298 praestit03
704 4211 771 4277 alia
781 4213 1000 4298 idoneaque
1015 4213 1379 4306 estvalpn'pnorotitio,¹

198 4342 259 4388 seu
275 4323 314 4386 sst
331 4341 393 4407 per
404 4321 559 4406 pignora,
576 4319 632 4386 vel
646 4319 877 4396 satisdatorz'o,
895 4339 970 4404 quaa
989 4339 1051 4405 per
1072 4321 1294 4405 fidejussores
1320 4321 1370 4398 dt,

197 4432 239 4496 de
254 4451 322 4516 qua
336 4432 448 4513 agitur
461 4431 496 4494 in
512 4429 610 4495 titulo
626 4429 795 4515 sequenti.

229 4597 264 4663 (t)
279 4599 315 4649 oe
329 4599 380 4649 hoc
394 4601 530 4650 contracto
549 4599 604 4662 agit
614 4597 660 4662 jus
674 4599 750 4650 Rom.
765 4599 793 4648 in
808 4599 873 4649 lust.
887 4599 933 4650 lib.
949 4598 992 4662 lll,
1007 4597 1046 4648 tit.
1062 4611 1108 4663 xv,
1125 4597 1137 4662 ξ
1155 4601 1183 4659 l;
1198 4599 1226 4649 in
1242 4597 1377 4659 Pendeat,

197 4679 243 4732 lib.
259 4679 324 4743 lllll,
340 4679 379 4729 tit.
396 4691 435 4728 vn
451 4681 478 4730 et
494 4678 539 4729 lib.
555 4677 598 4728 xx
604 4692 611 4740 ;
627 4679 655 4728 in
669 4679 744 4740 Cod,
759 4677 886 4741 libsvttt,
901 4678 942 4729 tit.
956 4689 1105 4741 xlv-xxxv;
1118 4679 1255 4745 joaddi,
1269 4679 1296 4730 in
1310 4678 1376 4730 God.

198 4761 259 4824 civ„
274 4760 321 4812 lib.
334 4759 377 4824 lli,
392 4760 432 4810 tit.
446 4770 504 4822 xiv,
520 4770 587 4819 nvn,
604 4769 683 4812 xvru.
