3504 5572
559 614 645 658 LIBER
667 614 794 660 TERTIUS
815 613 1035 661 recantamus.

422 803 454 854 v.
470 805 511 855 De
524 801 666 856 solutions
677 801 800 856 indebiti
814 802 843 856 ot
855 800 1003 856 effectibus
1016 802 1174 856 solutionis.

249 950 281 1032 o)
298 949 433 1034 Aliquid
447 949 637 1015 indebitum
652 969 728 1016 esse
741 954 855 1035 potest
868 950 1069 1017 naturaliter
1081 956 1226 1030 tantum,
1242 953 1389 1022 voioivi-

207 1055 286 1122 liter
300 1062 446 1134 tantum,
462 1059 518 1123 vel
531 1062 677 1144 utroque
692 1060 807 1124 modo.
827 1059 859 1124 1ο
874 1059 937 1135 Qui
953 1057 1055 1124 solvit
1068 1060 1161 1143 quod
1174 1078 1238 1126 nec
1251 1067 1389 1128 natura-

207 1161 296 1241 liter,
307 1183 370 1231 nec
389 1166 534 1230 civiliter
546 1166 700 1231 debitum
712 1167 787 1244 luit,
803 1165 1010 1250 potcstillud
1022 1171 1188 1250 repetere,
1208 1169 1237 1233 si
1251 1187 1294 1234 ex
1308 1169 1388 1235 lacti

209 1271 266 1338 vel
290 1274 393 1338 etiam
404 1273 493 1358 juris
508 1291 623 1340 errore
638 1272 814 1357 persolvit,
833 1291 916 1338 nam
937 1273 973 1338 in
994 1273 1121 1340 damno
1135 1277 1276 1342 vitando
1294 1295 1389 1344 e1r0r

209 1381 330 1445 obesse
357 1398 428 1446 non
461 1381 567 1456 solet;
598 1380 720 1446 deinde
749 1381 778 1444 si
802 1380 930 1465 aliquid
965 1381 1039 1446 sine
1073 1388 1256 1448 causaest
1282 1403 1388 1468 penes

207 1489 441 1572 accipientem,
458 1489 602 1573 aequitas
613 1494 684 1552 non
699 1489 828 1572 patitur
841 1494 880 1554 ut
895 1507 1002 1574 penes
1017 1489 1179 1555 eumdem
1190 1496 1387 1571 remaneat;
1416 1525 1419 1534 Α

208 1613 289 1660 nam
303 1597 333 1660 is
352 1613 431 1660 cum
443 1600 578 1679 jactura
598 1596 738 1674 alterius
751 1595 1030 1680 locupletaretur.
1045 1596 1163 1682 Itaque
1178 1601 1214 1665 in
1227 1601 1293 1666 hoc
1305 1618 1387 1667 casu

208 1703 309 1769 datur
331 1705 419 1770 actio
440 1703 593 1780 indebiti,
611 1722 673 1768 sou
692 1705 780 1769 actio
793 1705 994 1788 personalis,
1014 1723 1119 1788 quam
1145 1705 1295 1772 indebite
1323 1709 1389 1774 sol-

208 1829 293 1877 vens
302 1812 406 1878 habet
415 1817 534 1877 contra
545 1830 626 1877 eum
639 1813 693 1876 oui
708 1811 900 1877 indebitum
909 1831 972 1898 per
987 1831 1139 1878 errorem
1154 1814 1266 1879 solvit.
1280 1815 1346 1882 Sed
1359 1819 1388 1881 si

208 1919 306 1984 aliter
320 1920 431 1996 solvit,
448 1937 519 1984 non
532 1924 646 2005 potest
666 1919 750 1985 illud
769 1923 936 2004 repetere,
957 1921 1038 2005 quia
1052 1925 1213 1986 censetur
1227 1922 1384 1989 donasse.

208 2027 323 2104 Serus,
336 2029 364 2093 si
374 2033 489 2093 mente
505 2028 825 2094 dubiaettitubante
835 2027 953 2105 solvit;
970 2032 1248 2112 nam,juxtareg.
1260 2050 1310 2095 xci
1316 2035 1384 2115 jur.

207 2137 285 2213 civ,
302 2137 338 2200 in
357 2155 395 2201 re
417 2137 572 2213 obscura,
587 2135 710 2200 melius
726 2139 779 2200 est
791 2135 908 2201 lavere
923 2137 1128 2220 repetitioni,
1144 2138 1387 2223 quamadveu-
1405 2121 1408 2129 ¹

208 2243 282 2310 titio
295 2235 402 2310 lucro.¹

247 2354 280 2417 2·
295 2354 358 2430 Qui
375 2353 486 2429 solvit,
504 2356 608 2418 etiam
623 2371 666 2419 ex
679 2371 794 2419 errore
809 2355 888 2419 facti
903 2353 960 2419 vel
971 2355 1069 2438 J'uris,
1082 2355 1172 2437 quod
1189 2361 1263 2420 erat
1279 2355 1385 2421 civili-

205 2467 261 2526 ter
281 2461 446 2526 duntaxat
467 2461 674 2537 indebitum,
691 2460 752 2526 sed
775 2461 977 2526 naturaliter
998 2461 1167 2540 debitum,
1184 2481 1255 2528 non
1273 2469 1388 2548 potest

206 2567 289 2634 illud
304 2573 471 2653 repetere,
489 2570 569 2653 quia
583 2568 745 2651 obligatio
761 2568 925 2634 naturalis
945 2563 1118 2634 sufficiens
1138 2574 1192 2635 est
1205 2571 1248 2636 ad
1262 2572 1387 2638 iacien-

208 2677 287 2744 dam
305 2677 634 2761 compensationem.
648 2677 786 2754 Tamen,
803 2680 903 2760 juxta
919 2677 1144 2743 Reiffenstuel
1158 2679 1205 2761 (ιιο
1221 2679 1257 2744 'il
1279 2699 1380 2763 praes.

207 2786 283 2868 tit),
300 2787 358 2871 qui
373 2805 434 2870 par
447 2786 676 2868 ignorantiam
690 2785 771 2850 iacti
786 2785 898 2864 solvit,
914 2790 1027 2869 potest
1046 2786 1197 2852 solutum
1216 2794 1382 2872 repetere,

208 2897 247 2974 si,
262 2895 457 2978 ignorantia
471 2913 541 2960 non
555 2912 670 2959 crassa
681 2899 742 2959 aut
755 2894 923 2972 affectata,
939 2895 1050 2960 solvit.

247 3006 279 3068 3⁰
293 3003 357 3081 Qui
371 3001 474 3068 solvit
490 3002 682 3068 indebitum
701 3001 911 3079 naturaliter,
928 3003 1072 3068 civiliter
1090 3005 1254 3082 debitum,
1271 3011 1386 3088 potest

207 3111 290 3176 illud
303 3116 458 3195 repetere
472 3131 479 3174 :
492 3130 535 3174 ex
548 3129 620 3193 cap.
633 3110 693 3174 iln.
707 3111 741 3174 h.
756 3115 778 3172 t.
797 3110 894 3174 Ratio
910 3115 972 3189 est,
991 3113 1071 3196 quia
1086 3113 1143 3196 qui
1158 3131 1219 3196 per
1233 3131 1385 3180 errorem

208 3219 318 3295 solvit,
332 3219 483 3285 decertat
498 3219 539 3285 de
556 3219 681 3286 damno
696 3220 853 3296 vitando;
867 3221 896 3284 is
906 3237 989 3286 vero
1005 3222 1063 3305 qui
1078 3221 1230 3286 solutum
1244 3223 1383 3307 accepit,

207 3328 249 3393 de
262 3328 358 3392 lucro
373 3327 551 3412 captando.

247 3435 312 3500 Sed
327 3423 520 3518 generatim
534 3453 692 3501 asserens
708 3453 744 3500 se
758 3436 952 3500 indebitum
967 3435 1121 3514 solvisse,
1130 3439 1274 3522 probare
1285 3439 1386 3504 debet

207 3543 299 3628 quod
309 3543 623 3620 fueritindebitum,
638 3544 718 3628 quia
728 3546 951 3628 presumptio
968 3550 1036 3610 stat
1048 3551 1166 3611 contra
1181 3545 1382 3611 solventem.

206 3650 331 3717 Verum
347 3651 375 3714 si
394 3652 610 3717 adversarius
624 3653 771 3717 fateatur
788 3671 824 3718 se
839 3672 859 3717 a
875 3658 1052 3737 repetente
1072 3653 1279 3720 solutionem
1292 3673 1384 3720 acce-

206 3759 316 3842 pisse,
343 3763 403 3823 aut
423 3759 451 3822 si
470 3759 512 3824 de
532 3758 701 3823 solutione
724 3765 862 3843 accepta
882 3761 1116 3839 convincatur,
1140 3762 1213 3845 ipse
1238 3763 1383 3845 probare

207 3867 309 3933 debet
319 3867 457 3932 nonnisi
471 3867 624 3931 debitum
638 3869 819 3950 accepisse.

247 3975 276 4057 b)
291 3973 439 4058 Effectus
458 3975 644 4040 solutionis.
661 3977 693 4038 1⁰
708 3975 757 4040 Ex
775 3982 871 4060 parte
887 3977 1056 4058 debitoris,
1073 3983 1125 4044 est
1138 3977 1293 4044 liberatio
1308 3979 1383 4062 ipso

202 4087 292 4166 jure,
308 4101 379 4148 non
401 4082 513 4148 solum
528 4101 549 4148 a
563 4082 677 4148 debito
700 4086 888 4169 principali,
906 4087 967 4151 sed
988 4088 1091 4152 otiam
1110 4088 1153 4151 ab
1173 4087 1384 4169 obligationi·

205 4193 270 4255 bus
293 4191 490 4256 accessoriis
516 4191 680 4274 pignoris,
697 4193 897 4276 hypotheca
914 4199 948 4260 et
961 4195 1203 4278 fidejussionis.
1220 4196 1271 4259 Ad
1286 4214 1384 4260 suam

206 4299 435 4375 securitatem,
457 4298 485 4362 si
509 4299 771 4384 chirographum
793 4301 897 4380 dedit,
918 4302 1001 4368 illud
1020 4308 1174 4387 repetat:
1194 4304 1223 4368 si
1251 4303 1385 4368 nullum

208 4407 310 4485 dedit,
329 4411 482 4490 potesta
502 4407 670 4475 creditore
690 4415 806 4493 petere
825 4413 1001 4496 apocham,
1025 4411 1130 4494 vulgo
1150 4413 1383 4496 quietantiam.

245 4517 279 4580 Ψ
293 4514 341 4578 Ex
354 4519 450 4597 parte
462 4514 646 4594 creditoris,
658 4522 710 4581 est
721 4517 911 4584 dominium
920 4521 971 4584 rei
984 4519 1115 4596 solutes,
1136 4519 1163 4583 si
1186 4519 1306 4585 saltem
1321 4519 1386 4584 fuit

207 4629 309 4689 antea
321 4626 397 4706 eius
412 4623 587 4700 dominus;
603 4643 712 4701 secus,
735 4627 771 4690 in
781 4627 986 4692 creditorem
999 4647 1073 4692 non
1085 4629 1303 4702 transfertur,
1320 4629 1388 4692 nisi

206 4731 379 4814 possessio
391 4735 426 4796 ct
438 4730 606 4796 condictio
621 4733 853 4816 usucapieudi.
