3498 5572
566 595 653 640 cisun
673 595 801 642 rannus
820 597 1037 668 sacerrimus.
1332 577 1392 640 les

252 713 351 780 Solus
367 717 476 778 status
488 714 735 780 monachorum
746 731 808 777 seu
822 713 1062 795 religiosorum
1074 713 1117 778 ad
1126 715 1295 778 rubricam
1308 729 1390 794 prae-

214 824 348 884 sentem
362 821 520 903 pertinet.

251 929 283 991 3·
298 927 336 994 ln
349 928 414 992 hoc
429 927 538 1004 titulo,
554 927 672 1012 plures
687 947 755 994 non
771 931 945 994 immerito
966 930 1141 1012 disputant
1156 929 1198 993 de
1212 928 1388 1010 obligatio-

83 1088 88 1099 .
212 1037 312 1100 nibus
338 1053 413 1119 quse
437 1036 594 1102 oriuntur
617 1056 660 1100 ex
682 1037 802 1121 triplici
824 1043 905 1104 voto
926 1038 1143 1112 obedieutiae,
1166 1037 1332 1102 castitatis
1357 1042 1391 1100 et

211 1144 432 1227 paupertatis.
449 1143 516 1209 Sed
530 1145 686 1227 superius
701 1145 737 1208 in
752 1145 850 1210 titulo
863 1145 974 1221 xxlll,
991 1163 1062 1212 nou
1074 1147 1189 1210 urinus
1199 1149 1389 1229 opportune
1476 1199 1478 1204 .

211 1252 283 1316 heac
298 1251 448 1316 breviter
464 1252 604 1316 fuerunt
618 1253 794 1337 explicata.
805 1255 886 1330 Quae
897 1253 1072 1338 speciatim
1084 1253 1270 1337 respiciunt
1278 1254 1390 1317 lorum

212 1360 400 1436 internum,
422 1361 645 1426 amoralistis
668 1365 924 1447 expenduntur,
940 1363 1153 1446 'proindeque
1174 1382 1195 1427 a
1216 1363 1315 1426 nobis
1333 1381 1390 1446 pe-

212 1469 304 1532 nitus
323 1468 640 1550 praetermittuntur.
657 1471 752 1536 Unde
767 1488 912 1552 agemus
932 1473 974 1536 de
990 1476 1080 1537 statu
1094 1471 1254 1552 religioso
1277 1471 1389 1552 quoad

212 1576 269 1639 illa
292 1580 425 1641 tautum
444 1594 520 1661 quae
535 1579 578 1644 ad
594 1579 751 1644 ordinem
765 1585 946 1644 externum
968 1585 1136 1663 spectant,
1162 1583 1196 1643 et
1216 1579 1285 1642 duo
1306 1578 1389 1640 dun-

214 1687 307 1748 taxat
330 1703 351 1748 a
374 1685 472 1748 nobis
499 1691 681 1751 remanent
711 1687 924 1766 declaranda,
947 1687 1105 1752 scilicet:
1133 1688 1165 1750 l⁰
1192 1685 1234 1750 de
1249 1689 1391 1749 externa

213 1791 390 1875 disciplina
403 1793 629 1875 regularium
645 1795 678 1857 2⁰
694 1794 735 1858 de
753 1793 921 1859 clausura.

650 2013 786 2075 SEGTIO
813 2013 949 2076 Palllt.

494 2153 542 2205 De
563 2157 704 2208 externa
726 2153 905 2219 discipline
926 2154 1104 2222 agninis.

259 2318 276 2390 ,ξ
296 2322 316 2376 l.
338 2319 586 2392 praesumtores
600 2319 684 2390 juris
703 2319 786 2378 circa
806 2319 961 2392 reputares
980 2320 1013 2377 ie
1032 2333 1140 2392 perere
1158 2323 1187 2376 et
1205 2317 1336 2390 capitata

589 2423 625 2466 oc
643 2408 833 2468 visitationes
853 2408 886 2466 ia
904 2411 1010 2481 specie.

345 2560 365 2608 l.
383 2555 455 2618 Quid
469 2555 612 2610 statuatur
626 2556 656 2607 in
672 2556 726 2608 boc
740 2555 824 2608 titulo
838 2555 996 2620 generatim
1011 2555 1086 2610 circa
1099 2557 1264 2622 regulares?

251 2681 282 2742 l⁰
297 2679 333 2742 ln
348 2697 376 2743 c.
394 2679 409 2741 l
428 2679 589 2742 statuitur
603 2678 693 2762 quod
708 2677 859 2760 religiosi
880 2683 961 2742 sunt
975 2679 1134 2761 episcopo
1150 2679 1304 2760 subjecti,
1323 2677 1387 2742 nisi

209 2789 251 2852 ab
267 2789 342 2870 ejus
355 2785 591 2868 Jurisdictione
607 2785 816 2862 eximantur;
834 2786 938 2868 igitur
952 2786 994 2850 de
1007 2788 1084 2868 jure
1098 2785 1272 2850 communi
1288 2804 1388 2867 regu-

208 2893 297 2958 lares
318 2893 462 2975 subjecti
486 2899 567 2958 sunt
590 2893 762 2977 episeopo,
780 2895 838 2977 qui
860 2892 1002 2976 proinde
1025 2897 1139 2976 polest
1158 2911 1217 2958 eos
1236 2893 1385 2968 visitare,

207 3001 389 3081 corrigere,
405 2999 538 3083 punire.
554 3001 682 3068 Tamen
704 3001 815 3084 prima
836 3000 1000 3066 correctio
1015 2999 1058 3064 ad
1073 2999 1247 3080 religionis
1268 3001 1384 3082 prela-

209 3113 281 3172 tum
293 3116 424 3192 spectat
437 3112 476 3192 (c.
494 3114 512 3174 'l
528 3110 569 3175 de
588 3111 652 3194 Off.
670 3111 768 3191 ord),
786 3109 851 3174 nisi
873 3114 995 3190 agatur
1009 3109 1051 3172 de
1070 3108 1172 3172 rebus
1195 3127 1270 3192 quae
1285 3107 1387 3191 perti-

208 3222 291 3282 nent
311 3219 354 3282 ad
376 3219 574 3300 generalem
595 3217 809 3302 disciplinam
830 3217 1004 3292 Ecclesiam
1022 3233 1090 3300 quo
1104 3235 1185 3282 casu
1207 3217 1387 3299 epiecopus

207 3331 325 3407 posset
337 3326 535 3391 immediate
550 3327 721 3408 corrigere
732 3325 981 3411 delinquentes.

247 3431 280 3494 Ψ
295 3431 342 3496 Ex
352 3450 379 3496 o.
393 3433 422 3510 i,
436 3432 551 3497 nullus
566 3437 682 3517 potest
695 3434 798 3516 recipi
812 3433 847 3495 in
862 3434 1110 3497 monasterium
1118 3449 1181 3496 nec
1190 3431 1385 3515 promoveri

102 3608 105 3614 ,
208 3539 251 3603 ad
274 3541 386 3604 oltloia
407 3558 470 3624 pro
491 3541 613 3623 pretio,
630 3559 694 3605 nec
714 3539 886 3623 peculium
901 3541 1042 3614 habere;
1066 3539 1191 3622 singuli
1212 3539 1292 3622 poni
1314 3555 1385 3603 uon

209 3647 334 3712 debent
354 3667 416 3731 per
438 3647 561 3731 oppida
582 3651 642 3712 aut
662 3645 760 3712 villas
778 3649 812 3711 in
825 3647 1074 3730 parochialibus
1089 3646 1255 3722 ecclesiis;
1272 3645 1332 3710 sed
1349 3645 1384 3708 in

208 3759 381 3819 conventu
395 3755 518 3838 majori
532 3772 611 3818 curn
626 3754 795 3838 aliquibus
810 3755 970 3818 iratribus
984 3771 1124 3818 manere
1140 3753 1275 3818 debent.

248 3863 281 3925 3⁰
294 3861 395 3926 Juxta
415 3881 443 3927 c.
461 3863 491 3938 3,
508 3861 748 3926 cistercienses
773 3861 899 3926 debent
922 3859 1059 3926 servare
1084 3860 1239 3942 regulam
1265 3877 1384 3925 secun-

125 4015 127 4018 -
208 3969 290 4033 dum
301 3969 510 4052 primitivam
524 3969 785 4034 institutionem.
857 3999 859 4004 =

246 4078 279 4141 4ο
294 4077 342 4141 Ex
355 4097 383 4142 c.
395 4077 426 4154 4,
439 4078 591 4144 canonici
607 4077 781 4158 regulares
796 4096 866 4142 non
881 4078 1095 4158 resignantes
1109 4075 1296 4160 proprium,
1314 4094 1382 4141 non

208 4186 334 4252 debent
353 4185 488 4269 sepeliri
509 4185 545 4249 in
567 4186 641 4251 loco
664 4203 770 4250 sacro.
788 4186 835 4249 De
855 4184 988 4268 peculio
1007 4188 1042 4248 et
1065 4183 1106 4248 de
1128 4182 1289 4265 religioso
1308 4201 1383 4266 pro-

208 4294 367 4378 prietario
382 4311 484 4377 supra
499 4293 633 4375 egimus
651 4293 686 4357 in
702 4293 800 4357 titulo
815 4293 925 4356 xlllll.

246 4401 278 4464 5⁰
301 4399 338 4463 lu
359 4419 387 4466 c.
411 4403 446 4478 ii,
473 4400 671 4466 conceditur
691 4400 834 4467 facultas
860 4401 1031 4465 canonicis
1055 4400 1269 4482 regularibus
1292 4399 1382 4483 qued

207 4508 357 4574 ecclesiis
382 4509 631 4592 parochialibus
653 4509 779 4592 praessci
801 4510 948 4591 possint,
974 4509 1021 4573 ite
1044 4511 1159 4571 tamen
1185 4511 1223 4568 ut
1251 4507 1381 4571 socium

207 4617 258 4680 sui
284 4615 412 4680 ordinis
429 4617 588 4692 habeant,
615 4617 642 4680 si
666 4617 846 4682 commode
873 4615 944 4680 lieri
970 4619 1091 4698 potest.
1121 4615 1246 4680 Tamen
1265 4615 1378 4690 hodie,

207 4743 250 4788 ex
279 4723 415 4791 decreto
449 4725 600 4807 Gregorii
628 4723 716 4798 lllll,
746 4724 920 4798 certatrici,
957 4723 1043 4788 sicut
1069 4723 1182 4788 caeteri
1215 4723 1377 4803 religiosi,
