3444 6618
538 502 625 547 LIBER
644 501 772 547 TERTIUS
793 499 1015 547 nncaeramull.

634 875 845 953 TITULUS
879 877 917 951 L.

244 1059 283 1106 NE
305 1061 420 1108 ctuelcl
443 1062 499 1107 vat
521 1061 653 1108 nonaum
675 1061 882 1108 sucumnlaus
903 1061 1040 1108 eudorus
1064 1061 1098 1106 SE
1120 1061 1310 1110 llllllsculnl.

229 1379 324 1445 Nora.
348 1379 500 1446 Praesens
526 1379 645 1448 titulus
664 1380 824 1445 coincidit
852 1379 1063 1463 cumprime
1095 1379 1252 1464 ejusdem
1275 1380 1361 1456 libri,

190 1492 269 1576 quia
282 1491 446 1556 advitam
465 1494 499 1555 et
513 1491 730 1555 honestatem
742 1489 943 1555 clericorum
955 1507 995 1554 ac
1009 1490 1255 1555 monachorum
1271 1509 1365 1574 spec-

189 1603 238 1664 tat
253 1597 427 1664 saeoularia
442 1599 591 1680 negotia,
607 1597 672 1662 hoc
697 1602 759 1674 est,
777 1596 889 1662 officia
912 1601 947 1661 et
961 1615 1064 1680 opera
1078 1597 1284 1682 reipublicae,
1302 1617 1365 1664 sae-

188 1706 359 1772 cularibus
377 1707 523 1791 propria,
548 1707 667 1782 utare,
681 1707 782 1788 juxta
796 1705 880 1770 illud
894 1704 1047 1789 Apostoli
1062 1704 1101 1787 (ll
1122 1705 1219 1782 Tim,
1243 1725 1282 1782 u,
1304 1705 1336 1789 4)
1355 1727 1362 1770 :

189 1839 205 1872 «
221 1814 326 1879 Nemo
341 1813 490 1880 militans
503 1814 572 1880 Deo
587 1812 787 1898 implicatae
802 1812 949 1894 negotiis
970 1812 1198 1879 saecularibus.
1215 1840 1230 1874 »
1252 1815 1362 1892 Quare

186 1922 241 1988 hio
261 1921 379 1987 titulus
402 1921 655 2005 perorationem
670 1939 731 1985 seu
757 1920 932 2004 epilogum
959 1922 1064 1986 totius
1091 1921 1167 1986 libri
1194 1922 1236 1987 de
1265 1922 1363 1988 Claro

187 2031 360 2114 aptissime
385 2031 571 2096 constituit.
599 2029 648 2093 Ex
671 2029 777 2094 altera
804 2033 910 2112 parte,
939 2029 1091 2112 apprime
1119 2029 1266 2094 nectitur
1281 2049 1363 2096 curn

187 2140 354 2224 superiori
376 2139 498 2216 titulo;
520 2155 602 2204 nam
620 2140 708 2204 siout
729 2139 765 2203 in
795 2137 963 2214 ecclesiis,
986 2139 1066 2224 quia
1088 2143 1168 2204 sunt
1192 2137 1267 2204 loca
1292 2138 1362 2204 Deo

187 2248 285 2326 dicta,
301 2247 433 2330 profani
450 2250 545 2311 aetus
560 2247 711 2312 exerceri
726 2251 917 2328 nequeunt,
933 2245 982 2310 ite
993 2265 1104 2330 neque
1118 2244 1269 2310 exerceri
1284 2263 1362 2328 pos·

187 2355 466 2438 suntapersonis
484 2353 730 2420 ecclesiasticis.

625 2571 761 2634 suello
785 2572 921 2636 PRIMA.

444 2713 492 2770 De
517 2717 745 2782 exspoliatione
770 2717 938 2784 prohibita
963 2717 1102 2772 clarlols.

474 2885 494 2934 l.
508 2884 548 2935 De
558 2879 759 2948 negotiallonls
768 2883 872 2937 natura
883 2881 1071 2937 et'varletate.

227 3011 260 3094 a)
269 3010 317 3076 De
326 3013 460 3097 nepotio
472 3019 505 3077 et
513 3014 752 3096 nepotiotionis
762 3014 907 3090 notione,
919 3013 1058 3099 ejusque
1069 3015 1273 3100 oppositione
1284 3033 1359 3079 cum

186 3127 279 3186 statu
297 3121 450 3186 clericali.
472 3121 503 3185 l·
517 3121 709 3204 Negotium,
723 3124 823 3206 juxta
836 3123 908 3186 vim
930 3123 1091 3200 nominis,
1113 3127 1165 3188 est
1182 3123 1278 3208 quasi
1300 3123 1364 3187 otii

185 3232 332 3315 nepotio.
346 3231 675 3316 Apudperitosjuris
684 3233 981 3316 etipsumvulgus,
995 3231 1177 3317 aliquando
1189 3231 1360 3313 significat

186 3343 260 3402 tum
281 3340 540 3422 oocupationem
560 3331 639 3424 'quae
661 3339 799 3405 n'onnisi
813 3359 893 3404 cum
906 3339 1023 3405 labore
1042 3345 1077 3404 et
1094 3339 1252 3404 molestia
1266 3357 1362 3402 exer-

185 3451 290 3524 cetur,
306 3451 381 3511 turn
392 3453 605 3514 contractum
620 3449 948 3532 eynallagmaticum,
966 3449 1023 3534 qui
1036 3445 1163 3512 seilicet
1178 3447 1363 3531 opponitur

185 3554 286 3620 nudae
301 3557 536 3632 conventioni,
554 3563 628 3620 tum
641 3557 787 3642 denique
802 3559 912 3641 ipsam
932 3555 1158 3641 quaestionem
1179 3561 1214 3620 et
1229 3559 1361 3620 contro-

188 3662 333 3728 versiam
349 3681 424 3749 quae
444 3665 486 3730 de
501 3684 538 3729 re
551 3657 665 3750 aliqua
678 3672 847 3742 movetur,
862 3671 922 3731 aut
935 3684 1010 3730 rem
1031 3664 1142 3748 ipsam
1156 3663 1197 3730 de
1216 3683 1284 3750 qua
1295 3664 1362 3728 dis-

185 3775 340 3854 ceptatur
355 3791 362 3836 :
385 3774 433 3838 sic
448 3791 588 3840 movere
603 3773 703 3839 aliem
718 3775 907 3857 negotium,
923 3780 976 3840 est
989 3773 1037 3838 illi
1050 3773 1148 3838 litem
1169 3771 1358 3838 intendere.

186 3877 251 3944 Sed
269 3879 306 3944 in
325 3881 390 3946 hoc
405 3881 503 3947 titulo
524 3881 623 3947 aliter
641 3884 807 3961 sumitur;
827 3883 919 3948 unde
934 3883 1177 3965 negotiationis
1199 3899 1361 3946 nomena

185 3988 323 4069 negotio
340 3989 523 4066 derivatur,
547 3995 582 4054 et
604 3991 729 4075 saepius
750 4010 829 4057 oum
849 3991 907 4057 illo
928 3990 1158 4068 contunditur,
1183 3989 1263 4074 quia
1281 4005 1360 4054 oum

184 4095 384 4182 plerumque
406 4099 449 4164 ad
472 4098 606 4168 luorum
627 4099 814 4178 ordinetur,
834 4085 1022 4166 maximam
1037 4099 1179 4184 requirit
1201 4093 1361 4164 sollicitu-

185 4204 310 4283 dinem,
327 4211 362 4272 et
380 4207 457 4274 ideo
485 4213 538 4274 est
553 4210 743 4275 maximum
757 4211 946 4294 negotium.

222 4314 255 4377 2⁰
278 4313 469 4397 Negotiatio
492 4317 548 4382 hie
565 4318 678 4403 ample
698 4319 860 4403 accipitur
881 4337 942 4403 pro
970 4317 1065 4384 omni
1092 4314 1297 4385 commercio
1324 4313 1359 4384 in

184 4422 329 4489 emendo
345 4428 380 4488 et
391 4425 573 4491 vendendo
588 4426 809 4504 consistente,
827 4425 900 4492 sive
912 4431 1046 4492 ematur
1059 4432 1095 4492 et
1107 4427 1359 4512 vendaturipsa

183 4531 371 4614 proprietas
385 4551 512 4612 rerum,
531 4534 604 4599 sive
619 4539 754 4601 tantum
770 4535 886 4601 fruitio
901 4539 936 4600 et
949 4554 1033 4601 usus
1044 4535 1105 4602 rei.

223 4639 255 4701 3⁰
277 4641 374 4718 Quod
396 4643 584 4725 negotiatio
606 4644 769 4712 dedeceat
793 4649 920 4711 statum
941 4643 1144 4724 clericalem,
1162 4643 1244 4713 satis
1265 4651 1358 4730 patet
