3498 5572
546 577 632 622 crees
655 577 781 622 rsnrrus
802 575 1026 622 oscnrrsuun.
1317 559 1378 622 ets

235 694 268 756 2⁰
280 691 328 756 Ex
347 693 481 757 deiectu
492 657 608 759 liberae
631 694 829 769 voluntatis,
843 699 1003 760 arcentur
1016 694 1213 776 impuberes
1228 697 1378 777 majores
1467 729 1469 738 ·

196 801 386 884 septennio,
402 820 483 868 nam
501 820 621 868 eorum
636 802 796 868 voluntas
823 803 952 886 pendet
965 820 986 866 a
999 801 1176 866 voluntate
1197 807 1378 888 parentum

196 915 255 974 aut
269 913 432 974 tutorum.
445 909 573 974 Tamen
587 915 709 975 votum
723 911 942 993 impuberum
957 908 1108 972 validum
1123 913 1185 986 est,
1197 909 1257 972 sed
1266 915 1380 992 potest

195 1017 318 1082 imitari
333 1017 459 1081 directe
473 1037 494 1080 s
503 1017 702 1101 parentibus
711 1022 746 1081 et
756 1017 936 1091 tutoribus,
949 1021 988 1080 ut
1000 1021 1121 1098 postea
1131 1015 1272 1080 dicetur.
1285 1015 1379 1080 Idem

196 1123 379 1190 dicendum
394 1125 436 1189 de
452 1125 654 1190 minoribus.

236 1231 376 1316 Propter
390 1233 549 1298 eamdem
562 1234 731 1298 rationem
745 1234 989 1317 impediuntur,
1001 1233 1105 1297 etiarn
1120 1251 1163 1296 ex
1178 1237 1283 1315 parte,
1300 1251 1380 1296 con-

192 1341 306 1422 juges,
323 1341 485 1422 religiosi,
502 1341 663 1425 episcopi.

235 1447 368 1532 Conjux
381 1455 501 1514 contra
510 1451 568 1532 jus
583 1450 741 1532 conjugis
758 1450 878 1533 nequit
890 1467 1039 1524 vovere;
1056 1448 1117 1512 sed
1132 1453 1184 1511 est
1198 1447 1378 1512 discrimen

194 1557 284 1622 inter
299 1557 461 1622 maritum
477 1563 511 1622 et
523 1576 679 1635 uxorem,
699 1564 868 1644 quatenus
884 1559 1028 1622 maritus
1042 1561 1157 1640 potest
1177 1561 1259 1620 vota
1285 1556 1380 1619 emit-

195 1671 266 1729 tere
281 1665 393 1750 quoad
410 1671 534 1732 coetera
545 1686 621 1752 quae
636 1686 738 1730 usum
752 1667 961 1731 matrimonii
983 1684 1053 1730 non
1078 1663 1280 1748 impediunt,
1298 1665 1380 1728 dum

194 1789 290 1850 uxor,
314 1791 393 1837 curn
419 1779 521 1857 ceput
545 1777 621 1858 ejus
644 1775 687 1838 sit
700 1775 764 1852 vir,
781 1773 886 1839 etiam
898 1773 965 1838 alia
980 1791 1055 1856 ques
1069 1773 1104 1834 in
1119 1773 1168 1834 rei
1183 1771 1379 1856 domesticae

193 1879 437 1946 detrimentum
451 1901 522 1948 non
536 1883 708 1959 cederent,
723 1901 851 1947 vovere
866 1881 995 1967 nequit.

231 1987 393 2069 Religiosi
407 1990 603 2070 generatim
614 1989 770 2054 emittere
779 1989 1081 2074 nequeuntrealia,
1096 1989 1175 2054 licat
1186 1987 1381 2073 personalia

190 2096 324 2178 possint
346 2097 503 2162 emittere
525 2102 608 2162 vota
633 2115 709 2180 quae
733 2097 816 2162 nihil
831 2097 1031 2162 contineant
1044 2102 1164 2163 contre
1185 2095 1379 2179 regularem

190 2204 457 2270 observantiam.
1223 2223 1227 2230 ’

228 2311 380 2376 Tandem
404 2313 586 2395 episcopus
611 2311 707 2377 nulla
734 2317 830 2390 vcta,
857 2332 921 2378 nac
947 2313 1052 2379 realis
1080 2333 1143 2378 nec
1171 2313 1377 2397 personalia,

189 2437 268 2502 quae
290 2420 442 2484 oltlcium
473 2419 665 2503 episcopale
694 2420 897 2504 impediant,
925 2421 1082 2486 emittere
1107 2427 1222 2505 potest
1246 2423 1319 2486 siue
1342 2421 1379 2484 li-

190 2527 303 2591 centia
325 2527 447 2612 Papae;
470 2548 503 2592 v.
527 2547 560 2610 g.
596 2533 716 2593 votum
739 2527 852 2610 longae
876 2530 1174 2612 peregrinationis.
1196 2529 1273 2594 llaec
1299 2535 1380 2595 vota

195 2639 313 2699 essent
334 2635 498 2712 invalida,
528 2636 649 2701 saltem
678 2638 706 2700 si
735 2635 891 2702 absolute
916 2639 1170 2714 emitterentur;
1195 2641 1294 2722 juxta
1320 2637 1378 2702 ali-

193 2761 290 2826 quos,
315 2749 431 2808 essent
454 2743 566 2810 valida
589 2746 617 2809 si
640 2745 703 2809 sub
725 2745 922 2810 conditione
943 2745 1088 2810 licentiae
1113 2747 1336 2830 impetrandae
1359 2765 1379 2810 a

197 2849 298 2934 Papa.

232 2959 306 3023 Non
334 2959 426 3024 idem
452 2959 635 3024 dicendum
659 2966 712 3025 est
735 2961 778 3024 de
799 2963 956 3044 parochis
979 2968 1014 3026 et
1034 2963 1108 3028 aliis
1136 2963 1277 3039 clericis,
1299 2981 1378 3028 cum

194 3066 329 3132 viuculo
345 3067 495 3132 ecclesiis
511 3067 582 3132 suis
593 3067 744 3132 adstricti
756 3085 826 3133 non
839 3069 927 3144 sint3
944 3074 1070 3147 tamen,
1083 3071 1196 3153 quoad
1207 3076 1287 3135 vota
1302 3089 1377 3154 quae

192 3175 430 3260 praejudiciosa
456 3181 573 3240 essent
593 3175 705 3240 cilicio
730 3174 867 3240 illorum
890 3176 1102 3254 clericorum,
1118 3179 1244 3243 debent
1261 3183 1377 3261 petere

192 3283 366 3350 licentiam
381 3283 542 3368 episcopi.

233 3393 266 3456 3⁰
278 3391 327 3455 Ex
340 3391 562 3475 dispositione
570 3395 670 3476 juris,
683 3393 845 3469 novitius,
856 3394 1246 3468 anteannumldaetatls,
1260 3395 1378 3477 nequit

195 3505 276 3565 vota
289 3500 451 3581 religiosa
464 3503 632 3566 emittere.

501 3693 544 3744 111.
562 3692 659 3753 Qualis
673 3691 710 3746 stt
723 3691 857 3758 obligatio
871 3705 904 3746 ex
919 3693 984 3746 voto
998 3693 1078 3746 orta?

238 3825 443 3908 ulobligatio
454 3845 497 3890 ex
507 3831 588 3891 voto
602 3831 677 3891 orta
688 3833 740 3891 est
752 3846 796 3890 ex
807 3845 935 3908 genere
951 3845 1014 3891 suo
1025 3827 1152 3908 gravis,
1167 3829 1230 3891 snb
1242 3827 1378 3892 mortali

197 3939 335 4016 peccato
350 3933 566 4016 adstringens
580 3940 776 4012 voventem,
792 3941 831 3998 ut
844 3935 991 4000 fideliter
1005 3954 1048 3998 ex
1063 3935 1188 3999 virtute
1204 3936 1379 4017 religionis

197 4041 336 4125 impleat
358 4051 393 4107 et
415 4043 536 4109 reddat
558 4043 629 4108 Deo
654 4044 746 4127 quod
770 4045 946 4128 promisit;
971 4063 1053 4110 nam
1075 4047 1104 4108 si
1129 4045 1234 4110 lldem
1261 4066 1282 4112 a
1309 4046 1378 4111 Deo

197 4150 311 4216 datam
325 4171 395 4217 uon
412 4159 546 4236 oportet
569 4153 739 4234 frangere,
767 4155 1008 4236 multomagis
1031 4154 1135 4218 ssdem
1165 4154 1279 4220 datam
1309 4155 1379 4219 beo

196 4277 332 4325 servare
348 4267 493 4346 oportet.
511 4263 577 4327 Sed

236 4373 267 4431 l·
282 4369 455 4434 Diximus:
474 4397 489 4430 «
507 4391 691 4454 exgenere
707 4393 770 4439 suo
784 4375 915 4455 gravis3
934 4399 949 4432 u
966 4392 1046 4439 narn
1057 4373 1129 4438 baec
1140 4371 1300 4454 obligatio
1309 4372 1375 4456 ple-

195 4495 340 4561 rumque
355 4482 408 4542 est
421 4485 699 4544 commensurata
722 4481 881 4562 gravitati
901 4481 1065 4556 materiae,
1089 4481 1177 4545 sicut
1198 4479 1271 4544 aliae
1297 4479 1380 4544 obli-

195 4585 352 4664 gationes
368 4590 403 4650 et
417 4591 531 4662 sctus;
548 4587 639 4652 unde
654 4585 775 4654 levitas
790 4589 942 4652 materiae
958 4593 1099 4652 excusat
1124 4607 1145 4652 a
1162 4585 1309 4663 mortali,
1332 4587 1380 4652 ita

198 4698 246 4766 ut,
262 4695 362 4773 juxta
381 4711 600 4758 communem
630 4697 846 4766 sententiam,
871 4696 1032 4780 quidquid
1055 4695 1096 4759 sit
1118 4695 1159 4760 de
1189 4695 1379 4758 intentione
