3488 5564
525 581 612 626 nisan
632 579 786 626 ssccncos
806 581 1029 627 nacacmuuu.
1326 565 1364 626 57

188 698 428 765 territorialcm
443 703 606 784 spectare,
623 703 697 762 tum
715 699 795 783 quia
814 701 983 765 abstinere
1001 701 1044 764 ab
1064 701 1223 785 operibus
1238 699 1366 764 servili-

187 811 252 874 bus
275 813 310 873 et
332 809 480 890 negotiis
500 807 693 872 forensibus
714 826 784 872 non
808 815 861 872 est
883 809 963 892 quid
987 809 1170 892 spirituale,
1193 813 1266 872 tum
1288 809 1367 893 quia

187 917 282 984 solus
297 917 454 1002 princeps
474 915 644 980 secularis
657 935 776 1000 pesnas
796 917 976 982 decernere
999 921 1112 1000 potest
1132 916 1363 981 violatoribus.

189 1027 293 1091 Porro
305 1029 488 1108 utrumque
503 1023 627 1088 falsum
638 1043 645 1086 :
656 1024 824 1107 siquidem
836 1025 1006 1090 abstinere
1020 1025 1062 1088 ab
1076 1023 1235 1107 operibus
1249 1025 1289 1086 sst
1303 1025 1366 1107 spi-

186 1134 310 1199 rituale
335 1134 379 1198 cb
402 1135 508 1197 finem
532 1132 574 1198 ad
596 1153 698 1216 quem
721 1132 911 1210 ordinatur;
932 1133 1055 1198 deinde
1076 1132 1223 1197 Ecclesia
1240 1133 1367 1214 gaudet

188 1245 359 1325 potestate
374 1241 536 1318 coactiva,
549 1245 584 1304 et
595 1241 745 1305 officium
758 1240 949 1324 principum
963 1239 1206 1304 catholicorum
1221 1245 1274 1304 est
1283 1260 1368 1323 pree-

186 1355 288 1434 cepta
311 1347 466 1414 Ecclesia
489 1349 586 1422 tueri,
611 1349 647 1412 in
669 1347 853 1414 violatores
879 1348 1182 1414 animadvertendo
1207 1348 1364 1432 (Trident.

186 1478 216 1522 s.
232 1459 284 1532 Db,
302 1476 330 1522 c.
349 1457 410 1539 SD).
429 1456 495 1520 Sed

228 1565 306 1632 Μ
323 1583 474 1649 quonam
489 1567 642 1650 principe
664 1565 880 1630 eeclesiastico
903 1566 1037 1630 institui
1051 1566 1184 1650 possint
1204 1566 1322 1647 feriae?
1341 1567 1367 1631 Α

186 1677 281 1760 Papa
296 1693 357 1758 pro
373 1678 445 1739 tota
458 1673 615 1750 Ecclesia,
632 1679 666 1738 et
681 1675 722 1738 ab
738 1674 896 1759 episcopo
910 1693 972 1758 pro
986 1693 1048 1740 sua
1065 1673 1212 1739 dioecesi.

230 1783 298 1848 Sed
312 1784 400 1848 circa
412 1787 618 1866 potestatem
632 1783 779 1866 episcopi
796 1783 863 1849 duo
878 1789 958 1848 sunt
977 1783 1185 1848 advertenda
1200 1803 1207 1846 z

231 1895 264 1957 t⁰
278 1891 352 1956 Non
365 1896 478 1975 potest
497 1891 673 1956 instituere
694 1893 821 1956 festum
842 1892 884 1956 de
904 1897 1085 1975 praecept0,
1102 1892 1167 1955 nisi
1188 1892 1229 1956 de
1252 1897 1368 1958 sancto

187 1999 408 2074 canonizatc;
426 2003 551 2076 tamen,
566 2000 798 2084 juxtaplures,
815 2005 932 2084 posset
946 2002 1059 2076 etiam,
1076 2001 1215 2064 favente
1229 2019 1369 2064 consue·
1485 2019 1491 2029 ·

188 2109 321 2184 tudine,
338 2109 514 2172 instituere
536 2109 663 2172 festum
687 2107 728 2172 de
751 2113 867 2174 sancto
889 2108 1091 2184 beatificato,
1114 2108 1204 2192 quia,
1227 2109 1274 2172 ait
1292 2109 1369 2173 Bar-

189 2219 287 2292 bosa,
303 2215 483 2280 beatificati
497 2220 693 2281 sanctornm
705 2217 843 2281 nomine
857 2216 892 2279 in
907 2215 1025 2280 ordine
1037 2214 1079 2280 ad
1089 2215 1193 2280 istum
1210 2215 1368 2280 ellectum

188 2324 346 2390 ueniunt.

230 2435 264 2497 2·
279 2433 356 2498 Haec
370 2433 537 2497 institutio
553 2432 634 2496 olim
648 2431 752 2496 flebat
761 2449 840 2496 cum
854 2431 995 2496 consilio
1008 2435 1043 2496 et
1056 2449 1224 2496 consensu
1240 2430 1320 2495 cleri
1336 2437 1370 2495 et

190 2542 374 2628 praesentia
387 2539 513 2624 populi.
531 2540 670 2604 Constat
686 2559 714 2604 c.
730 2542 761 2604 5.
777 2538 868 2604 tinal.
882 2539 916 2604 b.
937 2543 959 2602 t.
979 2539 1100 2604 Postea
1115 2541 1289 2622 receptum
1306 2539 1371 2602 fuit

192 2655 230 2714 nt
246 2649 317 2713 dies
338 2649 416 2713 sesti
437 2649 577 2712 minime
601 2654 722 2714 vocato
742 2647 879 2732 populo,
897 2647 970 2712 sola
988 2648 1188 2712 auctoritate
1208 2646 1366 2730 episcopi,

191 2775 271 2823 cum
286 2757 485 2822 clericorum
508 2775 678 2821 consensu
701 2761 761 2820 aut
779 2756 931 2832 oonsilio,
949 2755 1180 2830 instituantur,
1197 2759 1232 2820 ot
1244 2753 1370 2838 populo

192 2865 394 2930 indicentur.
411 2866 477 2930 Sed
489 2871 567 2949 post
581 2865 711 2931 Sanctae
726 2863 1006 2947 Congregationis
1021 2865 1160 2928 Rituum
1176 2861 1370 2928 declaratio-

193 2993 274 3040 nem
298 2975 518 3058 approbatam
540 2975 582 3038 ab
605 2973 738 3038 Urbano
761 2971 842 3049 Vlll,
864 2972 1076 3056 applicantur
1096 2971 1254 3035 omnibus
1275 2969 1370 3033 lestis
1418 3037 1423 3058 ι

192 3082 411 3146 instituendis
440 3081 673 3147 solemnitates
699 3081 932 3145 determinatae
959 3079 1071 3163 quoad
1094 3085 1256 3162 patronos
1280 3077 1371 3141 loco-

193 3209 272 3256 rum
287 3191 336 3272 (aa
352 3195 450 3255 mart.
468 3190 570 3272 1630).
1371 3177 1373 3182 ’

589 3374 631 3423 iti.
649 3373 688 3424 De
706 3370 783 3422 tertis
799 3369 974 3435 nuptiarum.

236 3516 338 3582 Eeriae
368 3515 561 3598 nuptiarum
591 3516 730 3599 antiquo
756 3517 833 3598 jure
863 3485 1009 3597 amplius
1038 3515 1210 3578 habebant
1237 3519 1371 3597 tempus

193 3643 298 3710 quam
314 3641 404 3690 novo
421 3643 428 3686 :
444 3629 577 3706 tompus
591 3623 675 3688 illud
695 3623 941 3688 determinatur
960 3622 994 3684 in
1014 3641 1085 3704 cap.
1106 3621 1127 3684 4
1148 3621 1252 3704 hujus
1271 3621 1369 3686 tituli.

193 3733 260 3799 Sed
272 3732 428 3797 limitatio
444 3731 606 3814 temporis
622 3731 813 3796 introducta
828 3735 880 3794 est
903 3747 1031 3795 acone.
1048 3728 1134 3793 Trid.
1146 3730 1185 3812 (s.
1197 3729 1246 3792 Di.
1263 3749 1291 3793 c.
1310 3731 1370 3812 io).

234 3841 282 3904 De
305 3839 370 3906 hcc
390 3842 468 3922 jure
495 3857 598 3915 novo,
626 3840 753 3922 nuptiae
778 3837 976 3903 solemniter
999 3841 1033 3901 et
1053 3835 1187 3919 publice
1211 3836 1372 3901 celebrari

194 3949 308 4014 solum
323 3947 547 4030 probibentur
561 3949 603 4012 ab
618 3948 775 4012 Adventu
798 3945 932 4010 Domini
954 3964 1063 4029 usque
1086 3945 1129 4008 ad
1152 3943 1373 4027 Epiphaniam

194 4055 342 4131 Domini,
365 4061 399 4120 et
422 4057 595 4120 alerici·
618 4055 775 4120 Cinaram
798 4055 840 4122 ad
862 4061 1017 4120 octavam
1038 4053 1174 4118 Pascbae
1194 4051 1370 4116 inclusive.

193 4163 293 4228 Ratio
311 4164 414 4246 hujus
427 4164 663 4246 prohibitionis
684 4164 854 4248 estquod
874 4181 935 4248 per
958 4181 998 4226 ea
1023 4167 1177 4243 tempora
1198 4178 1316 4242 parare
1336 4178 1372 4223 se

195 4271 344 4336 debeant
357 4271 475 4335 fideles
494 4271 537 4336 ad
555 4271 758 4336 celebranda
775 4270 964 4336 Natiuitatis
985 4268 1119 4334 Domini
1142 4272 1176 4332 et
1196 4267 1373 4331 Resurrec-

196 4379 299 4444 ticnis
313 4381 484 4462 mysteria.
500 4379 603 4444 Porro
617 4379 849 4444 solemnitates
862 4377 1068 4462 nuptiarum,
1080 4394 1159 4440 cum
1173 4375 1373 4460 plerumque

194 4489 373 4552 danicum
389 4487 542 4570 strepitu,
557 4486 743 4571 plurimum
755 4487 974 4552 devotionem
990 4484 1190 4550 distrahunt.

237 4594 382 4658 Dicitur:
400 4595 534 4679 publice
548 4604 580 4660 et
594 4595 796 4672 solemniter,
816 4614 897 4660 nam
910 4595 963 4660 bis
981 4593 1189 4676 temporibus
1201 4591 1375 4656 matrimo-

200 4702 294 4770 nium
310 4703 383 4770 sine
399 4703 614 4772 solemnitate
630 4707 742 4788 potest
756 4703 920 4778 contrabi,
937 4702 1039 4769 ctiam
1053 4701 1088 4767 in
1107 4701 1192 4768 facie
1207 4699 1372 4767 Ecclesia.
