3504 5572
526 567 614 614 ersrn
635 567 762 615 rrnrrus
782 567 1006 618 nscnsrncruu.
1297 549 1356 614 337

221 681 371 749 landem
388 683 421 748 8⁰
441 683 470 748 si
488 701 531 750 ex
549 686 639 752 tacto
658 683 835 751 creditoris
856 677 1066 778 impossibile
1089 677 1213 750 evadat
1234 676 1370 750 heneti-¹

182 790 271 855 cium
295 792 543 858 credendarum
557 795 741 872 actionum,
768 811 829 858 seu
841 789 1061 876 impossibilis
1075 789 1136 856 ssat
1160 792 1358 874 subrogatio

181 895 435 980 fidejussorisin
445 899 632 983 illiusjura,
642 899 851 985 hypothecas
864 897 1085 981 etprivilegia
1097 899 1175 982 (art.
1186 899 1265 964 9037
1277 898 1356 965 Cod.

181 1005 258 1088 civ.)
273 1003 369 1072 Ratio
385 1011 447 1084 est,
464 1009 544 1091 quia
562 1008 746 1092 ltdejussor
758 1009 877 1091 nequit
891 1024 1069 1072 remanere
1093 1003 1263 1088 obligatus
1278 1024 1360 1088 erga

182 1105 385 1179 creditorem
400 1115 457 1199 qui
467 1115 602 1197 juribus
614 1116 759 1199 propriis
771 1113 1003 1197 fidejussionis
1015 1133 1094 1179 eum
1108 1114 1276 1198 spoliavit.

216 1268 303 1325 ltorn.
327 1271 477 1328 Hactenus
498 1268 673 1342 incorpore
698 1268 790 1338 luriS,
817 1267 936 1326 atitulo
957 1270 1018 1326 lllV
1040 1268 1075 1326 ad
1099 1269 1143 1326 tit.
1167 1273 1357 1340 praesentem

182 1361 282 1414 actum
292 1363 339 1416 est
349 1357 385 1414 de
395 1358 636 1417 contractibuset
646 1357 882 1432 obligationibus
891 1376 897 1427 ;
907 1357 939 1414 in
950 1357 1089 1430 sequenti
1100 1357 1200 1431 agitur
1209 1357 1246 1416 de
1258 1357 1358 1416 modis

181 1445 293 1518 quibus
308 1446 453 1522 obligatio
469 1448 594 1518 tollitur,
609 1453 639 1506 et
650 1447 696 1506 sic
708 1447 922 1520 relinquuntur
932 1445 1031 1504 caeteri
1041 1451 1213 1505 contractus
1223 1447 1274 1520 qui
1286 1453 1359 1505 sunt

182 1534 310 1594 minoris
325 1538 481 1608 momenti,
496 1543 573 1596 etex
585 1537 653 1610 jure
667 1536 747 1596 civili
761 1534 933 1609 supplendi.
947 1537 971 1593 Α
986 1533 1168 1608 quibusdam
1189 1536 1357 1596 canonistis

180 1619 229 1682 tric
243 1632 461 1686 enumerantur
475 1627 517 1684 illi
534 1631 708 1685 contractus
722 1625 768 1684 vel
784 1619 1075 1698 quasi-contractus
1092 1631 1181 1698 prout
1195 1627 1359 1686 admittun-

181 1720 229 1773 tur
244 1721 272 1773 et
286 1715 472 1776 deliniuntur
486 1718 583 1791 ajurc
598 1721 747 1786 Romarm
764 1716 817 1793 sed
830 1731 898 1776 oum
914 1731 951 1774 en
966 1731 1027 1775 una
1042 1716 1180 1789 partejus
1190 1719 1358 1776 Romanum

181 1805 211 1862 in
226 1805 297 1864 istis
312 1807 518 1867 contractibus
533 1821 697 1881 eorumque
716 1807 960 1866 solemnitatibus
982 1822 1042 1864 non
1059 1821 1177 1878 semper
1199 1807 1360 1864 concordet

181 1909 251 1953 cum
260 1895 329 1968 jure
343 1896 500 1970 hodierno,
516 1903 545 1956 et
554 1913 591 1956 en
606 1897 708 1966 altera,
725 1911 786 1955 non
800 1896 889 1954 modo
903 1896 1051 1966 cintltsue,
1062 1895 1115 1954 sed
1128 1897 1217 1954 etiam
1228 1895 1359 1971 theologi

180 1984 361 2045 intractato
386 1987 665 2057 decontractibuS,
693 1986 763 2045 illos
793 1991 983 2055 contractum
1011 1991 1158 2058 qnantum
1195 1986 1269 2044 satis
1293 1990 1359 2055 est,

180 2075 369 2148 expendant,
392 2075 442 2136 hic
462 2075 676 2149 praetermittun
694 2075 783 2134 etiam
807 2073 987 2134 brevissima
1007 2074 1127 2132 illorum
1149 2078 1357 2134 contractuum

180 2163 378 2224 enumeratio.

598 2544 784 2622 TITULUS
810 2545 939 2620 xxllt.

554 2725 598 2770 ns
628 2724 908 2772 securioribus
933 2706 984 2788 (1).

220 3041 378 3124 Pignora,
394 3041 594 3126 hypothecae
609 3045 645 3106 et
657 3040 898 3124 fidejussiones
912 3041 1168 3106 constituuntur
1185 3041 1220 3106 in
1236 3042 1359 3106 securi·

182 3155 290 3214 tetam
308 3149 498 3214 solutionis.
520 3148 678 3214 Debitore
697 3146 874 3231 principali
893 3166 962 3213 non
980 3147 1146 3225 solvente,
1166 3149 1209 3213 ad
1224 3147 1359 3214 solven-

181 3257 266 3322 dum
281 3255 496 3340 compellitur
508 3256 710 3340 fidejussor;
726 3253 850 3319 merito
865 3253 970 3335 igitur
983 3260 1060 3340 post
1075 3257 1268 3340 superiores
1283 3255 1360 3319 titu-

181 3364 234 3431 los
248 3365 402 3450 sequitur
416 3363 535 3429 titulus
554 3364 597 3428 de
613 3361 850 3438 solutionibus,
868 3367 904 3426 et
917 3367 1009 3427 recto
1028 3362 1146 3428 ordine
1162 3363 1358 3429 immediate
1441 3415 1444 3423 .

182 3472 333 3538 succedit
345 3473 443 3538 titolo
458 3472 500 3538 de
512 3469 783 3555 fidejussoribus.

411 3669 431 3718 l.
449 3669 487 3720 bo
502 3667 606 3719 natura
622 3667 773 3721 solutionis
786 3667 816 3720 et
829 3663 974 3731 requisitis
988 3664 1024 3718 ad
1039 3664 1127 3718 illam.

222 3805 246 3870 l.
263 3806 400 3875 Natura
411 3807 597 3872 solutionis.
620 3805 749 3872 Solutio
764 3805 923 3888 generice
943 3804 1106 3886 accipitur
1118 3821 1180 3887 pro
1196 3821 1357 3888 quacum-

182 3934 249 3999 que
263 3915 463 3982 liberatione
477 3934 539 3982 seu
552 3915 800 3991 satisfactione3
817 3915 882 3980 hoc
896 3931 1011 3988 sensu,
1033 3913 1096 3976 sub
1116 3931 1152 3977 se
1168 3912 1360 3998 complecti·

182 4029 239 4089 tur
261 4025 493 4101 novationem,
510 4027 791 4111 acceptationem,
808 4024 1135 4108 compensationem,
1158 4027 1296 4106 pactum
1317 4022 1359 4087 de

182 4149 253 4196 non
275 4134 436 4217 petend0,
462 4139 497 4199 et
520 4133 604 4200 alios
627 4134 749 4199 modos
779 4133 902 4217 quibus
927 4131 1088 4213 obligatio
1119 4131 1357 4213 exstinguitur.

183 4239 313 4306 Solutio
332 4242 488 4325 speoitlce
509 4246 648 4346 accepta
669 4245 722 4310 est
742 4239 906 4308 naturalis
939 4257 1000 4304 seu
1024 4237 1124 4303 realis
1147 4255 1187 4302 ac
1207 4236 1362 4319 legitima

183 4351 356 4433 praestatio
373 4352 448 4433 ejus
469 4347 560 4434 quod
583 4351 735 4424 debetur.
761 4349 814 4414 Sic
834 4347 1051 4433 potissimum
1077 4345 1223 4411 sumitur
1240 4347 1276 4410 in
1295 4345 1360 4412 hoo

183 4457 293 4524 titulo.

215 4621 250 4686 tl)
265 4620 359 4680 Quoad
370 4621 416 4686 ius
429 4621 517 4686 itum,
529 4621 584 4673 vid.
597 4621 693 4682 instit,
705 4620 751 4671 lib.
764 4619 806 4681 Ill,
819 4622 838 4671 t.
851 4629 923 4681 ως
936 4617 1073 4680 Pendeat,
1087 4617 1134 4671 lib.
1148 4619 1232 4678 xlvi,
1247 4622 1266 4670 t.
1282 4630 1359 4682 u·rv;

184 4698 259 4762 cod,
271 4698 317 4752 lib.
328 4699 393 4764 Vlll,
403 4703 422 4749 t.
433 4695 583 4763 nen-xum
594 4701 682 4764 quoad
693 4699 737 4765 ius
747 4697 825 4760 dett,
835 4697 900 4750 cod.
918 4697 980 4758 eia,
997 4697 1044 4750 lib.
1056 4697 1097 4760 lli,
1106 4703 1124 4749 t.
1136 4709 1178 4760 nr,
1190 4713 1213 4748 c.
1222 4701 1246 4760 5,
1259 4702 1323 4752 sect.
1336 4703 1361 4750 t.

345 4807 376 4850 n.
1160 4787 1200 4852 Ἠ
