3444 6618
562 527 650 573 mem
670 527 797 574 ruamus
817 527 1039 574 anonumum.
1333 513 1391 578 581

216 642 368 720 ecclesia,
385 644 475 729 quod
497 645 557 709 flet
578 645 650 710 siva
673 663 734 728 per
749 643 956 710 solutionem
970 663 1094 710 annuae
1109 645 1295 729 pensionis,
1318 647 1390 712 sive

215 772 277 837 per
289 771 468 818 recursum
482 753 524 818 ad
540 771 616 819 eam
630 754 875 837 probaptismo
891 757 925 818 et
940 753 1187 837 sepultura,ch
1201 753 1312 830 alitem
1328 755 1393 820 hoc

215 861 417 946 relinquitur
433 861 621 945 prudentiae
637 861 796 945 episcopi.

255 970 290 1052 d)
312 970 364 1032 An
388 968 432 1033 ad
450 987 549 1034 novae
563 969 747 1052 parochia,
769 969 859 1034 intra
876 970 982 1033 flnem
1007 969 1161 1046 alterius,
1186 971 1393 1035 erectionem

214 1077 408 1161 requiratur
427 1076 607 1141 consilium
628 1076 685 1141 vel
698 1095 887 1142 consensus
908 1076 1069 1161 capituli?
1092 1077 1170 1141 Jure
1191 1077 1283 1142 novo
1303 1078 1390 1142 Trid.

215 1186 311 1267 (sess.
328 1185 378 1262 at,
400 1203 429 1248 c.
445 1184 475 1264 d,
492 1185 534 1248 cle
546 1185 647 1268 Μ),
664 1203 735 1250 non
756 1203 854 1250 secus
867 1203 906 1250 ao
920 1189 1031 1262 antea,
1047 1185 1232 1268 requiritur
1251 1204 1393 1251 consen-

214 1311 273 1356 sus
285 1293 432 1376 capituli,
450 1294 479 1357 si
493 1310 584 1360 nova
600 1293 743 1359 ecclesia
756 1298 809 1358 est
819 1295 977 1379 episcopo
992 1295 1155 1376 subjecta,
1171 1311 1232 1359 seu
1246 1295 1393 1378 quoties-

214 1419 361 1486 cumque
376 1419 447 1467 non
461 1401 574 1484 agitur
588 1403 629 1467 de
645 1402 788 1468 ecclesia
801 1407 974 1486 exempta3
992 1403 1078 1467 ratio
1094 1407 1156 1480 est,
1173 1403 1253 1486 quia
1266 1420 1310 1466 ex
1325 1423 1394 1468 una

214 1515 311 1593 parta
326 1510 581 1576 dismembratio
606 1516 658 1576 est
681 1512 811 1595 species
828 1509 1054 1588 alienationis„
1074 1516 1108 1576 et
1130 1510 1299 1606 exaltem
1320 1512 1389 1594 epi-

215 1637 338 1703 scopus
351 1620 504 1703 procedit
512 1623 590 1704 jure
605 1621 787 1687 ordinario.
801 1621 919 1698 Quoad
934 1620 1092 1686 ecclesias
1107 1625 1294 1706 exemptas,
1315 1639 1391 1704 pro-

214 1728 303 1793 cedit
317 1732 356 1828 ut
367 1729 544 1812 delegatus
560 1728 655 1794 Sedis
670 1729 881 1814 Apostolioae.

289 1923 331 1973 111.
349 1920 421 1983 Quid
435 1920 644 1976 observandum
659 1923 817 1989 generatim
831 1923 861 1976 iu
876 1921 1064 1977 adiuratione
1080 1933 1159 1976 nova
1177 1921 1312 1975 ecelesiae.

255 2057 286 2119 t·
300 2057 407 2121 Debet
423 2057 603 2141 episcopus
617 2077 679 2142 per
701 2077 738 2123 se
758 2057 813 2122 vel
825 2077 887 2142 per
907 2058 1012 2123 alium
1027 2058 1063 2120 in
1083 2057 1158 2121 loco
1183 2055 1391 2121 aedificanda

215 2164 365 2228 ecclesiae
380 2183 516 2229 cmcem
539 2165 674 2229 Domini
694 2167 813 2246 figere,
840 2165 1020 2247 designare
1040 2165 1164 2229 atrium
1185 2169 1219 2227 et
1243 2163 1392 2247 lapidem

214 2271 414 2355 primarium
428 2290 557 2356 ponere
569 2273 654 2354 (can.
669 2273 741 2337 ilde
754 2271 921 2353 Consecr„
939 2274 970 2338 d.
987 2272 1027 2355 l).
1121 2289 1126 2299 ·

256 2381 287 2444 1ο
301 2379 351 2442 Ex
364 2397 459 2445 more
474 2385 611 2464 recepto
631 2381 673 2445 ab
699 2381 781 2464 ipsis
800 2381 971 2445 nascentis
990 2380 1144 2444 Ecclesia
1163 2379 1388 2456 incunabulis,

216 2487 377 2569 erigenda
405 2491 457 2552 est
480 2489 517 2552 in
538 2489 686 2553 sormam
713 2490 811 2554 navis
835 2488 1034 2570 oblongam,
1066 2489 1144 2572 quia
1165 2489 1201 2551 in
1230 2486 1387 2564 ecclesia,

214 2600 378 2680 tanquam
397 2598 432 2660 in
454 2597 533 2662 navi
555 2595 736 2674 tutissima,
762 2615 805 2660 ex
827 2597 892 2661 hoa
911 2594 1052 2672 mundo,
1077 2596 1113 2659 in
1138 2614 1205 2678 quo
1228 2601 1391 2680 tanquam
1494 2579 1502 2598 “

213 2703 444 2789 inprooelloso
459 2704 768 2782 marilluctuamus‚
784 2703 826 2768 ad
838 2709 975 2769 aeternae
987 2702 1105 2768 salutis
1116 2705 1391 2789 portumpertin-

214 2811 338 2893 gimus.

252 2919 285 2984 3ο
308 2919 355 2984 Ex
378 2921 563 3004 apostolica
589 2921 769 2986 traditione
787 2921 835 2986 ita
859 2919 963 2985 etiam
984 2921 1171 2984 aediflcatur
1185 2919 1337 2999 ecclesia,
1353 2925 1392 2984 ut

213 3025 318 3094 altare
344 3047 518 3093 summum
540 3028 725 3094 collocetur
748 3045 870 3093 versus
883 3030 1076 3092 orientem:
1098 3028 1184 3092 ratio
1206 3023 1391 3110 symbolica

213 3141 275 3212 est,
293 3137 373 3220 quia
386 3136 537 3202 Christus
559 3137 601 3202 ad
621 3137 726 3202 coelos
746 3137 898 3202 ascendit
916 3136 1154 3212 adorientem,
1179 3142 1214 3201 et
1234 3135 1270 3200 in
1290 3155 1389 3201 cruce

214 3245 358 3309 suffixus
370 3247 412 3312 ab
426 3247 556 3311 oriente
572 3247 796 3330 spectandum
809 3265 845 3311 se
857 3246 1019 3310 exhibuit.
1039 3244 1105 3308 Sed
1117 3244 1218 3309 hodie
1242 3245 1306 3308 hoc
1319 3263 1389 3310 non

213 3357 379 3428 servatur,
396 3354 457 3418 sed
470 3356 585 3438 potius
599 3355 844 3420 haheturratio
868 3353 1120 3418 commoditatis
1139 3352 1220 3428 loci;
1246 3371 1310 3416 nec
1334 3353 1390 3417 de-

214 3463 295 3522 sunt
316 3460 473 3543 exempla
493 3467 651 3526 veterum
673 3460 892 3526 ecclesiarum
908 3479 1053 3545 quarum
1077 3459 1195 3524 altaria
1218 3459 1388 3524 diversam

215 3567 257 3630 ab
272 3567 428 3632 orientali
444 3567 578 3652 plagam
592 3569 787 3653 respiciunt.
1212 3581 1214 3587 ·

703 3790 838 3852 sacrm
860 3791 899 3852 ΙΙ.

576 3952 623 4004 De
640 3951 853 4018 reparatione
871 3950 1029 4005 ecclesiae.

244 4119 276 4202 a)
292 4119 360 4200 Qui
369 4137 562 4185 concurrere
576 4119 720 4185 debeant
734 4119 783 4184 ad
792 4120 1044 4204 reparationem
1060 4117 1201 4182 ecclesia
1209 4115 1390 4202 parochia-

216 4225 278 4291 lis?
288 4227 430 4292 Nomine
442 4225 590 4292 ecclesia
603 4227 804 4310 parochialis
815 4227 959 4291 veniunt
973 4245 1044 4291 non
1054 4229 1187 4291 tantum
1202 4226 1276 4308 ipsa
1286 4222 1389 4287 eccle-

215 4335 275 4410 sia,
298 4335 358 4400 sed
377 4335 540 4413 sacristia,
556 4337 658 4400 turris
672 4355 752 4400 cum
770 4335 950 4419 campanili
977 4339 1011 4399 et
1030 4334 1276 4407 coemeterium,
1297 4331 1388 4395 aedes

215 4443 355 4506 rectoris
364 4443 564 4508 habitationi
578 4442 753 4507 destinatae
768 4445 860 4508 :haec
870 4443 986 4508 omnia
998 4441 1274 4507 suntaccessoria
1283 4439 1325 4504 ad
1336 4457 1389 4504 cc-

213 4548 367 4626 clesiam;
383 4568 485 4634 porro
500 4551 726 4616 accessorium
744 4551 898 4634 sequitur
914 4549 1108 4634 principale.
1126 4549 1252 4614 Tamen
1272 4547 1307 4610 in
1323 4547 1388 4612 hoo

214 4656 427 4722 observanda
441 4661 493 4721 est
506 4656 717 4722 consuetudo
730 4657 893 4722 locorum.
