3488 5568
362 541 423 605 380
506 549 509 555 '
822 563 874 610 sus
895 561 1075 610 canonicus.

363 681 528 754 remotus,
545 681 583 740 ut
597 677 739 743 hiberno
760 684 911 762 tempore
926 679 968 744 ad
991 697 1067 743 eam
1081 679 1154 742 sine
1169 694 1296 759 magno
1318 677 1537 744 incommodo

363 785 535 850 coniluere
551 803 621 850 non
644 787 794 869 possint;
823 793 950 872 quanta
973 787 1134 852 distantia
1157 803 1232 850 esse
1249 785 1386 863 debeat,
1403 786 1539 851 utillud

364 893 619 958 incommodum
634 895 753 958 adesse
767 901 957 971 censeatur,
972 894 1110 959 arbitrio
1120 893 1244 977 judicis
1259 892 1472 978 relinquitur.

404 1002 436 1064 2⁰
451 1000 484 1064 Si
505 1001 594 1066 inter
617 1003 815 1086 hujusmodi
840 1004 956 1068 locum
976 1009 1011 1068 et
1034 1003 1213 1068 eeclesiam
1235 1002 1392 1066 decurrat
1411 1003 1539 1068 ilumau

366 1108 456 1193 quod
482 1108 570 1174 vado
594 1129 682 1194 saepe
710 1111 845 1176 transiri
864 1130 935 1176 non
956 1112 1074 1195 possit,
1096 1116 1131 1176 et
1152 1129 1221 1176 non
1236 1109 1538 1194 reperiaturpons,

364 1219 429 1282 nisi
443 1219 476 1284 in
493 1219 631 1285 notabili
647 1221 806 1286 distantia
822 1243 829 1284 ε
846 1222 967 1288 eadem
983 1223 1101 1286 subest
1115 1240 1220 1286 causa
1233 1239 1273 1286 ac
1287 1220 1323 1284 in
1339 1238 1420 1284 casu
1442 1237 1540 1304 supc-

363 1327 455 1402 riori‚
471 1327 550 1392 licet
562 1348 632 1394 non
645 1330 689 1393 sit
703 1330 863 1395 distantia
876 1329 951 1395 loci.

403 1436 436 1497 3⁰
449 1435 482 1498 Si
497 1435 612 1500 multae
625 1437 764 1504 iamiliae
784 1435 853 1502 sint
873 1443 970 1504 extra
986 1439 1080 1504 urbis
1097 1439 1235 1516 moenia,
1259 1439 1402 1506 ecclesia
1423 1443 1541 1504 autem

363 1544 563 1627 parochialis
578 1545 667 1610 intra
678 1545 734 1611 illa
743 1551 777 1611 et
787 1549 894 1630 porta
903 1547 996 1611 urbis
1006 1553 1110 1612 noctu
1120 1548 1189 1612 sint
1202 1545 1326 1612 clausae
1343 1567 1350 1610 :
1367 1546 1541 1614 1111111111-

363 1649 418 1716 liae
433 1653 468 1714 in
488 1653 665 1736 repentina
679 1653 881 1718 necessitate
900 1660 1042 1737 possent
1064 1673 1180 1720 carere
1204 1655 1404 1722 necessariis
1418 1655 1542 1720 animae

366 1761 535 1826 subsidiis.

406 1869 598 1935 Notandum
614 1877 666 1936 est
681 1873 772 1957 quod
786 1873 821 1938 iu
834 1873 900 1940 hoc
914 1874 1035 1957 triplici
1049 1893 1142 1952 casu,
1161 1874 1204 1941 ad
1215 1892 1313 1940 nova·
1325 1873 1474 1942 ecclesiae
1484 1893 1544 1959 pa·

367 1978 524 2044 rochialis
537 1981 743 2046 erectionem
759 2001 829 2046 non
842 1982 1030 2060 divertitur,
1049 1983 1076 2046 si
1089 1984 1269 2066 urrunnun,
1288 1983 1335 2048 ita
1346 1983 1472 2048 dissitis
1487 1981 1543 2048 vel

367 2088 527 2154 accedere
553 2107 623 2154 non
645 2090 848 2168 valentibus,
874 2091 911 2158 in
930 2089 1060 2173 capella
1079 2108 1219 2156 accessu
1243 2089 1332 2156 facili
1353 2091 1467 2157 divina
1482 2091 1545 2154 nri-

367 2195 489 2260 nistret
498 2215 560 2279 per
573 2215 610 2260 se
629 2197 684 2261 vel
698 2216 759 2280 per
772 2197 888 2262 alium.

406 2303 439 2367 4⁰
453 2303 554 2371 Juxta
568 2305 745 2388 quosdam,
767 2306 940 2372 sufficiens
961 2311 1053 2371 esset
1074 2323 1176 2372 causa
1197 2308 1226 2372 si
1244 2306 1426 2372 multitudo
1447 2325 1545 2391 parc-

367 2411 566 2477 chianorum
580 2413 627 2477 ita
641 2417 824 2490 excrescat,
842 2419 880 2478 ut
903 2433 993 2478 unus
1015 2414 1193 2498 presbyter
1214 2433 1284 2480 non
1305 2415 1451 2480 sufficiat
1470 2414 1545 2478 uni-

368 2521 487 2586 versis.
506 2522 571 2586 Sed
589 2522 661 2588 haec
676 2524 846 2587 sententia
859 2525 987 2605 rejecta
1000 2524 1064 2587 fuit
1077 2542 1098 2587 a
1112 2525 1144 2586 S.
1161 2523 1283 2606 Gongr.
1298 2523 1396 2589 Gonc.
1413 2525 1546 2589 contor-

248 2615 256 2632 '
368 2629 469 2692 miter
482 2631 727 2716 praescr·iptioni
744 2631 877 2698 concilii
892 2631 979 2696 Trid.
998 2633 1093 2714 (sess.
1120 2632 1169 2708 ll,
1197 2651 1225 2696 c.
1242 2632 1292 2709 al,
1311 2632 1352 2697 de
1365 2633 1466 2715 ilasi,
1488 2632 1546 2696 ubi

368 2739 566 2822 hujusmodi
580 2742 815 2824 parochiarum
826 2742 1015 2806 rectoribus
1024 2741 1215 2824 injungitur
1223 2745 1261 2804 ut
1270 2765 1286 2798 «
1299 2741 1362 2806 sibi
1372 2745 1422 2805 tot
1435 2759 1543 2806 sacer-

370 2847 467 2912 dotes
488 2848 726 2932 (coadjutores)
746 2850 788 2914 ad
811 2850 876 2915 hoc
897 2867 1023 2914 munus
1049 2850 1250 2932 adjungant,
1274 2853 1358 2934 quot
1377 2849 1548 2914 sufiiciunt

369 2956 412 3021 ad
428 2961 640 3022 sacramento
654 2957 878 3022 ministranda
893 2962 927 3022 et
943 2957 1072 3022 cultum
1087 2957 1241 3022 divinum
1259 2956 1511 3022 celebrandum.
1530 2981 1546 3014 »

411 3065 542 3148 cilicet
561 3067 604 3130 ob
621 3067 751 3148 justam
774 3085 912 3130 causam
936 3071 969 3130 et
991 3066 1161 3150 publicam
1186 3083 1277 3130 nova
1296 3065 1437 3132 ecclesia
1450 3083 1549 3149 paro-

371 3174 487 3240 chialis
503 3173 587 3255 erigi
600 3175 718 3257 possit,
737 3174 839 3238 ctiam
853 3175 962 3238 invito
986 3175 1110 3257 priore,
1127 3179 1259 3239 rectore
1283 3179 1318 3238 et
1330 3179 1487 3258 patrono,
1510 3181 1548 3238 ut

372 3285 506 3351 doceto.
523 3286 543 3348 3
557 3285 591 3348 h.
608 3285 670 3360 tit,
687 3289 803 3349 tamen
816 3283 1019 3366 regulariter
1028 3285 1213 3369 requiritur
1227 3302 1416 3349 consensus
1434 3285 1548 3350 matri-

370 3394 419 3458 cis
434 3392 583 3458 ecclesiae
599 3398 633 3456 et
648 3393 791 3475 patroni,
810 3397 848 3456 ut
861 3391 1031 3474 colligitur
1045 3411 1088 3457 ex
1102 3393 1225 3458 eodem
1239 3411 1311 3475 cap.
1335 3397 1370 3457 et
1382 3409 1455 3458 can.
1473 3393 1492 3456 9
1507 3392 1549 3456 dc

375 3502 484 3582 Cena,
503 3502 534 3566 d.
555 3504 583 3566 l.
601 3501 717 3586 ltaque

414 3613 445 3673 l⁰
459 3611 578 3676 Citatio
599 3611 740 3677 rectoris
760 3612 927 3694 paroclriae
951 3610 1112 3689 matricis,
1138 3611 1227 3678 intra
1240 3614 1338 3697 cujus
1359 3613 1444 3677 fines
1459 3627 1550 3676 nora

373 3725 426 3785 est
447 3719 619 3802 erigenda,
645 3721 838 3804 requiritur,
862 3725 901 3784 ut
923 3721 1026 3784 etiam
1051 3719 1233 3786 declaravit
1249 3722 1280 3786 S.
1303 3721 1424 3803 Congr.
1447 3719 1546 3785 Cone.

374 3829 476 3912 (apud
489 3829 620 3913 Fagn.);
648 3831 773 3894 erectio
796 3830 894 3895 aliter
906 3831 995 3895 iacta
1009 3835 1101 3894 esset
1114 3849 1184 3896 non
1200 3835 1333 3895 tantum
1347 3829 1471 3906 illicita,
1489 3827 1550 3892 sed

375 3939 479 4002 etiam
492 3937 651 4014 invalida,
668 3945 706 4002 ut
726 3939 901 4004 communi
920 3956 1091 4004 consensu
1106 3939 1231 4004 docent
1251 3939 1316 4002 Ill).
1334 3938 1367 4002 Si
1382 3937 1551 4021 parochus

374 4046 495 4110 citatus
521 4063 727 4111 consensum
754 4048 1028 4114 irrationabiliter
1043 4049 1205 4130 deneget,
1233 4047 1411 4132 episcopua
1438 4049 1553 4130 potest

375 4173 501 4219 novam
518 4154 694 4219 ecclesiam
706 4157 918 4239 approhare:
940 4161 1074 4221 constat
1086 4175 1129 4220 aa
1141 4175 1214 4239 cap.
1238 4157 1257 4218 3
1275 4156 1309 4220 h.
1329 4154 1379 4218 tit.
1401 4159 1435 4219 et
1454 4171 1549 4218 conc.

376 4261 463 4326 Trid.
482 4265 576 4345 (sess.
593 4263 643 4340 it,
657 4283 685 4328 c.
702 4264 733 4342 4,
751 4264 792 4329 de
805 4265 905 4348 Bet).

413 4372 445 4433 2⁰
467 4369 660 4436 Consensus
687 4373 822 4457 patroni
845 4372 1044 4458 requiritur,
1072 4371 1194 4438 saltem
1229 4371 1258 4436 si
1282 4389 1372 4436 nova
1392 4367 1556 4454 parochia

377 4476 525 4543 dotanda
545 4479 589 4542 sit
613 4499 656 4544 ex
673 4479 861 4545 redditibus
883 4479 1006 4548 dotata
1025 4482 1067 4546 ab
1091 4499 1133 4546 eo
1148 4479 1297 4546 ecclesia
1322 4478 1472 4544 matricis
1492 4499 1500 4541 :
1519 4484 1557 4542 et

377 4587 463 4651 ratio
476 4591 528 4650 est
541 4589 699 4653 omnibus
714 4591 825 4656 obvia.

417 4695 448 4758 3⁰
465 4695 618 4760 Ecclesiae
634 4698 764 4763 matrici
788 4699 888 4765 (lebet
911 4697 1038 4766 servari
1062 4701 1260 4780 competens
1275 4695 1385 4763 honor
1408 4697 1444 4762 in
1463 4715 1559 4771 nora
