3498 5572
385 559 446 628 tta
847 582 897 627 rus
918 583 1099 628 cauosrsuu.

386 710 481 763 mere
506 696 691 781 spirituale.
719 697 805 760 Gom
828 698 1000 762 sententia
1034 697 1281 773 communiori,
1308 696 1491 762 dicendum
1515 701 1570 762 est

387 805 479 890 quod
492 809 545 871 est
554 807 612 890 jus
627 805 811 890 spirituale,
828 824 900 870 non
921 807 1059 890 quidem
1072 805 1270 882 formaliter,
1289 805 1350 871 sed
1361 803 1565 882 connexius,

388 913 468 996 quia
482 914 726 980 antecedenter
740 913 914 978 adnexum
930 919 982 978 cst
998 913 1109 979 ofllcio
1131 913 1296 997 spirituali
1309 913 1352 979 ad
1366 911 1458 998 quod
1472 912 1569 978 oleri-

386 1039 447 1086 cus
460 1025 701 1105 praesenlalur;
718 1021 816 1097 sicut,
832 1041 862 1084 v.
879 1040 926 1104 g„
944 1027 1156 1106 paramenta,
1171 1021 1305 1098 calices,
1321 1019 1473 1106 patena,
1487 1023 1564 1096 stc,

386 1131 431 1194 oh
443 1129 590 1194 similem
601 1129 864 1206 connexionem,
879 1130 984 1194 rebus
996 1129 1228 1214 spiritualibus
1238 1135 1475 1208 accensentur,
1485 1147 1567 1214 quo-

387 1243 486 1304 tanus
499 1237 628 1304 scilicet
640 1237 843 1304 ordinantur
855 1237 899 1303 ad
913 1235 1029 1302 dimna
1040 1239 1161 1304 ofllcia.

760 1431 792 1482 tl.
809 1427 914 1482 ulvisfo
926 1427 1001 1494 luris
1015 1429 1190 1494 patronatus.

349 1550 354 1559 ¹
424 1563 493 1634 lloc
504 1569 562 1650 jus
576 1567 721 1652 partitur
742 1568 775 1630 l·
789 1571 828 1631 et·
841 1564 1073 1650 principaliter
1095 1565 1131 1630 in
1152 1564 1430 1642 ecclesiasticum,
1446 1563 1564 1631 laicale

385 1679 420 1738 et
442 1675 599 1738 mixtum.
613 1674 884 1740 Ecclesiasticam
908 1679 962 1760 est
984 1674 1076 1758 qnod
1100 1671 1200 1740 alicui
1223 1673 1448 1757 competitas·
1466 1671 1564 1738 titttlo

384 1781 559 1864 spirituali,
576 1801 609 1847 v.
626 1801 659 1864 g.
675 1783 808 1847 ratione
830 1781 1005 1864 dignitatis
1025 1788 1085 1848 aut
1103 1783 1222 1858 officii;
1240 1781 1372 1856 laicale,
1390 1781 1482 1865 quod
1504 1779 1565 1845 ali-

384 1890 439 1954 cui
462 1891 626 1974 competit
649 1909 693 1955 ex
715 1888 814 1955 titulo
837 1889 1035 1974 patrimonii
1059 1891 1208 1974 profani,
1230 1890 1303 1956 sive
1330 1889 1415 1954 illud
1441 1889 1566 1956 habeat

383 2015 533 2080 persona
551 1997 648 2074 laica,
666 1997 738 2062 sive
753 1998 998 2076 ecclesiastioe3
1014 1999 1173 2078 meatum,
1188 2000 1279 2084 quod
1293 1997 1474 2082 aliquibus,
1490 2015 1566 2080 par-

384 2107 446 2172 tim
463 2108 595 2172 ratione
615 2107 783 2184 Ecclesiae,
798 2107 923 2191 partim
946 2108 1079 2173 ratione
1102 2107 1298 2192 patrimonii
1313 2105 1459 2190 profani,
1474 2123 1565 2170 oom-

383 2201 492 2296 pelit':
509 2219 548 2278 ut
561 2214 589 2278 si
604 2213 753 2280 Ecclesia
765 2213 912 2280 fundum
926 2213 1031 2291 dedit,
1047 2213 1237 2280 siclericus
1250 2213 1425 2280 vellaicus
1438 2231 1483 2278 ex
1497 2229 1560 2278 suo

383 2321 590 2404 patrimonio
613 2319 764 2407 aliquam
786 2322 965 2388 ecclesiam
988 2321 1158 2386 exstruxit
1181 2326 1216 2386 et
1238 2320 1384 2396 dotavit;
1408 2321 1565 2402 tunc-jus

383 2434 595 2512 patronatus,
610 2429 742 2495 ratione
755 2429 911 2495 Ecclesia
926 2429 1102 2496 fundantis
1120 2447 1182 2494 seu
1196 2428 1344 2493 fundum
1358 2428 1481 2504 dantis,
1500 2427 1566 2491 erit

386 2536 670 2615 ecclesiasticum,
689 2543 724 2603 et
745 2539 878 2604 ratione
892 2537 1006 2604 clerici
1028 2537 1085 2603 vel
1107 2536 1184 2603 laici
1207 2557 1251 2601 ex
1273 2555 1336 2602 suo
1358 2535 1565 2620 patrimonio

385 2646 587 2713 mantis
597 2653 661 2712 nt
674 2648 834 2724 mus,
851 2648 916 2712 erit
931 2646 1050 2712 lmcale
1067 2667 1075 2742 ξ
1092 2647 1157 2711 erit
1171 2663 1254 2728 ergo
1271 2646 1430 2710 mixtum.
1447 2643 1565 2728 ltaque

384 2755 457 2821 lraec
471 2755 593 2822 divisio
607 2757 736 2840 petitur
750 2775 794 2821 ex
808 2765 932 2821 natura
949 2757 1122 2850 honorum
1137 2755 1385 2840 impensorum,
1402 2758 1437 2818 et
1449 2751 1565 2836 praci-

383 2883 451 2948 pue
465 2882 509 2928 ex
520 2863 620 2930 titulo
633 2881 677 2928 ex
689 2881 758 2948 quo
773 2863 848 2948 quis
858 2865 936 2947 jure
949 2847 1310 2946 patronatus'gandet.

423 2972 483 3036 lus
496 2975 710 3054 patronatus,
727 2971 769 3035 de
785 2989 822 3034 se
836 2971 880 3035 ab
891 2971 989 3035 initio
1003 2969 1139 3046 laicum,
1149 2969 1275 3035 mutmi
1289 2964 1566 3054 potestinaoolc-

385 3079 571 3156 siasticum,
597 3079 626 3143 si
655 3077 810 3160 legitimo
839 3077 949 3155 titulo,
973 3077 1102 3143 scilicet
1130 3077 1327 3154 donatione,
1349 3075 1476 3160 legato,
1499 3080 1564 3141 etc.

385 3187 610 3253 transferatur
623 3185 660 3251 in
672 3185 861 3264 ecclesiam,
882 3185 1101 3266 beneficium,
1115 3186 1376 3262 monasterium,
1394 3191 1457 3250 etc.

424 3296 457 3359 2·
471 3295 639 3360 Dividitur
653 3297 689 3360 in
703 3295 885 3380 personale
901 3301 935 3360 et
948 3295 1041 3360 reale
1058 3315 1066 3359 ε
1077 3295 1259 3381 personale
1284 3293 1406 3359 dicitur
1422 3293 1451 3358 si
1465 3291 1564 3358 alicui

383 3421 541 3488 personae
560 3405 719 3484 inhaeret3
734 3406 837 3485 reale,
853 3405 926 3470 sive
950 3405 1182 3484 accessorium,
1199 3403 1292 3488 quod
1313 3403 1487 3468 adnexum
1513 3407 1565 3466 est

385 3518 420 3578 et
431 3515 619 3580 accessorio
632 3515 784 3582 adhaeret
795 3515 846 3580 rei
860 3513 1051 3599 temporali,
1066 3533 1099 3579 v.
1114 3533 1147 3596 g.
1165 3512 1266 3590 villae,
1281 3512 1422 3596 praedio,
1437 3515 1473 3576 et
1485 3527 1564 3576 cum

383 3621 441 3687 tali
453 3641 490 3687 re
504 3623 540 3687 in
555 3641 805 3708 quemcumque
820 3624 952 3689 transit.

423 3733 456 3795 3⁰
477 3731 644 3796 Dividitur
656 3731 957 3798 inhaereditarium
972 3737 1007 3796 et
1023 3731 1211 3798 familiare:
1233 3729 1489 3796 lraereditarium
1512 3729 1564 3790 ast

385 3839 475 3924 quod
490 3840 534 3906 ad
544 3841 699 3905 haeredes
714 3859 961 3926 quoscumque,
981 3841 1085 3922 etiam
1097 3837 1430 3916 extraneostransit,
1442 3834 1563 3900 saltem

385 3948 413 4012 si
438 3949 506 4013 sint
523 3967 665 4032 capaces
688 3949 885 4034 acquirendi
900 3949 967 4014 tale
987 3952 1064 4033 jus3
1077 3949 1254 4032 familiare
1268 3965 1328 4012 seu
1345 3943 1560 4030 pontificiam,

384 4057 477 4140 quod
491 4057 613 4123 transit
626 4057 667 4122 ad
689 4057 781 4124 solos
794 4063 953 4142 posteros
966 4058 1123 4142 ejusdem
1137 4056 1290 4132 familiae;
1307 4073 1376 4140 qua
1384 4053 1560 4127 exstincta,

385 4165 624 4248 exstinguitur.
656 4165 773 4252 ltaque
805 4166 1059 4233 haereditarium
1086 4185 1150 4250 pro
1184 4163 1393 4250 possessoris
1423 4159 1562 4227 arbitrio

384 4265 507 4340 'transit
531 4274 575 4341 ad
598 4275 773 4352 haeredem
800 4290 900 4342 secus
919 4275 962 4342 do
982 4275 1151 4359 gentilitio
1173 4293 1235 4339 seu
1255 4269 1423 4338 familiari.
1439 4267 1563 4334 Distin-

384 4385 502 4466 guitur
514 4383 723 4468 gentilitium
737 4385 940 4462 aiamiliari,
957 4383 1081 4451 eodem
1094 4383 1198 4449 morlo
1218 4399 1258 4448 ac
1272 4399 1359 4464 gens
1368 4377 1563 4444 secernitur

384 4492 562 4570 alamilia3
575 4493 704 4560 familia
717 4493 811 4558 enim
824 4492 1026 4576 intelligitur
1035 4493 1078 4560 de
1088 4492 1171 4560 sciis
1179 4487 1466 4582 descendentibus
1474 4501 1562 4550 mas

383 4599 488 4666 oulim
502 4619 623 4678 sexus3
639 4619 726 4684 gens
740 4605 857 4668 autem
869 4600 912 4666 de
923 4601 1083 4668 omnibus
1094 4601 1241 4685 agnatis,
1259 4599 1364 4666 etiam
1385 4594 1560 4664 collatera-

383 4710 486 4780 tibus.
