3488 5568
361 573 421 644 tto
820 591 873 643 los
893 593 1076 650 cuucmcuu.

363 711 420 798 qui
434 711 589 776 benessoii
604 711 819 779 ecclesiastici
836 713 973 778 titulum
986 713 1198 778 babentsine
1214 713 1288 795 ejus
1302 705 1537 795 possessione:

361 825 435 883 turn
451 819 530 903 quia
541 819 682 886 clericus
691 827 770 888 ante
780 826 914 905 captam
924 821 1178 904 possessionem
1188 821 1292 884 habet
1302 821 1360 901 jus
1371 817 1540 882 incertum

361 927 405 992 ad
425 929 565 1005 tructus,
591 934 625 992 et
640 929 796 1012 impediri
812 935 927 1013 potest
946 947 991 993 ne
1010 929 1086 994 illos
1111 928 1232 1012 capiat,
1250 934 1351 1010 atque
1366 927 1440 1009 ipsa
1459 929 1540 1009 jura

361 1037 517 1102 beneficii
534 1055 691 1102 exercere
706 1039 843 1121 nequit;
865 1043 938 1102 lum
957 1037 1146 1121 praesertim
1162 1034 1333 1119 quiaPius
1350 1035 1377 1098 V
1397 1035 1432 1098 in
1445 1033 1540 1098 bulla

362 1163 464 1228 supra
477 1147 531 1210 eit.
555 1144 660 1209 dixit:
678 1170 694 1202 u
707 1144 786 1210 Post
798 1146 955 1210 beneficii
977 1145 1301 1220 consecutionem»,
1318 1141 1538 1207 beneficiatos

362 1252 503 1334 obligari
518 1253 561 1316 ad
572 1253 674 1318 horas
683 1255 873 1318 canonicas.

393 1361 433 1424 2⁰
447 1360 605 1426 Canonici
620 1361 727 1444 quiin
742 1363 998 1444 possessionem
1021 1361 1266 1426 beneficiorum
1281 1376 1424 1426 suorum
1440 1357 1537 1421 missi

361 1473 451 1544 sunt,
462 1468 522 1532 sed
531 1469 781 1535 fructusnullos
792 1490 835 1534 ex
843 1469 1125 1553 ipsopercipiunt‚
1137 1487 1209 1532 non
1221 1471 1383 1532 tenentur
1391 1466 1423 1529 vi
1436 1467 1538 1529 bene-

360 1577 427 1639 ficii
441 1575 483 1640 ad
493 1576 728 1643 recitationem
739 1577 912 1652 horarum,
931 1577 959 1640 si
972 1577 1138 1641 fructibus
1152 1575 1293 1638 omnino
1307 1578 1421 1638 careat
1435 1575 1539 1637 bene-

359 1683 486 1759 tlcium,
503 1684 762 1768 quodtuncnon
777 1690 868 1748 esset
882 1699 963 1752 vere
979 1683 1168 1766 ae'proprie
1183 1681 1536 1746 dictumbenetlcium.

360 1790 454 1854 Idem
466 1791 648 1854 dicendum
662 1797 724 1868 est,
741 1792 770 1854 si
783 1793 914 1856 tructus
928 1792 1032 1875 aliqui
1046 1809 1168 1855 revera
1177 1789 1303 1854 annexi
1314 1789 1540 1852 essentbeue-

358 1898 434 1962 ticio
463 1917 524 1962 seu
547 1899 770 1977 canonicalui,
797 1899 959 1975 eadsine
979 1899 1050 1963 ulla
1071 1898 1172 1981 culpa
1185 1897 1387 1971 beneficiati,
1403 1895 1451 1958 illi
1467 1913 1539 1959 non

360 2006 573 2082 obvenirent,
599 2011 637 2070 ut
660 2009 689 2070 si
716 2007 753 2070 in
778 2006 1034 2090 perturbatione
1063 2005 1201 2088 politica
1224 2003 1328 2087 aliqui
1351 2004 1540 2067 retinerent

359 2113 489 2178 tructus
518 2133 639 2180 omnes
666 2115 921 2180 beneficiorum.
955 2113 989 2177 Si
1017 2131 1099 2178 vero
1125 2111 1225 2194 culpa
1241 2111 1443 2188 beneficiati,
1473 2112 1539 2174 iste

359 2222 491 2286 fructus
514 2241 584 2288 non
607 2224 811 2306 perciperet,
837 2242 870 2285 v.
903 2241 935 2304 g.
963 2221 1043 2306 quia
1062 2225 1116 2286 est
1139 2220 1453 2285 excommunicatus
1483 2219 1540 2283 vel

361 2348 560 2414 suspensus,
577 2335 760 2394 teneretur·
774 2331 817 2395 ad
835 2331 1011 2396 horarium
1023 2347 1187 2412 pensum,
1214 2329 1294 2412 quia
1312 2347 1449 2412 aequum
1469 2345 1540 2392 non

362 2442 415 2500 est
435 2443 474 2502 ut
495 2437 643 2502 Ecclesia
661 2438 881 2504 defraudetur
905 2437 1017 2502 alticio
1044 2455 1087 2501 ex
1111 2435 1242 2502 malitia
1263 2434 1454 2501 beneficiati
1478 2453 1540 2499 seu

361 2545 526 2609 canonici.

403 2653 435 2716 3⁰
450 2653 512 2729 Qui
528 2652 624 2736 plura
637 2653 741 2719 habet
754 2654 919 2718 benetlcia
933 2671 1081 2738 quorum
1092 2651 1267 2736 quodlibet
1275 2649 1405 2715 inducit
1414 2649 1542 2730 obliga-

363 2761 493 2825 tionem
507 2760 672 2825 recitandi
686 2761 847 2838 ottlcium,
863 2761 1072 2844 probabilius
1088 2778 1160 2825 non
1176 2763 1315 2825 tenetur
1327 2759 1396 2823 nisi
1412 2757 1454 2823 ad
1464 2777 1541 2841 per-

364 2866 568 2933 solvendum
583 2869 690 2934 semel
701 2869 736 2932 in
749 2869 802 2934 die
818 2869 973 2934 divinum
988 2869 1256 2934 osticiumRatio
1271 2873 1334 2944 est,
1349 2867 1429 2952 quia
1440 2885 1542 2930 mens

363 2974 518 3040 Ecclesiae
533 2995 603 3040 non
618 2977 856 3056 videturesse,
872 2977 1003 3042 utvelit
1014 2977 1204 3043 secundum
1219 2995 1403 3042 numerum
1411 2977 1542 3039 benetl-

364 3083 494 3147 oiorum
522 3083 738 3167 multiplicari
768 3086 873 3148 etiam
906 3084 1162 3168 obligationem,
1193 3085 1253 3150 sed
1284 3083 1377 3148 illarn
1405 3088 1541 3148 tantum

364 3191 541 3274 imponere
554 3210 645 3256 novo
661 3191 760 3256 titulo
778 3193 851 3258 :hic
864 3193 988 3258 modus
1002 3193 1220 3277 persolvendi
1232 3191 1399 3276 duplicem
1414 3191 1544 3272 obliga-

365 3299 494 3363 tionem
508 3300 609 3364 unico
624 3305 701 3364 actu
716 3319 786 3365 non
801 3307 854 3364 est
870 3301 951 3384 quid
970 3301 1051 3365 novi
1067 3302 1102 3365 in
1116 3299 1272 3366 Ecclesia.
1291 3299 1408 3364 Plures
1423 3304 1542 3363 tamon

364 3411 503 3488 negant,
519 3409 584 3473 hoc
604 3410 795 3492 praesertim
815 3409 980 3493 principio
1000 3409 1120 3487 innixi,
1145 3408 1238 3492 quod
1252 3409 1310 3492 qui
1332 3409 1436 3472 sentit
1450 3425 1543 3472 com-

366 3515 518 3590 modum,
536 3521 570 3580 et
584 3535 671 3581 onus
683 3517 808 3581 sentire
820 3516 931 3581 debet.

405 3623 660 3688 d⁰Beneflciade
671 3624 945 3708 quibusdubitari
957 3630 1080 3708 potest,
1097 3645 1193 3690 anex
1204 3625 1270 3690 illis
1287 3630 1449 3705 exsurgat
1460 3623 1542 3688 obli-

365 3730 457 3809 gatio
471 3729 515 3792 ad
530 3731 689 3796 dicendas
709 3733 810 3796 horas
837 3733 1028 3808 canonicas,
1051 3739 1132 3798 sunt
1154 3733 1377 3816 coadjutoris,
1400 3731 1543 3815 capella-

365 3837 432 3911 nia,
445 3839 648 3902 commenda
661 3839 797 3916 vicaria,
812 3841 1044 3922 praestimonia
1054 3846 1088 3905 et
1101 3841 1234 3924 pensio.
1252 3839 1355 3903 Porro
1372 3841 1543 3903 sententia

366 3946 558 4008 communis
572 3953 677 4026 neget
691 3947 803 4030 quoad
817 3948 1075 4034 coadjutor-lam,
1094 3969 1170 4033 quas
1181 3955 1312 4013 nonest
1323 3949 1539 4018 benetlcium,

367 4051 428 4114 sed
444 4057 576 4116 tantum
585 4056 643 4134 jus
658 4055 700 4118 ad
721 4055 936 4130 benetlcium,
957 4056 1093 4138 quando
1114 4061 1166 4119 est
1179 4075 1258 4119 oum
1280 4057 1395 4119 futura
1410 4073 1542 4118 sueces-

368 4160 474 4223 sioue.
489 4161 679 4244 Capellunia
692 4163 868 4225 induceret
881 4164 968 4226 hanc
982 4163 1237 4244 obligationem,
1253 4165 1281 4227 si
1296 4163 1419 4226 luisset
1430 4167 1542 4226 erecta

367 4268 566 4333 auctoritate
581 4271 740 4353 episcopi,
758 4289 819 4334 seu
836 4269 1003 4346 collativa,
1021 4272 1100 4354 quia
1113 4277 1165 4334 est
1179 4255 1301 4334 verum
1315 4269 1538 4342 benetlcium;

366 4375 458 4438 idem
477 4377 658 4441 dicendum
676 4379 717 4443 de
733 4378 936 4444 commenda
948 4384 1113 4462 perpetua
1135 4385 1237 4464 atque
1257 4381 1299 4444 de
1319 4380 1444 4444 vicaria
1455 4381 1540 4464 pari-

367 4489 420 4548 ter
432 4489 605 4568 perpetua.
