3504 5566
347 510 407 576 ltd
811 529 861 575 rus
882 525 1060 574 discursus.

383 645 502 704 lllilllll.
516 641 694 716 interposita
706 641 904 716 appellatione
918 641 998 702 intra
1007 641 1111 701 decem
1126 640 1203 712 dies,
1218 639 1303 700 curia
1311 639 1427 715 absque
1439 655 1523 702 mora

347 732 470 792 remittit
488 731 526 792 ad
547 730 751 790 auctoritatem
767 731 1002 792 ecclesiasticam
1016 730 1201 806 superiorem
1224 729 1304 802 opud
1319 744 1410 804 quarn
1425 732 1524 806 appel·

346 821 419 881 latio
445 822 523 880 iacta
551 825 596 879 est
622 835 727 880 omnes
754 825 839 881 actus
871 836 971 881 causae
997 819 1175 894 originales,
1205 820 1235 880 id
1261 825 1308 879 est
1334 834 1521 894 processum,

348 911 530 982 restrictum,
545 911 739 972 detensiones
752 916 782 970 et
797 911 989 972 sententiam.
1479 959 1482 968 .

381 1003 436 1059 xl.
452 1000 620 1060 Auctoritas
635 999 839 1060 ecclesiastiea
857 999 1005 1074 superior,
1021 1005 1106 1074 capta
1120 999 1294 1074 cognitione
1314 1003 1401 1058 actus
1421 999 1523 1073 appel·

347 1091 477 1161 lationis,
499 1091 638 1150 intimare
665 1091 736 1150 lacit
749 1091 920 1166 ¹'appellanti
942 1095 976 1150 ut
1001 1090 1080 1150 intra
1099 1091 1261 1150 terminum
1275 1089 1383 1164 uiginti
1406 1089 1521 1148 dierum

348 1179 535 1238 defensorem
552 1179 725 1251 constituet,
741 1180 794 1253 qui
808 1179 967 1254 approbari
985 1178 1073 1239 debet
1085 1177 1123 1238 ah
1138 1179 1242 1238 eadem
1260 1177 1408 1252 superiori
1419 1181 1521 1236 auoto-

238 1345 246 1354 ·
348 1269 444 1328 ritate.

381 1361 448 1418 xil.
474 1361 604 1418 decurso
627 1359 707 1418 dicto
732 1359 860 1420 termino
883 1359 1083 1433 peremptorio
1104 1359 1218 1432 absque
1238 1359 1357 1428 ellectu,
1379 1359 1521 1414 censetur

347 1449 542 1522 appellantem
561 1449 707 1508 nuncium
730 1450 852 1508 misisse
873 1449 1084 1524 appellationis
1107 1449 1264 1522 beneficia,
1286 1454 1316 1507 et
1335 1447 1399 1506 heo
1413 1460 1520 1504 couse-

346 1545 633 1614 quenterperernpta
647 1541 815 1600 declaratur
832 1557 849 1599 a
864 1541 1014 1614 superiori
1029 1541 1216 1600 auctoritate.

383 1633 462 1688 llLll.
480 1633 577 1700 Quum
592 1631 750 1705 appellatio
765 1632 942 1705 producitur
955 1647 973 1690 a
986 1631 1135 1692 sententie
1150 1630 1279 1704 alicuius
1300 1628 1391 1688 curiae
1406 1627 1521 1700 episco-

348 1721 424 1792 palis
447 1721 483 1779 ad
507 1722 776 1796 metropolitanam,
792 1723 1037 1797 archiepiscopus
1061 1737 1115 1796 pru
1135 1721 1307 1796 cognitione
1326 1725 1356 1776 et
1370 1717 1521 1777 decisione

348 1827 448 1871 causae
463 1813 601 1885 sequitur
612 1827 748 1872 normam
767 1814 946 1886 procedendi
961 1814 992 1870 in
1006 1813 1062 1872 hac
1076 1812 1276 1870 instructione
1289 1811 1437 1868 traditam.

382 1905 474 1961 xllll.
491 1903 520 1962 Si
542 1904 697 1978 contingat
713 1905 793 1978 quod
815 1904 953 1974 clericus,
974 1919 1035 1961 non
1061 1903 1199 1961 obstante
1226 1902 1281 1960 sori
1301 1902 1468 1978 privilegio,
1484 1903 1522 1962 ob

348 1992 475 2050 crimina
496 1994 668 2052 communia
689 1994 867 2068 subjiciatur
885 1993 1042 2068 processui
1062 1999 1092 2052 et
1107 1993 1223 2068 judicio
1246 1992 1329 2050 laicae
1353 1995 1521 2066 potestatis,

347 2079 529 2152 ordinarius,
546 2081 648 2141 hocin
663 2098 747 2154 casu,
762 2083 956 2142 summariam
969 2083 1062 2141 sumit
1074 2081 1228 2142 criminosi
1240 2081 1309 2140 lacti
1320 2081 1523 2156 cognitionem

348 2176 437 2244 atque
452 2171 608 2244 perpendit
625 2187 664 2230 on
681 2173 792 2245 ipsum,
807 2172 844 2230 ad
860 2171 968 2230 tradita
981 2185 1034 2245 per
1049 2185 1153 2230 sacros
1165 2184 1308 2240 canones,
1322 2169 1421 2228 locum
1434 2171 1524 2230 saciat

348 2260 489 2332 insamiae,
505 2260 728 2336 irregularitati,
744 2266 797 2320 aut
810 2261 861 2320 alii
875 2262 1088 2321 ecclesiastice
1103 2261 1265 2321 sanctioni.

382 2350 399 2424 5
426 2357 451 2408 l.
477 2353 575 2410 Donec
591 2351 740 2425 judicium
755 2351 892 2426 pendeat,
908 2357 960 2412 eut
980 2358 1140 2412 accusatus
1155 2352 1293 2411 detentus
1314 2351 1365 2424 sit,
1391 2354 1522 2427 prudens

348 2440 490 2514 estquod
504 2441 675 2500 ordinarius
694 2453 761 2500 sese
781 2442 889 2501 limitet
902 2442 940 2501 ad
960 2443 1059 2501 media
1073 2444 1250 2516 provisoris.

383 2531 440 2603 §a
456 2529 578 2603 Expleto
598 2536 697 2590 tamen
716 2531 841 2604 judicio,
868 2538 898 2590 et
918 2531 1012 2592 libero
1027 2533 1142 2592 reddito
1163 2540 1315 2606 accusato,
1336 2536 1420 2594 curia
1436 2537 1523 2610 juxta

347 2621 459 2678 exitum
472 2620 717 2680 informationum
727 2637 782 2680 ceu
793 2623 934 2695 superius
946 2627 1183 2696 assumptorum,
1195 2624 1330 2702 procedit
1339 2625 1376 2684 ad
1387 2625 1521 2686 tramites

348 2710 581 2784 dispositionum
596 2711 754 2782 presentis
769 2711 990 2772 instructionis.

384 2804 476 2860 ille.
508 2803 538 2860 ln
557 2801 679 2860 casibus
701 2802 813 2876 dubiis,
831 2809 861 2863 et
882 2805 914 2862 in
927 2806 1019 2864 variis
1038 2807 1178 2879 practicis
1201 2808 1437 2868 difficultatibus.
1455 2823 1521 2882 qus

349 2892 523 2965 contingere
537 2892 665 2964 possint,
680 2893 824 2953 ordinarii
840 2895 1000 2956 consulant
1012 2895 1090 2955 hanc
1101 2899 1131 2957 S.
1145 2899 1322 2974 congreget.
1333 2899 1369 2957 ad
1385 2899 1520 2958 vitandas

349 2981 556 3040 contentiones
570 2989 601 3040 et
614 2983 776 3044 nullitates.

385 3115 430 3176 Ex
442 3116 512 3176 aad.
528 3117 622 3188 SSmt’,
636 3117 695 3177 dict
708 3120 740 3177 11
751 3117 836 3192 junii
847 3122 929 3179 1880.

384 3233 492 3294 SSmus
507 3235 589 3294 Duos
608 3235 715 3294 Noster
732 3235 803 3297 cdo
817 3236 875 3296 dio.
890 3239 976 3297 Prot.
992 3237 1047 3297 PP.
1063 3237 1142 3310 llll,
1162 3239 1266 3300 audito
1281 3239 1427 3301 relatione
1444 3255 1522 3314 pree·

278 3387 282 3396 ,
349 3323 443 3382 scutis
460 3323 668 3382 instructionis
682 3323 720 3383 oi
731 3325 928 3399 infrascripto
942 3327 1026 3386 Scor.
1043 3329 1185 3402 congreg.
1200 3329 1371 3402 Episcopus.
1386 3336 1415 3388 et
1429 3329 1521 3402 depu-

350 3409 461 3471 tartum
479 3413 652 3486 secretorio,
676 3429 742 3474 eom
760 3415 944 3476 t’uomoidus
958 3416 1166 3490 approbasset
1181 3417 1359 3490 ccufirtnorc
1379 3419 1521 3492 dignatus

350 3505 403 3560 est.

385 3589 491 3660 umis,
507 3591 555 3650 die
566 3597 596 3651 et
609 3607 689 3652 acuo
703 3593 811 3668 quitus
827 3608 931 3668 supro.

829 3755 850 3808 l.
871 3753 955 3810 card.
977 3755 1152 3826 Fltitltlldlll,
1171 3753 1344 3828 praefactus.

1009 3872 1030 3928 1.
1051 3873 1082 3928 B.
1103 3874 1233 3944 turoam,
1252 3873 1448 3932 secretarius.
