3488 5568
535 643 622 690 ιιιιιιιι
643 643 770 692 ruamus
791 643 1010 692 cassaremus.
1141 607 1149 629 ‘
1302 627 1363 694 595
1427 615 1432 630 ⁸

187 752 339 824 Pontifici
354 759 508 841 generali
522 760 625 826 modo
641 765 825 826 reservate.
846 760 984 826 Constat
1008 779 1050 826 ex
1070 761 1206 827 decreto
1221 761 1253 825 S.
1270 762 1309 826 R.
1325 761 1362 825 U.

187 867 258 952 inq.
272 869 294 932 4
310 869 381 934 dec.
400 870 491 946 iate,
516 854 559 934 de
579 869 742 936 mandato
764 871 895 936 Summi
916 870 1098 948 Pontificio,
1116 871 1207 954 quod
1221 877 1366 936 renovat

186 981 295 1042 const.
312 976 390 1042 Urb.
407 976 478 1042 Vlll
491 977 548 1042 lic
562 977 672 1043 debito
686 983 720 1042 et
732 977 834 1042 Giem.
852 978 895 1042 lii
909 978 1120 1044 Sollicitudo.

226 1085 259 1146 3⁰
273 1084 355 1148 Aliae
372 1089 453 1149 sunt
468 1085 572 1150 etiam
591 1103 701 1168 poenae
719 1105 726 1148 ε
743 1084 903 1168 praeiatus
917 1090 1031 1168 potest
1044 1085 1184 1152 clericos
1198 1090 1365 1152 mercatu·

186 1211 261 1257 ram
285 1197 485 1256 exercentes
510 1192 719 1276 suspendere
743 1194 785 1258 ab
807 1194 919 1258 cilicio
946 1198 981 1258 et
1002 1194 1173 1278 deponere
1187 1195 1229 1258 ab
1244 1194 1362 1258 ordine

186 1299 344 1378 clericali,
361 1317 405 1364 ex
417 1318 490 1383 cap.
507 1301 528 1364 4
545 1301 579 1364 b.
597 1305 635 1376 t.;
653 1301 744 1366 bona
753 1319 796 1365 ex
806 1301 1038 1382 negotiatione
1051 1302 1216 1386 acquisita
1225 1301 1361 1378 cedunt,

186 1411 351 1492 tanquam
372 1409 490 1492 spolia,
508 1408 657 1474 Gamerae
672 1409 879 1494 apostolicae,
895 1410 1043 1492 sedpoat
1055 1409 1261 1476 sententiam
1273 1409 1364 1492 judi·
1468 1417 1471 1428 ·

184 1516 244 1580 cis.
262 1516 312 1582 lta
327 1516 406 1580 Pius
421 1516 472 1592 IV,
488 1522 597 1582 const.
615 1517 751 1582 Decens.

224 1624 369 1690 l⁰luxta
382 1624 521 1701 multos,
538 1625 581 1690 ab
598 1624 652 1688 bis
666 1625 777 1708 pranis
793 1627 1120 1694 excusantnrclerici
1134 1635 1362 1694 mercaturam
1446 1623 1448 1628 ’

186 1737 384 1798 exercentes
405 1751 475 1798 non
494 1731 720 1816 personaliter
730 1752 793 1817 per
810 1752 859 1810 sa,
876 1734 937 1799 sed
961 1753 1024 1818 per
1045 1737 1278 1801 substitutum.
1296 1737 1362 1802 Sed

184 1841 309 1906 Bened.
337 1841 418 1918 XIV,
435 1845 544 1906 const.
570 1839 783 1926 Apostolicar,
799 1840 904 1908 dictas
924 1861 1044 1926 poenas
1064 1844 1218 1909 extendit
1236 1844 1280 1910 ad
1296 1843 1362 1910 cle·

184 1951 272 2020 n'cos
299 1950 363 2014 sub
391 1949 503 2014 alieno
529 1950 669 2014 nomine
693 1951 834 2032 negotia
856 1957 1073 2029 exercentes,
1104 1952 1245 2036 perinde
1271 1972 1310 2018 ac
1333 1955 1361 2016 si

183 2076 294 2140 perse
311 2076 349 2122 ac
363 2057 500 2140 proprio
512 2056 651 2121 nomine
666 2055 729 2140 ipsi
744 2057 865 2122 eadem
879 2064 1088 2123 exercerent.
1105 2059 1233 2124 Deinde
1249 2061 1361 2144 quoad

183 2166 417 2234 nussionarios
441 2166 477 2230 in
500 2165 604 2232 indiis
627 2166 849 2232 orientalibus
873 2168 928 2232 vel
950 2168 1158 2251 inpartibus
1183 2169 1358 2246 imericae,
1389 2237 1394 2246 ,

183 2274 282 2340 docet
295 2273 421 2344 Bened.
440 2273 520 2350 xlv,
542 2274 578 2336 in
592 2273 734 2357 Synodo
749 2274 844 2338 dioec.
864 2277 902 2358 (c.
921 2276 951 2351 3,
973 2294 1006 2339 ιι.
1022 2275 1066 2358 i),
1089 2275 1165 2341 illos
1186 2277 1360 2342 incurrere

183 2382 584 2458 excommunicationem,
602 2381 630 2444 si
646 2387 879 2464 quaestuosam
893 2387 1076 2448 exerceant
1090 2384 1360 2464 negotiationem

182 2489 254 2554 siva
268 2507 330 2572 per
344 2508 392 2565 se,
410 2489 482 2554 sive
496 2506 558 2572 per
572 2487 667 2565 alios,
683 2489 756 2552 sive
777 2489 916 2554 nomine
930 2490 1076 2572 proprio,
1095 2491 1166 2556 sive
1186 2491 1360 2572 religioso·

182 2615 259 2662 rum
275 2596 435 2662 ordinum
449 2615 596 2682 quorum
610 2597 697 2662 iorte
712 2597 780 2662 sint
792 2585 932 2663 al'umni.

656 2822 813 2884 soemo
842 2821 885 2886 11.

316 2973 363 3032 Dc
380 2975 500 3030 ciliciis
516 2975 739 3035 sacularibus
755 2990 832 3043 quac
849 2976 981 3031 clericis
997 2977 1228 3044 prohibentur.

220 3137 349 3207 Praetcr
363 3143 619 3225 occultationes,
637 3141 755 3224 alr'puc
776 3149 855 3205 sunt
877 3142 993 3224 officia
1018 3151 1052 3206 et
1073 3147 1211 3228 nepotis
1234 3143 1358 3212 clericis

175 3249 358 3334 prohibito.
377 3251 407 3312 1⁰
423 3248 540 3314 Clerici
555 3267 626 3314 non
641 3249 766 3318 debent
780 3267 856 3314 esse
876 3249 1024 3313 ministri
1037 3251 1226 3316 voluntarii
1239 3254 1359 3336 princi-

179 3375 273 3440 pum,
290 3362 329 3422 ιιι
341 3359 589 3438 gubernatores
603 3357 798 3440 provinciae,
825 3357 988 3439 praesides
1010 3359 1112 3423 curia
1132 3360 1205 3425 sive
1228 3362 1358 3426 cancel-

178 3465 270 3529 lariae
286 3465 446 3548 principis
459 3467 499 3548 (c.
516 3466 581 3530 ιιι.
598 3469 620 3528 ι.
630 3466 659 3548 );
676 3483 740 3530 nec
750 3471 990 3548 procuratores
999 3465 1178 3547 judiciales
1192 3466 1357 3532 laicorum

179 3591 294 3638 coram
309 3571 425 3654 jndice
446 3571 624 3654 1ιιίοο(ιι.ι
644 3573 677 3635 h.
694 3575 742 3655 t).
768 3571 895 3641 'lamen
911 3577 1119 3637 excusantur
1133 3574 1161 3638 si
1173 3582 1358 3657 procurant

178 3698 317 3746 causam
336 3679 582 3744 miserabilium
596 3697 833 3763 personarum,
850 3683 889 3742 ιιι
902 3679 1030 3744 dictum
1043 3683 1095 3745 ast
1104 3681 1316 3765 suprainiib.
1330 3683 1354 3746 i.

179 3787 322 3853 Poscant
332 3789 436 3852 etiam
444 3789 609 3852 interesse
618 3787 775 3864 comitiis,
788 3786 815 3848 si
826 3785 964 3869 aliquod
972 3787 1123 3853 cilicium
1133 3789 1168 3854 in
1176 3789 1357 3856 utilitatem

178 3895 332 3962 Ecclesiae
348 3897 492 3962 obirent.
935 3952 938 3956 .

217 4006 250 4068 ιθ
266 4005 422 4070 Oiiicium
448 4003 638 4070 tabellionis
653 4003 758 4070 etiam
777 4004 978 4088 prohibetur
990 4003 1120 4084 clericis
1141 4007 1181 4088 (c.
1202 4009 1271 4072 811.
1300 4013 1353 4092 i.);

177 4111 260 4177 iilud
274 4114 425 4178 cilicium
439 4113 563 4178 notarii
575 4113 700 4196 publici
709 4112 777 4178 vile
792 4117 962 4190 censetur,
980 4119 1014 4178 et
1025 4112 1102 4178 ideo
1112 4117 1191 4198 jure
1200 4115 1356 4182 Romano

175 4221 418 4304 prohibebatur
436 4221 687 4286 decurionibus.
715 4220 862 4286 Clericus
883 4220 939 4306 qni
961 4203 1149 4304 susciperet
1171 4221 1255 4288 illud
1281 4226 1357 4289 ciii-

176 4331 279 4408 cium,
304 4329 417 4414 puniri
439 4336 557 4414 posset
579 4330 736 4395 beneficii
767 4331 997 4396 subtractione
1023 4331 1061 4410 (c.
1087 4331 1160 4394 tib.
1187 4333 1262 4416 tit),
1289 4339 1352 4400 etc.

176 4437 348 4522 Excipitur
362 4443 477 4504 umen
492 4457 596 4504 causa
609 4439 689 4503 fidei
710 4439 746 4502 in
768 4437 910 4503 crimine
928 4439 1087 4526 haeresis3
1107 4439 1155 4504 ita
1170 4439 1198 4504 si
1211 4459 1355 4506 consue-

178 4544 260 4610 tudo
272 4546 397 4612 habeat
406 4551 445 4610 ut
460 4545 651 4613 cancellarii
663 4547 902 4631 episcoporum
913 4545 981 4610 sint
993 4544 1116 4621 clerici,
1127 4565 1353 4630 quaeconsue-

178 4649 271 4727 tudo,
282 4651 384 4718 hodie
397 4653 523 4738 ubique
534 4659 680 4738 recepta,
698 4659 750 4718 est
763 4652 984 4718 rationabilis.

215 4758 249 4822 3⁰
262 4759 335 4825 Non
359 4761 485 4828 debent
506 4779 582 4828 esse
599 4762 733 4844 judices
754 4761 810 4826 vel
833 4760 1015 4828 consiliarii
1039 4768 1099 4830 aut
1111 4781 1302 4831 assessores
1317 4766 1352 4830 in
