3504 5566
642 555 734 602 vxnxx
755 556 942 604 ooeurrnxrx.
1321 543 1378 606 173

239 681 297 738 llll.
312 681 477 736 Processus
495 675 643 734 conlectio
658 675 803 734 committi
818 679 916 749 potest
939 673 1029 734 alicui
1053 675 1147 748 probo
1161 681 1251 750 atque
1270 677 1379 738 idoneo

204 765 419 838 eeclesiastico,
435 765 572 824 adstante
586 764 731 824 actuario.

239 860 310 916 lllll.
326 855 493 930 Unicuique
520 854 612 915 curis
634 869 711 928 opus
729 859 776 913 est
796 859 989 927 procuratore
1011 854 1107 928 fiscali
1130 871 1185 930 pro
1205 857 1332 930 justitie
1351 863 1381 917 et

204 947 281 1023 legis
296 947 399 1006 tutela.

239 1039 310 1096 xlv.
326 1040 480 1107 Quatenus
495 1051 549 1110 pro
559 1034 800 1096 intimationihus
815 1041 868 1094 aut
889 1035 1145 1096 notificationibus
1163 1037 1244 1096 haud
1269 1043 1379 1111 praesto

204 1129 245 1187 sit
257 1141 348 1201 opera
357 1127 560 1200 apparitorum
570 1127 672 1197 euriae,
683 1127 842 1199 suppletur
855 1125 1036 1184 exhibitione
1047 1127 1218 1186 earumdem
1234 1129 1380 1202 explenda

204 1231 257 1290 per
271 1215 472 1290 qualilicatam
487 1229 738 1290 personamque
758 1215 795 1274 de
810 1215 886 1274 lacto
901 1216 1054 1286 certioret;
1075 1215 1139 1274 siue
1154 1231 1205 1276 eas
1226 1218 1378 1278 transmit-

203 1307 304 1376 tendo,
320 1319 376 1378 ope
391 1305 661 1364 commendationis
680 1319 774 1377 penes
789 1305 1011 1364 tabellariorum
1023 1305 1169 1376 olllcium,
1185 1305 1245 1364 illis
1260 1307 1290 1364 in
1304 1307 1379 1365 locis

203 1397 235 1454 in
255 1395 367 1468 quibus
383 1395 440 1452 hoc
453 1394 580 1454 invaluit
598 1399 740 1468 systema,
757 1394 946 1468 exposcenda
957 1393 1046 1453 iidem
1060 1393 1264 1467 exhibitionis,
1280 1411 1378 1470 recep·

203 1485 296 1545 tionis
306 1490 358 1542 aut
371 1483 500 1556 repudii.

239 1577 297 1634 llll.
314 1574 399 1631 Basis
414 1573 483 1631 lacti
496 1573 650 1632 criminosi
666 1574 810 1633 constitui
832 1580 930 1647 potest
953 1589 1006 1648 per
1020 1575 1236 1647 expositionem
1260 1576 1291 1634 in
1312 1591 1379 1650 pro·

204 1679 293 1723 eessu
307 1663 449 1732 habitam,
465 1661 647 1721 authenticis
661 1663 830 1721 roboratam
851 1663 1115 1722 informationibus
1140 1670 1192 1722 aut
1214 1665 1379 1724 contessio-

205 1753 295 1812 nihus
318 1745 606 1826 extrajudieialihuS,
622 1753 667 1810 rel
688 1752 811 1810 testium
825 1751 1076 1824 depositionibus
1096 1757 1126 1810 et
1146 1753 1245 1826 quoad
1260 1754 1379 1812 titulum

205 1843 458 1918 transgressionis
473 1843 612 1915 praecepti
634 1847 752 1902 constat
773 1855 826 1913 per
853 1856 960 1900 novam
983 1841 1197 1900 exhibitionem
1221 1843 1330 1902 decreti
1352 1849 1381 1901 et

206 1939 290 1992 actus
307 1933 493 2005 indictionis
507 1933 707 2006 perlectorum
721 1933 820 1992 modis
841 1933 1006 1991 arruntiatis
1021 1937 1076 1990 art.
1092 1935 1141 1992 Vll
1160 1939 1189 1990 et
1202 1935 1272 1992 Vlll.

239 2025 310 2082 llvl.
324 2023 367 2081 Ad
381 2023 568 2082 retinendam
583 2023 614 2087 in
636 2023 736 2096 speeie
751 2022 984 2095 culpabilitatem
997 2023 1142 2094 accusati,
1161 2037 1238 2096 opus
1254 2029 1298 2082 est
1313 2037 1380 2096 pro·

205 2114 325 2173 batione
340 2113 440 2187 legali,
455 2128 523 2186 quae
536 2113 608 2172 talia
622 2114 776 2172 continere
800 2113 887 2172 dehet
902 2113 1059 2182 elementa,
1074 2117 1108 2171 ut
1121 2113 1277 2172 veritatem
1298 2113 1380 2172 erin·

205 2211 253 2264 cat
266 2209 316 2262 uui
339 2203 444 2262 saltam
467 2203 590 2262 inducat
612 2203 755 2262 moralem
778 2203 999 2276 certitudinem,
1013 2208 1128 2262 remoto
1150 2201 1182 2262 in
1197 2205 1379 2264 contrarium

205 2295 312 2368 quouis
327 2291 496 2351 rationabili
511 2293 613 2352 dubio.
1181 2319 1182 2324 ¹

239 2387 322 2443 llVll.
349 2386 486 2442 Persona
510 2398 586 2456 quas
608 2384 778 2442 examinare
794 2383 942 2456 expediat,
965 2397 1086 2458 semper
1108 2385 1273 2444 audiuntur
1298 2400 1380 2460 sepa·

205 2474 302 2532 ratim.

238 2565 335 2623 livill.
357 2566 459 2622 Testes
477 2561 735 2636 adprobationem
757 2570 809 2622 aut
835 2565 872 2623 ad
894 2564 1112 2636 defensionem,
1130 2566 1254 2640 »quoties
1272 2567 1380 2642 legalia

205 2653 358 2713 obstacula
376 2653 457 2712 haud
470 2652 634 2724 obsistunt,
657 2669 714 2712 suo
728 2654 899 2728 iuramento
919 2655 1016 2715 audiri
1030 2656 1149 2728 dehent,
1165 2657 1245 2730 quod
1261 2658 1378 2718 extendi

204 2751 312 2818 potest,
328 2745 354 2803 si
367 2759 445 2818 opus
459 2743 510 2815 sit,
526 2743 563 2802 ad
574 2743 788 2817 obligationem
804 2745 920 2804 secreti.

237 2837 307 2893 lllll.
319 2834 450 2894 Testium
458 2833 637 2904 absentium,
649 2839 702 2892 aut
712 2834 743 2892 in
759 2834 856 2892 aliena
871 2835 993 2894 dioecesi
1004 2837 1197 2908 morantium,
1208 2838 1380 2910 exposcitur

204 2939 327 2984 examen
342 2924 374 2982 in
389 2923 560 2983 subsidium
578 2922 615 2982 ab
630 2924 831 2983 ecclesiastica
846 2925 903 2984 loci
918 2927 1105 2998 auctoritate,
1119 2927 1214 2986 eidem
1229 2930 1380 2988 transmit-

204 3015 294 3074 tendo
317 3021 509 3088 prospectum
529 3013 614 3086 laeti3
639 3021 669 3072 et
689 3015 852 3074 auotoritas
878 3017 1024 3089 requisita
1047 3016 1184 3090 petitioni
1204 3019 1378 3092 respondet,

204 3105 351 3186 servando
365 3103 522 3177 praesentis
535 3103 745 3163 instructionis
761 3119 892 3166 normae.
1414 3171 1416 3175 ,

239 3197 296 3254 llll.
311 3194 434 3264 Quoties
457 3193 632 3252 indicuntur
659 3199 750 3254 testes
778 3195 816 3254 oh
840 3196 917 3254 lacta
937 3202 989 3256 aut
1011 3198 1152 3272 adjuncta
1180 3200 1379 3261 essentialiter

204 3283 290 3344 utilia
305 3284 410 3342 merito
426 3297 534 3355 causae,
556 3283 608 3366 qui
626 3283 755 3342 examini
775 3284 884 3358 subjici
899 3294 1060 3360 nequeunt,
1076 3305 1111 3347 eo
1128 3290 1207 3362 quod
1223 3297 1380 3349 censeatur

202 3375 281 3436 haud
297 3374 456 3433 convenire
471 3379 505 3432 ut
526 3379 681 3445 vocentur,
701 3380 754 3433 aut
767 3375 840 3448 quia
858 3377 953 3436 vocati
971 3377 1115 3450 abnuant,
1132 3380 1244 3438 mentio
1259 3393 1379 3440 eorum-

203 3465 270 3524 dem
284 3464 318 3522 lit
332 3464 363 3522 in
374 3463 503 3535 actibus,
518 3469 547 3522 et
561 3469 683 3523 curatur
698 3465 837 3539 supplere
852 3481 956 3526 eorum
966 3468 1096 3528 delectui
1107 3484 1159 3542 per
1173 3469 1378 3542 depositiones

203 3555 329 3614 oliorum
358 3555 492 3626 testium,
520 3554 573 3628 qui
595 3553 631 3613 de
657 3553 751 3614 relato
775 3561 827 3614 aut
852 3555 1049 3617 alienatione
1080 3559 1218 3620 noverint
1242 3559 1272 3618 id
1298 3561 1378 3634 quod

204 3644 382 3718 exquiritur.

239 3735 309 3791 lilii.
326 3735 424 3802 Quum
438 3732 595 3792 collectum
610 3733 699 3792 luent
713 3735 859 3808 quidquid
875 3750 952 3810 opus
966 3737 1006 3796 sit
1020 3737 1057 3796 ad
1077 3738 1188 3797 lactum
1203 3741 1232 3796 et
1245 3739 1379 3799 accusati

205 3823 496 3896 responsabilitatem
511 3825 764 3896 constituendam,
780 3830 902 3886 uocatur
916 3827 974 3886 iste
988 3827 1025 3887 ad
1039 3841 1176 3888 examen.

240 3913 322 3971 llllll.
338 3913 371 3970 ln
386 3912 559 3985 indictione,
576 3913 634 3972 nisi
651 3913 809 3988 prudentia
822 3915 852 3974 id
867 3921 956 3988 vetet,
971 3923 1157 3991 exponentur
1169 3918 1197 3976 ei
1212 3933 1265 3992 per
1278 3925 1379 3978 exten-

205 4016 273 4064 sum
298 4002 508 4062 accusationes
534 4002 681 4062 aduersus
696 4019 766 4062 eum
787 4004 915 4078 collata,
928 4011 961 4066 ut
974 4007 1073 4082 peruri
1086 4007 1182 4068 valeat
1196 4008 1233 4068 ad
1256 4022 1380 4083 respon·

204 4091 347 4150 dendum.

239 4183 334 4240 lllllll.
343 4181 468 4252 Quando
477 4187 576 4242 autem
586 4183 625 4242 oh
636 4185 863 4245 accusationum
874 4187 1043 4260 qualitates,
1054 4189 1150 4248 autoh
1160 4189 1220 4248 alla
1226 4189 1378 4264 adiuncta,

203 4271 336 4346 prudens
355 4272 469 4332 nonsit
490 4273 522 4331 in
537 4279 606 4332 actu
620 4273 818 4335 intimationis
834 4291 885 4336 eas
905 4280 1079 4352 patefacere,
1100 4281 1131 4338 in
1150 4280 1206 4340 hac
1223 4281 1323 4341 solum
1336 4282 1379 4342 in·

205 4362 308 4422 uultur
321 4363 458 4422 eumdem
473 4364 511 4423 ad
527 4377 651 4422 examen
666 4365 767 4424 vocari
781 4370 815 4424 ut
827 4381 895 4426 sese
909 4375 1032 4428 excuset
1045 4369 1076 4427 in
1089 4383 1182 4428 causa
1196 4383 1263 4444 qua
1277 4369 1378 4444 ipsum

205 4451 328 4524 respicit
336 4453 379 4510 uti
392 4457 578 4512 accusatum.

241 4541 334 4600 llillv.
356 4541 386 4600 si
398 4541 514 4615 judicio
527 4543 633 4604 sistere
646 4541 769 4616 abnuat,
781 4545 905 4604 iteratur
920 4545 1054 4615 indictio.
1069 4549 1101 4607 in
1116 4563 1176 4623 qua
1195 4547 1292 4608 eidem
1302 4563 1378 4624 prae·

205 4630 309 4706 figitur
321 4647 491 4706 congruum
513 4637 744 4707 peremptorium
759 4638 931 4710 terminum,
944 4640 1031 4712 eique
1046 4640 1236 4714 significatur
1254 4641 1334 4714 quod
1350 4643 1378 4700 si

207 4721 304 4782 adhuc
324 4721 444 4784 obedire
463 4729 579 4796 renuat,
600 4724 758 4786 habebitur
777 4743 831 4788 eeu
854 4735 1032 4801 contumax;
1053 4737 1082 4790 et
1100 4745 1154 4805 pro
1169 4731 1221 4791 tali
1244 4731 1274 4790 in
1301 4731 1377 4792 lucto
