3440 5568
396 539 456 602 656
856 553 909 600 tus
928 554 1110 601 cruorucuu.
1261 615 1265 620 ι

396 673 623 733 aedificationem
646 671 780 730 ecclesie
804 685 857 730 seu
882 673 1003 746 capelle
1020 675 1120 748 (Atat,
1135 671 1256 744 iteoedit.
1272 685 1349 744 cop,
1369 671 1385 726 8
1404 669 1472 744 iuiii
1495 672 1566 738 titt,

397 759 464 906 §5S)i
480 861 527 906 res
545 850 593 904 est
614 845 651 904 de
667 845 877 906 restauranda
899 845 1034 915 eeclesia,
1056 845 1253 905 beneficiatus
1275 845 1416 918 adjuvare
1437 842 1522 904 debet
1535 841 1568 900 ad

399 951 464 995 eam
480 935 686 1010 reparandam,
701 935 753 994 uhi
769 937 1006 996 emolumentum
1021 937 1147 1010 percipit
1161 935 1270 1010 (idid).

435 1027 600 1096 limitatur,
627 1025 789 1086 dummodo
807 1043 861 1102 pro
880 1027 1055 1086 beneficiato
1077 1027 1211 1102 supersit
1234 1025 1390 1086 sufficiens
1413 1024 1523 1084 fundus
1537 1020 1568 1079 ad

298 1171 300 1174 .
400 1117 448 1176 sui
464 1129 629 1190 congruam
645 1120 674 1172 et
687 1115 843 1174 honestam
860 1115 1118 1174 conservationem
1134 1115 1240 1190 (7777).

437 1205 592 1264 limitatus
607 1204 883 1265 administratorum
905 1221 1074 1270 censensus
1089 1207 1126 1264 ad
1146 1220 1254 1264 noram
1273 1205 1408 1264 ecclesia
1422 1208 1571 1263 construe·

401 1297 513 1354 tionem
528 1309 618 1368 quam
634 1295 788 1368 pessimus
799 1296 881 1356 iltius
896 1303 992 1357 status
1007 1297 1158 1370 requirere
1169 1296 1337 1368 uidebatur,
1353 1294 1516 1354 trahendus
1530 1297 1572 1352 est

400 1383 438 1442 ed
453 1383 619 1457 simplicem
634 1385 881 1443 restaurationem
897 1385 982 1459 (trip,
1000 1389 1032 1442 76
1045 1386 1112 1460 jun.
1129 1389 1209 1456 7787,
1224 1386 1241 1460 5
1256 1385 1293 1457 5).

437 1479 535 1546 Quum
551 1491 662 1535 novum
683 1477 810 1536 uoluerit
824 1479 894 1552 quis
909 1477 1069 1537 aediticium
1088 1479 1234 1550 ecciesiae,
1257 1479 1338 1552 quod
1353 1477 1452 1552 majus
1473 1482 1573 1547 erata

401 1567 517 1626 tortiori
532 1567 612 1641 quod
628 1568 730 1626 minus
745 1573 802 1639 est,
816 1568 925 1628 veteris
940 1583 1047 1640 nempe
1058 1567 1573 1642 reparationem,voluissecensetur

401 1655 500 1730 (7777,
514 1656 531 1729 5
545 1657 581 1730 6).

438 1749 597 1820 congruus
612 1746 729 1805 uidetur
742 1747 971 1806 restaurationis
994 1749 1102 1808 modus
1118 1763 1205 1822 quem
1222 1749 1363 1824 proponit
1386 1747 1573 1814 architectus,

403 1851 495 1910 quum
513 1835 543 1892 in
557 1834 615 1894 hoc
629 1836 793 1908 plurimum
807 1837 958 1896 deteratur
973 1839 1075 1910 peritis
1089 1838 1121 1897 in
1137 1845 1200 1897 arte
1215 1839 1313 1914 (tote,
1327 1840 1344 1912 5
1356 1839 1396 1912 7).

439 1929 529 1984 Cone.
543 1923 622 1982 Trid.
632 1924 721 1998 (sess.
737 1928 783 1996 77,
798 1930 902 1998 capi,
916 1927 952 1986 77
965 1928 1106 2000 Reform.)
1122 1929 1316 1987 ecclesiarum
1332 1927 1573 1988 restaurationem

404 2011 490 2072 viride
505 2013 704 2084 commendat,
721 2028 758 2070 ne
773 2029 809 2072 ea
831 2029 898 2088 quae
922 2015 1018 2075 sacris
1037 2015 1213 2076 ministeriis
1226 2017 1362 2076 dedicata
1372 2023 1455 2086 sunt,
1470 2022 1575 2088 tempo-

404 2117 471 2160 rum
496 2101 607 2176 injuria
630 2101 823 2160 obsoleseent
847 2109 876 2161 ct
898 2117 936 2161 ex
964 2104 1121 2164 hominnm
1142 2107 1287 2164 memoria
1310 2105 1449 2164 excidant
1463 2106 1575 2178 (Arum,

404 2191 486 2250 Dem.
499 2195 529 2249 77
543 2191 649 2248 Troas.
667 2189 765 2260 mise„
783 2195 815 2248 76
830 2191 888 2250 ten.
907 2193 1013 2266 1788,5
1027 2195 1064 2266 3).

441 2280 498 2338 Sed
524 2277 575 2338 ubi
602 2294 689 2352 pares
705 2295 766 2337 non
788 2285 861 2339 sunt
883 2281 1018 2354 ipsarum
1045 2284 1242 2344 ecclesiarum
1263 2285 1415 2356 redditae,
1437 2283 1533 2344 voluit
1549 2286 1577 2340 ut

405 2369 550 2442 episcopi,
559 2371 886 2442 tanquamdpostoiieoe
897 2372 1127 2449 Sedisdeiegati,
1140 2376 1301 2436 transferre
1311 2375 1577 2449 possintnenetrcia

405 2457 565 2532 simplicia,
581 2459 670 2517 etiam
691 2459 959 2532 jurispatronatus,
974 2461 1012 2520 ab
1027 2463 1164 2522 eeclesiis
1190 2479 1257 2538 qnae
1282 2471 1430 2524 vetustate
1444 2465 1493 2524 vel
1508 2465 1576 2524 atias

405 2549 545 2621 collapsae
562 2554 635 2606 sunt
648 2555 677 2607 et
687 2549 725 2606 oh
740 2564 842 2608 carum
861 2549 994 2624 inopiam
1010 2559 1165 2625 nequeunt
1180 2555 1341 2614 restaurari
1354 2555 1461 2628 (idid).

441 2637 626 2698 Permittitur
641 2653 785 2696 novarum
800 2639 994 2698 ecclesiarum
1009 2643 1206 2714 constructio,
1221 2643 1258 2715 si,
1274 2643 1312 2702 ob
1327 2644 1452 2703 nimiam
1468 2645 1577 2704 disten-

406 2727 478 2787 tiam
489 2727 680 2800 paroehialis,
695 2727 826 2800 populus
841 2729 878 2786 ad
893 2729 974 2787 illem
988 2732 1127 2790 accedere
1145 2747 1206 2791 non
1222 2733 1316 2806 possit
1331 2734 1445 2807 (777777,
1466 2733 1577 2794 Transi.

406 2818 475 2877 7777.
498 2832 578 2891 pom,
594 2821 611 2875 4
625 2817 690 2876 dec.
708 2820 788 2888 7797,
801 2818 818 2892 5
831 2819 907 2892 ult).

443 2911 562 2967 Certum
585 2908 685 2966 estin
712 2907 939 2969 edificationem
960 2911 1155 2972 ecclesiarum
1182 2915 1298 2990 erogari
1318 2915 1448 2989 primum
1479 2915 1578 2975 debere

407 2997 526 3056 iliarum
541 2997 688 3067 redditus,
701 3013 737 3055 ex
752 3004 854 3071 aperta
868 3000 987 3059 concilii
1011 3001 1077 3077 lege
1094 3003 1233 3077 jurisque
1254 3004 1455 3078 dispositione
1481 3006 1579 3080 (spir,

406 3085 528 3156 decedis.
543 3085 625 3154 ecci„
642 3090 674 3143 76
691 3091 767 3157 sept.
786 3089 865 3158 titt,
880 3087 897 3160 5
919 3088 972 3164 77).

444 3175 546 3234 Potius
558 3180 604 3232 est
614 3175 780 3248 reparanda
788 3175 927 3247 ecclesia,
944 3191 1033 3252 quam
1049 3179 1236 3241 demolienda
1250 3176 1403 3258 (Com.,'i8
1419 3199 1489 3242 nou.
1509 3187 1580 3250 7797,

444 3271 496 3324 1²⁹.

408 3267 425 3340 ἓ
445 3272 508 3413 §clm
522 3361 569 3414 est
588 3355 741 3429 probanda
763 3357 930 3416 necessitas
955 3359 1081 3430 praecisa
1100 3359 1299 3422 reaedificandi
1317 3362 1478 3424 ecclesiam
1500 3377 1581 3438 pero·

409 3445 546 3517 chialem,
563 3446 589 3504 si
604 3461 653 3505 res
668 3446 756 3505 stade
776 3447 906 3520 parocho
921 3448 1037 3507 volente
1051 3449 1132 3508 iliam
1147 3452 1325 3512 reaedificare
1340 3453 1476 3525 (dasem,
1492 3451 1580 3515 decad.

408 3535 478 3595 7777.
490 3550 572 3609 por„
585 3541 619 3594 aa
635 3541 721 3594 mart.
739 3539 819 3608 7737,
831 3537 847 3610 5
860 3542 898 3608 a).

445 3626 487 3684 nd
499 3625 714 3700 perficiendum
730 3639 807 3699 opus
828 3627 962 3686 ecelesiae
977 3628 1167 3702 parochialis,
1183 3629 1350 3690 adhibenda
1369 3637 1442 3690 sunt
1457 3633 1583 3693 remedia

409 3727 494 3773 cone.
510 3715 601 3787 Trid,
617 3727 696 3774 sess.
711 3717 755 3784 21,
772 3729 838 3788 cap.
852 3720 881 3787 7,
896 3717 1071 3790 praescripta
1085 3719 1125 3792 (S.
1139 3717 1222 3788 77777,
1239 3723 1273 3777 76
1288 3727 1365 3794 sept.
1382 3725 1461 3794 7777,
1476 3722 1494 3796 5
1507 3722 1545 3796 7).

445 3805 579 3863 Ecclesia
596 3803 787 3878 parochialis,
818 3806 845 3864 si
869 3805 910 3864 sit
932 3813 1064 3880 angusta
1084 3806 1123 3865 ob
1146 3807 1369 3868 incrementum
1389 3811 1506 3884 popuii,
1529 3824 1583 3868 am·

411 3894 621 3970 pitandavenit
636 3903 665 3954 et
678 3897 887 3956 recediiicanda
899 3897 987 3972 (Noti.
1001 3913 1055 3958 seo
1068 3899 1153 3969 Noa,
1170 3901 1264 3961 777777.
1281 3901 1351 3960 7777.
1364 3917 1445 3976 por,
1467 3907 1500 3961 76
1517 3901 1582 3962 maii

428 3988 480 4042 778
568 4029 575 4044 .

412 3987 751 4136 ¹1n'r5e3aumuonem
779 4091 839 4136 seu·
862 4091 969 4135 novam
999 4079 1255 4138 constructionem
1283 4081 1428 4151 ecclesiae,
1457 4083 1584 4156 primum

411 4166 528 4226 tructus
542 4171 571 4224 ct
585 4171 749 4240 proventus
766 4166 803 4225 ed
818 4180 883 4224 earn
899 4167 1084 4241 pertinentes
1099 4169 1218 4243 erogari
1232 4169 1343 4228 debent
1357 4171 1484 4246 (tttd.,5
1500 4173 1539 4245 3).

448 4257 526 4315 Casu
541 4271 601 4330 quo
617 4269 677 4314 non
692 4255 855 4327 sufficiant,
870 4255 1011 4330 supplere
1023 4261 1162 4316 tenentur
1173 4257 1195 4317 ii
1210 4259 1262 4334 qui
1277 4259 1397 4334 aliquos
1413 4262 1532 4320 tructus
1551 4275 1583 4318 en

411 4336 626 4418 eo'percipiunt
639 4343 748 4418 77777).

447 4437 482 4491 Et
500 4434 532 4492 in
547 4433 667 4493 iliorum
682 4433 831 4492 deiectum
845 4439 984 4494 tenentur
996 4433 1144 4510 parochiae
1158 4437 1265 4497 incolae
1278 4437 1385 4512 (ibid).

448 4523 505 4592 Qui
520 4523 546 4582 si
574 4528 705 4600 egestate
730 4522 876 4595 laborent,
900 4529 973 4584 tunc
991 4525 1028 4584 ad
1048 4525 1188 4586 matrices
1211 4531 1242 4586 et
1260 4527 1422 4588 viciniores
1445 4527 1584 4588 ecclesias

412 4618 458 4670 est
482 4612 715 4683 recurrendum3
741 4615 770 4670 et
795 4609 853 4671 itte
875 4613 964 4673 etiem
1042 4615 1186 4674 troianos
1205 4630 1282 4675 usus
1302 4617 1434 4708 conuerti
1459 4619 1585 4690 possunt

414 4699 520 4770 777777).
