3504 5572
556 569 643 614 trem
667 567 793 616 smnus
815 569 1036 616 neonnrsuuu.
1274 585 1279 592 ·
1327 551 1386 614 aar

209 705 279 752 non
294 686 392 752 ultra.
410 688 623 772 Quapropter
643 687 672 751 si
690 688 726 752 in
743 707 812 753 una
831 687 922 753 linea
943 705 1013 752 non
1035 693 1152 751 essent
1171 691 1330 770 parentes
1351 686 1386 748 in

208 795 315 876 gradu
335 795 447 876 legali,
464 795 547 859 dum
567 796 775 860 haberentur
788 797 823 860 in
843 795 959 870 altera,
977 795 1032 858 isti
1055 794 1164 858 ultimi
1187 799 1293 858 totam
1317 793 1387 857 adi-

209 905 295 968 bunt
307 904 542 970 haereditatem
558 907 632 988 (art.
650 908 731 990 755).

342 1099 384 1148 ttt.
403 1096 500 1157 Quoad
514 1096 590 1150 bona
604 1097 773 1151 clericorum
789 1099 819 1152 et
833 1099 1028 1164 religiosorum
1045 1097 1256 1150 detunctorum.

250 1229 281 1312 α)
300 1230 381 1310 (lais
394 1232 540 1297 succedit
554 1235 670 1299 clerico
686 1235 871 1318 defuncto?
883 1237 915 1298 l⁰
928 1233 965 1297 ln
981 1235 1079 1299 bonis
1094 1231 1387 1317 patrimonialibus

209 1337 265 1404 val
279 1341 386 1423 quasi,
403 1343 591 1407 succedunt
604 1343 725 1408 clerico
739 1343 882 1425 legitimi
898 1345 973 1426 ejus
988 1341 1154 1420 haeredes,
1169 1339 1273 1405 modo
1289 1359 1387 1422 supe-

209 1447 280 1512 rius
295 1449 473 1532 explicato,
490 1455 525 1516 et
539 1452 574 1514 in
587 1469 707 1516 eorum
725 1451 859 1516 deiectu
877 1451 1025 1516 Ecclesia
1039 1451 1078 1532 (c.
1096 1451 1111 1512 1
1126 1450 1159 1514 b.
1175 1451 1223 1531 1.).
1237 1449 1296 1512 lus
1311 1446 1386 1512 Gal-

209 1555 312 1620 licum
334 1575 404 1621 non
424 1557 574 1623 admittit
583 1559 672 1624 banc
692 1558 849 1623 ultimam
865 1558 1134 1642 dispositionem,
1155 1561 1189 1620 et
1203 1556 1311 1620 Statui
1327 1571 1387 1618 seu

209 1665 375 1744 gubernio
390 1665 491 1742 civili,
509 1667 627 1730 tribuit
648 1667 817 1750 ejusmodi
838 1667 1101 1742 successionem,
1120 1683 1178 1728 seu
1200 1663 1387 1727 universim

209 1773 299 1837 bona
313 1775 483 1852 vacantia3
499 1775 608 1840 sedin
623 1777 697 1841 loro
708 1777 925 1842 conscientiae
939 1780 1095 1840 remanet
1111 1772 1287 1856 dispositio
1302 1771 1388 1852 legis
1496 1798 1499 1807 ¹

209 1878 454 1960 ecclesiastica,
474 1902 549 1966 quae
565 1901 634 1950 non
649 1885 786 1948 videtur
804 1885 952 1948 obnoxia
971 1881 1230 1966 praescriptioni,
1248 1885 1282 1943 et
1294 1884 1386 1944 certo

207 2007 277 2052 non
289 1994 403 2072 potest
414 1991 538 2055 irritari
550 1994 628 2075 jure
643 1993 743 2056 civili.

246 2099 277 2161 9⁰
291 2096 329 2161 ln
343 2099 442 2162 bonis
457 2099 711 2166 beneficialibus
729 2102 920 2184 superfluis,
937 2101 1084 2166 Ecclesia
1102 2099 1261 2174 succedit,
1276 2097 1388 2162 exclu-

206 2207 253 2269 sis
282 2206 386 2270 etiam
411 2207 590 2289 legitimis,
616 2229 658 2273 ex
684 2211 789 2292 capi
816 2214 850 2273 et
872 2211 930 2274 tin.
949 2208 1116 2274 daPecut.
1135 2208 1225 2285 cler,
1251 2211 1286 2270 et
1313 2205 1387 2269 aliis

203 2314 350 2396 juribus.
368 2313 543 2397 Colligitur
558 2336 600 2380 ex
620 2317 777 2400 superius
800 2318 897 2382 dictis
920 2317 961 2381 de
983 2317 1081 2382 bonis
1100 2313 1280 2399 superfluis
1295 2313 1389 2378 cleri-

209 2441 338 2488 corum.
358 2423 423 2490 Sed
449 2427 639 2491 notandum
666 2433 729 2505 est,
742 2429 843 2510 J'uxta
869 2427 1141 2494 communiorem
1169 2423 1386 2498 sententiam,

205 2533 452 2598 consuetudine
479 2534 632 2616 legitime
652 2537 849 2620 praescripta
870 2535 983 2600 induci
1000 2553 1102 2619 possa
1123 2539 1162 2598 ut
1181 2531 1388 2612 consangui-

206 2642 273 2718 nei,
291 2641 394 2706 etiam
415 2642 452 2706 in
471 2643 570 2708 bonis
588 2643 853 2722 beneficialibus,
875 2645 917 2708 ab
937 2645 1098 2709 intestato
1124 2640 1308 2706 succedant
1321 2639 1387 2704 ole-

207 2745 296 2814 ricis'.

247 2857 546 2940 nortmanos
570 2859 815 2945 religiosorum.
828 2860 909 2924 t⁰ln
930 2859 1028 2924 bonis
1052 2857 1171 2923 novitii
1198 2858 1255 2942 qui
1280 2857 1383 2922 intes-

209 2969 298 3028 tatus
308 2965 463 3042 decessit,
477 2967 664 3033 succedunt
672 2967 933 3048 consanguinei:
947 2967 993 3031 ita
1007 2965 1200 3030 communis
1215 2965 1387 3028 sententia

207 3079 326 3138 contra
346 3075 523 3158 quosdam,
541 3077 600 3159 qui
621 3077 712 3140 bona
724 3094 745 3140 a
759 3075 889 3140 novitio
908 3075 1069 3138 intestato
1093 3071 1210 3136 relicta
1234 3072 1386 3135 tribuunt

208 3183 426 3247 monasterio.
447 3183 544 3248 Ratio
574 3189 626 3248 est
652 3185 746 3268 quia,
769 3203 812 3247 ex
838 3201 908 3248 una
933 3188 1046 3266 parte,
1064 3183 1143 3264 jura
1172 3180 1291 3244 novitii
1317 3197 1386 3242 non

208 3289 437 3356 devolvuntur
446 3292 488 3358 ad
498 3294 756 3369 monasterium,
767 3292 834 3357 nisi
846 3296 963 3357 seouta
974 3289 1259 3374 professione3ex
1269 3288 1384 3364 altera,

210 3398 341 3463 nullum
363 3398 579 3483 privilegium
603 3400 820 3465 monasteriis
841 3417 1043 3463 conoessum
1064 3402 1116 3460 est
1133 3395 1335 3461 succedendi
1352 3396 1386 3458 in

210 3507 300 3572 bona
314 3507 445 3572 novitii.
1305 3507 1307 3512 '

249 3615 281 3678 9⁰
296 3615 389 3680 Bona
403 3615 519 3679 omnia
533 3615 684 3698 religiosi
698 3617 854 3698 professi,
868 3616 896 3679 si
911 3621 989 3680 ante
1005 3613 1253 3697 professionem
1268 3610 1310 3674 de
1323 3609 1387 3674 illis

211 3741 281 3787 non
305 3721 482 3806 disposuit,
501 3721 731 3788 devolvuntur
750 3723 792 3788 ad
812 3721 1071 3798 monasterium,
1089 3720 1209 3784 saltam
1225 3719 1252 3782 si
1267 3717 1387 3799 religio

211 3834 382 3913 estoapax
407 3830 609 3896 succedendi
627 3851 633 3893 :
651 3832 699 3895 ite
718 3833 776 3914 jus
799 3831 992 3895 Romanum
1016 3847 1037 3893 a
1057 3830 1134 3911 jure
1160 3825 1387 3890 eeclesiastico

212 3939 435 4020 approbatum
450 3939 535 4020 (can.
557 3941 587 4014 7,
606 3941 636 4014 9,
659 3957 763 4004 causa
777 3940 827 4015 19,
845 3959 876 4022 q.
893 3939 934 4019 3).
951 3937 1049 4001 Ratio
1064 3941 1131 4012 est,
1150 3935 1229 4017 quia
1246 3919 1387 4016 aequitas

211 4045 314 4110 dictat
328 4050 366 4109 ut
380 4045 572 4126 religiosus,
591 4047 648 4131 qui
662 4065 846 4130 personam
861 4063 960 4111 suam
978 4044 1117 4109 servitio
1133 4043 1249 4106 divino
1263 4041 1389 4106 monci-

210 4155 313 4235 pavit,
326 4153 430 4218 etiam
444 4155 535 4220 bona
549 4173 612 4220 sua
623 4153 728 4219 cultui
740 4155 800 4228 liei
815 4160 1001 4219 consecret.

250 4261 377 4326 'lamen
388 4261 416 4324 si
426 4261 577 4343 religiosi
589 4262 677 4328 lilios
687 4261 743 4326 val
756 4263 1003 4326 descendentes
1015 4241 1190 4336 baberent,
1203 4260 1277 4322 istis
1290 4257 1389 4323 debe·

210 4375 305 4434 retur
330 4369 499 4450 legitima3
521 4389 602 4436 nam
626 4371 683 4434 lex
709 4369 817 4434 civilis
844 4370 900 4434 vel
924 4370 1088 4434 cononica
1113 4387 1183 4434 non
1211 4367 1389 4446 distinguit

211 4478 322 4562 quoad
342 4477 532 4558 legitimam
557 4481 647 4543 inter
671 4477 866 4559 religiosos,
884 4477 1024 4542 clericos
1050 4483 1085 4541 et
1111 4477 1231 4552 laicos3
1249 4482 1283 4540 et
1305 4474 1387 4538 alias

209 4585 266 4650 lex
281 4586 523 4650 reservationis
538 4591 673 4652 nonest
689 4587 762 4650 sine
779 4585 893 4669 aliquo
912 4585 1136 4650 fundamento
1151 4586 1186 4648 in
1198 4587 1275 4667 jure
1290 4588 1388 4646 natu-

212 4693 285 4758 rali.
