3504 5566
668 521 757 566 vania
779 519 966 568 nocuusnra.
1322 499 1403 585 ,lle

264 639 407 696 llllllvlll.
430 621 610 712 comperitio
631 651 685 711 pro
709 639 908 713 appellatione
929 638 1064 698 lenienda
1083 642 1129 696 est
1149 637 1228 695 inire
1242 637 1402 696 terminum

229 727 331 788 decem
345 727 461 788 dierum
474 743 494 788 a
509 727 712 788 notitlcetione
724 728 895 800 sententian
909 743 970 803 quo
984 727 1112 788 termino
1129 725 1277 786 inutiliter
1288 726 1403 801 elapso,

229 817 377 877 senentis
390 817 501 892 ipsein
517 817 720 878 exsecutionis
738 818 990 892 steturepcritur.

230 975 349 1040 luerunt,
368 975 455 1026 visum
475 979 516 1027 est
528 976 746 1028 eminentissimis
765 976 886 1027 Patribus
900 976 928 1026 in
945 978 1078 1028 conventu
1092 973 1183 1026 hebito
1194 984 1231 1024 xv
1248 972 1351 1024 edenti.
1368 972 1406 1038 je-

229 1061 306 1098 nuer.
326 1059 485 1100 nnoecxxxv
504 1048 613 1100 uberius
634 1047 776 1114 explicere,
798 1053 825 1099 et
849 1061 910 1098 cum
929 1061 1039 1098 sesensu
1066 1050 1093 1097 et
1117 1043 1307 1111 approbatione
1325 1044 1353 1097 S.
1373 1045 1402 1094 l).

230 1119 261 1168 N.
282 1119 418 1171 cessonis
431 1119 485 1172 livi
501 1119 596 1170 iterem
610 1119 790 1185 promulgare,
804 1124 834 1172 ut
847 1121 881 1172 ab
895 1120 1030 1183 omnibus,
1045 1118 1080 1169 ed
1093 1131 1161 1183 quoe
1172 1117 1315 1182 pertinent,
1327 1129 1405 1168 eccu-

230 1190 360 1242 ratiasime
374 1194 524 1243 serventur.
539 1191 608 1242 Sunt
624 1195 712 1243 autem
727 1205 788 1256 que
802 1195 971 1256 sequnntur:
1041 1227 1045 1238 .

261 1263 280 1314 l.
304 1261 366 1312 Rois
385 1276 401 1312 a
417 1262 497 1314 curiis
520 1263 716 1328 episcopalibus
740 1263 871 1314 criminali
890 1264 993 1329 judicio
1017 1262 1149 1314 demnatis
1168 1261 1282 1328 spetiem
1302 1261 1405 1312 dierum
1513 1323 1521 1333 .

232 1333 321 1384 decem
342 1334 511 1400 conceditur,
530 1348 584 1400 quo
606 1335 640 1386 ad
660 1335 687 1386 S.
706 1335 946 1401 Congregetioncm
971 1335 1161 1400 cpiscoporum
1184 1337 1211 1384 et
1234 1332 1404 1397 Regulerium

231 1403 364 1469 appellere
374 1405 484 1470 possint.

262 1477 293 1528 ll.
308 1478 405 1528 Decem
420 1477 477 1529 dies
487 1479 623 1530 numerari
634 1479 771 1545 incipient,
786 1493 843 1532 non
855 1493 871 1530 a
883 1478 926 1528 die
940 1490 993 1541 quc
1007 1477 1139 1528 sententie
1152 1476 1205 1528 letc
1219 1479 1268 1538 est,
1279 1476 1326 1528 sed
1340 1475 1406 1527 adis

232 1563 285 1613 quo
299 1562 345 1598 reo
358 1549 401 1600 vel
415 1549 474 1614 ejus
487 1549 620 1601 defensori
634 1565 682 1615 per
692 1563 827 1602 cursorem
842 1549 999 1601 denuntiata
1010 1549 1070 1601 luit.

263 1621 356 1672 tillio
372 1624 491 1686 tempore
505 1622 610 1688 elapso,
627 1623 693 1688 quin
707 1635 769 1674 reue
781 1621 825 1672 vel
838 1623 897 1687 ejus
913 1621 1037 1674 delensor
1050 1621 1231 1688 appellaverit,
1251 1621 1331 1673 letem
1349 1636 1407 1672 eae

232 1693 390 1743 sententiam
400 1694 542 1758 epiecopus
551 1698 721 1758 exsequetur.

263 1764 304 1816 lV.
318 1764 476 1830 interposite
490 1766 560 1816 intra
573 1765 665 1817 decem
679 1765 736 1816 dies
749 1764 937 1831 appellatione,
952 1767 1026 1816 curie
1040 1765 1198 1831 episcopalis
1211 1769 1269 1820 eota
1283 1770 1405 1832 autogrn·

231 1835 284 1900 pba
296 1837 378 1886 totins
391 1849 478 1887 ceusse
493 1837 527 1887 ad
541 1837 568 1889 S.
584 1837 823 1902 congregationem
836 1837 965 1888 continuo
978 1838 1150 1900 transmittet,
1161 1849 1259 1902 nempe
1275 1851 1281 1888 :

262 1911 286 1959 l.
299 1909 445 1959 Proeeeem
458 1911 546 1972 ipsum
560 1909 589 1960 in
601 1911 675 1960 curia
685 1910 854 1972 conlectum3

262 1982 287 2031 2.
305 1980 368 2044 Ejus
382 1981 536 2044 restrictam,
550 1994 598 2032 eeu
614 1981 838 2047 compendiariam
859 1981 1054 2046 expositionem
1070 1995 1164 2034 eorum
1183 1995 1244 2046 quae
1263 1995 1297 2032 ex
1312 1979 1406 2032 ecdem

219 2089 222 2095 ,
231 2065 356 2116 processu
370 2057 512 2118 emergunt
523 2069 530 2115 ;

262 2124 286 2175 3.
301 2123 477 2175 Defensiones
491 2138 539 2189 pro
554 2139 600 2178 reo
613 2125 763 2189 exhibites;

261 2195 287 2245 l.
302 2195 422 2259 meique
436 2195 597 2247 sententiam
611 2196 701 2247 lenm.

262 2265 293 2317 ll.
303 2265 362 2330 lpse
373 2267 447 2317 curie
458 2281 505 2317 reo
522 2267 633 2332 ejusque
649 2269 784 2320 defensori
800 2267 970 2320 denuntiabit
987 2270 1193 2334 appellationem
1210 2287 1299 2324 eorem
1314 2273 1407 2323 eedem

233 2337 260 2388 S.
275 2339 488 2402 congregatione
499 2338 714 2404 prosequendam
728 2353 794 2391 esse.

263 2409 304 2460 Vl.
313 2409 340 2460 Si
351 2423 431 2460 nemo
442 2415 601 2475 compareat,
612 2415 659 2462 eut
666 2413 689 2462 si
696 2411 881 2478 appellationis
887 2416 945 2464 acta
951 2413 1117 2478 negligenter
1122 2415 1164 2465 vel
1171 2416 1301 2467 malitiose
1310 2419 1410 2480 protra-

232 2480 340 2542 hantur‚
351 2493 503 2546 congruens
512 2485 619 2547 tempus
633 2497 648 2532 e
659 2483 686 2534 S.
700 2483 911 2549 congregatione
920 2484 1092 2548 preeflnietur,
1105 2500 1159 2550 quo
1169 2487 1299 2538 inutiliter
1308 2487 1408 2552 elapso,

233 2565 313 2602 cause
322 2552 426 2602 deserte
439 2557 589 2616 censeatur,
603 2558 630 2605 et
643 2554 775 2604 sententie
786 2555 867 2606 eurise
881 2555 1039 2622 episcopalis
1050 2559 1215 2609 exsecutioni
1225 2558 1375 2610 mandetur.

264 2625 317 2678 vu.
327 2625 396 2687 lieo,
411 2629 457 2676 aut
468 2623 507 2676 illi
521 2625 568 2690 qui
584 2627 642 2691 ejus
654 2626 837 2678 detonsionem
850 2628 980 2692 suscepit,
994 2628 1140 2681 tredendus
1151 2635 1192 2682 est
1203 2631 1335 2682 restrictos
1347 2644 1408 2696 pro-

233 2711 332 2760 cessus,
345 2697 392 2761 qui
406 2696 522 2761 ajudice
536 2697 618 2750 relete
632 2697 779 2748 coniicitur.

264 2768 329 2819 vill.
355 2766 547 2832 Allegationes,
571 2782 618 2820 seu
641 2768 810 2821 detensiones
833 2771 1058 2833 eminentissimis,
1070 2773 1191 2823 Patribus
1213 2773 1410 2824 distribuendas

233 2841 304 2908 typis
317 2854 373 2891 non
387 2837 596 2903 committantur,
611 2842 664 2892 nisi
674 2842 760 2908 judex
774 2843 872 2894 relator
886 2841 1058 2908 imprimendi
1070 2843 1177 2894 venism
1192 2842 1303 2896 dederit.

264 2913 305 2965 lx.
321 2913 405 2965 Canes
418 2913 559 2965 delinietur
573 2918 670 2966 statute
680 2914 723 2966 die
735 2915 768 2966 eb
783 2915 1000 2966 eminentissimis
1012 2914 1134 2966 Petrinus
1146 2917 1174 2966 in
1187 2915 1268 2980 pleno
1276 2916 1409 2967 euditorio

234 2987 407 3051 congregetis.

264 3058 295 3110 X.
309 3057 401 3110 Eidem
418 3057 636 3124 congregationis
651 3063 808 3124 procuretor
827 3060 960 3125 generetis
977 3059 1047 3121 tlsci,
1071 3063 1097 3111 et
1108 3059 1193 3124 judex
1212 3059 1311 3112 relator
1330 3060 1410 3112 inter·

235 3134 322 3182 erunt.

265 3202 309 3255 xl.
319 3203 405 3255 ludex
416 3203 515 3258 relator
528 3203 561 3255 de
571 3207 627 3254 toto
637 3207 706 3256 stetu
721 3217 808 3256 cauere
819 3203 853 3254 ad
865 3203 1091 3254 eminentissimos
1106 3203 1197 3254 Petree
1210 3203 1299 3264 relert,
1314 3207 1341 3254 et
1352 3216 1411 3268 pro-

235 3279 340 3328 curator
353 3275 485 3341 generalis
498 3273 554 3326 fisci
568 3275 648 3326 stnbit
661 3289 709 3340 pro
728 3274 800 3326 curie
822 3271 974 3340 episcopali,
996 3287 1109 3338 suesque
1124 3273 1309 3324 conclusiones
1323 3273 1410 3340 exple-

235 3347 319 3398 nabit.

265 3417 319 3470 xil.
339 3415 401 3470 Post
417 3418 475 3472 hoec
491 3418 694 3470 eminentissimi
713 3419 805 3470 Patres
821 3417 952 3483 judicium
977 3418 1126 3483 proterant,
1148 3418 1309 3468 sententiam
1329 3417 1410 3468 curies

237 3489 393 3558 episcopelis
405 3497 452 3543 eut
465 3491 657 3554 confirmando,
672 3495 720 3542 aut
733 3490 903 3552 infirmando,
918 3493 965 3541 eut
980 3491 1060 3540 etiem
1074 3489 1253 3542 reformando.

266 3561 331 3614 xiil.
353 3561 458 3615 Proleta
474 3561 607 3614 sententie
628 3577 683 3614 uns
702 3576 763 3614 cum
785 3563 911 3614 omnibus
930 3562 994 3612 ectis
1011 3576 1099 3613 seuere
1116 3561 1151 3612 ed
1172 3562 1292 3614 eemdem
1310 3563 1409 3614 curiam

237 3635 413 3701 episcopalem
426 3635 579 3694 remittitur,
592 3639 624 3686 ut
637 3647 695 3686 sem
709 3639 878 3699 exsequetur.

267 3706 329 3758 xlv.
345 3706 441 3756 lteoiee'o
454 3720 502 3756 seu
515 3705 663 3771 recognitio
676 3705 715 3758 rei
726 3705 853 3770 judicate
871 3719 927 3755 uon
945 3703 1109 3765 conceditur,
1124 3704 1177 3755 nisi
1190 3703 1249 3770 ejus
1261 3703 1410 3755 tribuendes

236 3781 352 3842 potestus
363 3791 379 3828 a
390 3777 534 3828 Sanctitate
546 3777 601 3828 Sue
611 3777 680 3828 lecta
691 3777 771 3828 luerit
782 3782 808 3828 et
818 3777 924 3827 subsint
936 3776 1097 3840 grauissime
1111 3789 1204 3840 muse,
1219 3787 1300 3840 super
1312 3775 1411 3840 quibus

237 3849 353 3914 cognitio
368 3852 395 3900 et
405 3848 538 3914 iudicium
551 3847 587 3898 ed
601 3849 706 3912 plenam
720 3848 958 3913 congregationem
972 3847 1096 3912 pertinet.
1156 3893 1158 3896 .

267 3921 320 3973 llll.
336 3921 427 3973 Scieut
441 3922 556 3987 denique
571 3921 651 3973 curie
665 3920 828 3986 episcopelee
844 3933 892 3984 por
909 3917 1068 3970 novissimas
1083 3919 1164 3984 leges,
1179 3933 1241 3984 quae
1254 3918 1289 3969 ed
1302 3917 1410 3969 investi·

238 3993 325 4061 ganda
350 3997 377 4044 et
401 3993 679 4050 coercendeerimina
699 4005 747 4056 pro
765 3992 947 4044 criminalibus
966 3991 1039 4042 laicis
1056 3989 1232 4056 promulgetis
1250 3993 1325 4050 sunt,
1344 3989 1411 4040 nihil

239 4064 384 4117 detractum
404 4079 461 4117 esse
480 4065 512 4116 dc
527 4065 620 4116 termis
631 4071 659 4116 et
671 4063 771 4128 regulis
787 4062 932 4124 cenonicia,
947 4076 1014 4127 quas
1023 4062 1141 4126 proinde
1151 4061 1227 4125 sequi
1240 4061 1352 4111 omnino
1366 4060 1412 4110 de·

238 4136 318 4201 bent,
339 4150 396 4188 non
417 4135 498 4188 modo
512 4137 540 4188 in
559 4136 725 4188 couticiendo
738 4149 864 4200 processu
884 4135 1012 4198 adquam
1031 4137 1151 4198 spectent
1163 4133 1222 4182 bec
1234 4132 1316 4183 verba
1332 4130 1411 4181 edicti

239 4208 281 4260 die
298 4211 313 4260 5
331 4209 484 4260 novembris
503 4223 510 4260 ε
530 4206 605 4260 Nitit
623 4210 767 4267 innovetur,
787 4209 912 4273 qnantum
931 4204 969 4254 cd
982 4203 1084 4270 judicic
1100 4202 1268 4254 ecclesiastico
1279 4202 1412 4268 pertinen

238 4293 332 4332 verum
354 4280 433 4332 etiem
455 4281 484 4332 in
505 4280 592 4346 poenis
614 4278 801 4342 decernendis,
822 4276 1050 4344 quemadmodum
1070 4276 1099 4326 in
1121 4275 1269 4340 eppendice
1290 4273 1411 4338 ejusdem

238 4351 317 4404 edicti
328 4354 366 4403 ite
379 4357 486 4404 centum
498 4355 555 4402 est:
573 4349 723 4402 tribunalia
736 4349 924 4416 jurisdictionis
939 4348 1027 4397 minin
1041 4345 1153 4408 clericos,
1163 4351 1189 4397 et
1200 4359 1323 4410 personne
1338 4344 1412 4394 ecole-

238 4425 354 4474 eieetioos
369 4425 401 4474 ee
416 4424 499 4488 prenae
513 4420 682 4484 mulctabant,
696 4435 760 4486 qnos
777 4420 917 4472 cenandum
935 4432 1044 4470 canones
1059 4419 1085 4468 et
1103 4417 1295 4469 constitutiones
1310 4419 1412 4482 eposio·

240 4493 301 4546 ticos
313 4493 632 4547 intumescentem
647 4495 670 4543 ie
682 4493 772 4544 itidem
785 4493 922 4558 irrogaret.

706 4611 728 4664 t.
747 4612 778 4662 d.
791 4609 867 4662 Card.
884 4609 974 4674 sill,
990 4609 1138 4674 Praefectus.

775 4702 794 4753 l.
810 4699 960 4751 l’atrierohe
974 4698 1294 4764 constantinopolitanus,
1310 4697 1380 4750 Seer.
