3488 5564
532 603 619 648 crana
640 603 792 652 secuncus
814 605 1035 652 coenaremus.
1332 593 1372 656 89

193 727 248 790 tur
260 722 322 788 Dei
341 722 541 808 praesentia;
559 723 588 786 si
606 741 689 790 vero
708 742 811 792 causa
830 744 892 810 pro
914 729 1036 792 neutra
1053 731 1149 812 parte
1171 727 1216 792 sit
1231 725 1369 810 liquida,

192 830 412 915 praesumitur
429 830 596 914 iniustitia
611 832 661 896 rei
676 835 896 912 contumacis,
917 839 1018 919 atque
1032 835 1080 900 ite
1098 840 1202 911 actor,
1219 835 1314 919 quasi
1329 853 1372 898 ex

194 938 345 1006 secundo
367 940 518 1015 decreto,
535 939 681 1005 mittitur
700 941 735 1006 in
756 944 1010 1026 possessionem
1032 945 1201 1010 benorum
1219 944 1279 1020 rei,
1301 941 1373 1008 sola

193 1049 272 1114 huic
286 1049 491 1133 proprietate
508 1048 643 1114 relicta:
656 1052 715 1134 jus
731 1051 828 1116 Rem.
1306 1043 1309 1048 ’

235 1157 265 1240 b)
280 1157 318 1220 ln
332 1158 521 1223 actionibus
530 1159 776 1244 personalibtu,
792 1162 823 1224 l·
834 1161 946 1238 Actor,
960 1163 1062 1226 etiam
1076 1161 1135 1226 lite
1152 1181 1222 1227 non
1239 1165 1373 1228 contes-

194 1269 275 1342 tata,
298 1266 342 1330 cb
362 1267 612 1334 contumaciam
630 1268 691 1346 rei,
707 1269 854 1334 mittitur
871 1270 907 1334 in
928 1271 1182 1354 possessionem
1204 1272 1373 1335 bonorum

194 1377 270 1458 ejus
286 1393 329 1439 ex
342 1375 454 1458 primo
471 1375 618 1452 decreto,
634 1375 756 1442 saltem
769 1395 830 1462 pro
847 1379 1034 1462 quantitate
1052 1378 1167 1443 debiti.
1188 1380 1221 1442 2⁰
1239 1378 1273 1442 Si
1293 1396 1373 1442 reus

193 1482 284 1546 intra
293 1500 423 1546 annum
433 1501 503 1550 non
512 1490 719 1569 compareat,
734 1490 828 1551 actor
841 1487 985 1551 elflcitur
998 1505 1099 1551 verus
1110 1504 1298 1571 possessor,
1313 1485 1373 1550 sed

195 1608 261 1674 ope
276 1591 416 1656 secundi
429 1591 555 1658 decreti
564 1593 699 1677 Judicis.
714 1595 747 1659 3ο
759 1595 920 1680 Sequitur
938 1596 1030 1680 quod
1048 1596 1135 1662 actio
1150 1595 1251 1661 realis
1264 1593 1372 1658 multo

193 1699 414 1766 favorabilior
428 1705 480 1766 est
494 1703 599 1767 actori
614 1722 717 1787 quam
731 1703 931 1788 personalis.

235 1809 263 1890 c)
282 1807 475 1874 Notandum
497 1815 549 1876 est
572 1812 662 1897 qnod
684 1813 802 1878 missio
826 1814 862 1877 in
885 1815 975 1880 bona
994 1813 1045 1879 rei
1067 1832 1138 1878 non
1158 1812 1371 1878 admittitur:

194 1917 228 1982 l·
238 1918 395 1982 incensis
405 1919 647 1998 criminalibus,
661 1940 703 1986 ex
715 1925 792 2007 jure
806 1922 916 2000 Rom.;
928 1941 1051 2008 neque,
1061 1923 1094 1986 i·
1105 1921 1260 1986 incausis
1273 1922 1374 1984 bene-

193 2027 360 2092 ficialibus
376 2029 487 2114 quoad
503 2030 649 2108 titulum,
667 2051 710 2098 ne
725 2031 825 2098 detur
843 2031 987 2098 vitiosus
1002 2033 1178 2114 ingressus
1191 2031 1226 2093 in
1247 2031 1374 2094 beneti-

194 2135 248 2200 cia
261 2136 344 2219 (cap.
362 2155 419 2202 un.
436 2137 470 2200 h.
487 2143 510 2201 t.
527 2139 562 2204 in
577 2139 632 2220 6⁰);
649 2158 761 2224 neque
776 2140 809 2204 3ο
823 2141 859 2205 in
871 2140 982 2206 causis
997 2137 1313 2214 matrimonialibus,
1329 2155 1373 2202 ne

193 2245 314 2310 missio
330 2246 388 2310 liat
402 2246 436 2310 in
451 2247 639 2330 periculum
655 2249 778 2315 animae
792 2269 882 2336 :cap
895 2251 915 2314 3
931 2251 990 2316 flu.
1010 2251 1051 2315 de
1066 2249 1139 2314 Lite
1154 2267 1223 2312 nore
1235 2253 1371 2311 contest.

627 2629 813 2706 TITULUS
844 2631 936 2706 XVI.

432 2789 477 2856 'ur
498 2807 564 2854 trra
586 2808 758 2867 renorma,
781 2809 866 2855 mnu
886 2809 1057 2857 inseveras
1078 2791 1130 2873 (t).

235 3120 268 3198 a)
281 3119 380 3184 Ratio
395 3123 428 3182 et
442 3115 608 3198 objectum
622 3116 724 3198 hujus
740 3117 841 3181 tituli.
859 3117 891 3181 1ο
907 3117 956 3182 Ob
976 3116 1213 3200 exceptionem
1227 3117 1373 3200 positam

191 3227 229 3292 in
246 3225 343 3290 titulo
356 3224 534 3308 superiori,
553 3243 620 3308 qua
633 3224 831 3288 conceditur
844 3225 949 3290 actori
964 3225 1130 3288 immissio
1142 3225 1178 3287 in
1193 3224 1284 3290 bona
1297 3242 1375 3289 con-

194 3334 374 3399 tumaciter
383 3333 544 3408 absentis,
560 3332 704 3396 traditur
714 3333 750 3395 in
762 3333 921 3415 prasenti
934 3331 1053 3413 regula
1066 3331 1251 3414 generalis:
1266 3331 1308 3396 Ut
1317 3333 1374 3396 lite

186 3443 361 3529 pendente
373 3441 460 3506 nibil
479 3443 667 3520 innovetur,
684 3457 807 3524 nempe
821 3459 864 3505 ne
880 3439 956 3525 quis
982 3443 1079 3523 putet
1092 3439 1157 3506 hoc
1170 3439 1374 3523 regulariter

194 3551 269 3616 fleri
284 3569 385 3635 posse
400 3554 436 3615 et
448 3549 576 3633 aliquid
587 3549 755 3624 innovari,
766 3547 825 3612 lite
835 3549 1018 3632 pendente.
1031 3547 1161 3613 Dentur
1172 3552 1288 3613 tamen
1300 3545 1374 3612 aliae

196 3659 415 3744 exceptiones
437 3659 516 3723 huic
538 3657 665 3740 regulae
686 3656 849 3740 generali,
872 3661 911 3720 ut
931 3655 1123 3722 videbimus
1138 3657 1174 3720 in
1198 3656 1303 3720 titulis
1323 3675 1375 3722 se-

196 3769 380 3852 quentibus
393 3771 428 3831 et
441 3765 515 3832 aliis
529 3765 565 3830 in
577 3765 671 3830 locis.

236 3876 269 3938 2⁰
292 3874 372 3939 Litis
389 3873 573 3957 pendentia
597 3877 650 3938 est
673 3871 805 3938 duratio
829 3861 1070 3936 controversiae
1092 3872 1182 3936 inter
1206 3871 1292 3935 duos
1320 3871 1376 3936 vel

195 3983 312 4070 plures
335 3986 437 4046 mota
459 3985 493 4046 et
516 3981 552 4046 in
573 3979 740 4064 judicium
759 3979 913 4044 adduotae
935 3998 1038 4062 super
1060 3980 1173 4064 eliqua
1191 3997 1245 4055 re,
1268 3979 1376 4044 donec

197 4092 400 4156 terminetur
409 4089 529 4154 ultima
543 4088 714 4154 sententia
724 4087 908 4164 definitiva,
921 4106 1018 4172 aqua
1028 4087 1169 4152 ulterius
1184 4105 1254 4152 non
1265 4086 1375 4169 appel-

195 4201 296 4276 latur,
314 4198 368 4264 vel
383 4198 621 4274 transactione,
635 4201 696 4262 aut
708 4195 774 4262 alio
789 4196 892 4262 modo
909 4215 976 4280 quo
990 4195 1157 4279 judicium
1171 4195 1261 4258 ssniri
1276 4193 1373 4260 solet.

237 4309 269 4372 3ο
293 4307 466 4372 inducitur
488 4305 556 4370 litis
578 4305 762 4390 pendentia
784 4324 845 4389 per
864 4305 1016 4370 libellum
1037 4303 1143 4387 judici
1165 4302 1317 4368 oblatum
1342 4308 1376 4368 et

195 4417 393 4483 citationem
407 4413 556 4480 validam
568 4414 804 4497 acompetenti
813 4413 927 4496 judice
940 4414 1075 4488 iactam,
1087 4431 1163 4496 quse
1178 4411 1221 4478 ad
1234 4411 1375 4476 citatum

195 4531 275 4592 actu
291 4524 448 4610 pervenit
462 4522 517 4588 vel
531 4521 754 4606 pervenisset,
773 4522 838 4586 nisi
853 4517 928 4604 ej'us
948 4522 1037 4587 lacto
1058 4520 1180 4584 luisset
1193 4519 1373 4603 impedita;

230 4679 263 4742 tl)
276 4678 324 4730 Jus
335 4677 386 4728 eir.
399 4675 455 4741 agit
465 4675 499 4726 de
510 4673 561 4724 bac
572 4670 683 4724 mauris
696 4673 724 4722 in
737 4672 872 4736 Pendeat,
886 4673 934 4724 lib.
948 4673 1032 4738 xilv,
1047 4671 1087 4724 tit.
1102 4683 1147 4734 vr;
1162 4671 1190 4722 in
1204 4669 1279 4734 Cod,
1294 4669 1340 4722 lib.
1354 4671 1374 4734 l,

196 4761 310 4822 titur,
325 4763 352 4810 et
364 4755 509 4822 prasertim
523 4752 703 4818 navitatis.
718 4763 828 4816 xxxvia
844 4753 910 4806 Nor.
927 4755 980 4816 tte,
995 4767 1019 4804 e.
1036 4758 1059 4806 t.
