3504 5566
498 595 586 644 trusa
607 595 760 644 sacunuus
780 597 1001 644 usonarauuu.
1297 581 1336 644 97

209 717 237 778 't‘
249 713 391 780 Necesse
413 715 467 779 est
488 718 528 778 ut
544 715 605 780 flat
631 732 734 798 super
750 733 788 778 re
812 718 905 780 certa
925 713 1039 797 quoad
1058 714 1284 779 substantiam
1302 720 1337 778 et

175 825 386 905 quantitatem
400 827 502 906 atque
514 821 672 903 litigiosa.

206 931 235 994 80
244 931 438 1014 Requiritur
449 935 616 1014 praeterea
631 934 669 993 ut
686 932 856 996 confessio
876 949 946 995 uon
967 935 1136 1018 repugnet
1156 930 1263 994 volori
1278 935 1338 995 aut

171 1039 307 1104 libertati
330 1039 548 1115 matrimonii,
575 1039 655 1124 quia
668 1039 696 1102 si
719 1039 855 1122 probari
879 1043 993 1122 potest
1017 1038 1236 1114 contrarium,
1266 1056 1336 1104 uon

172 1147 253 1212 valet
265 1147 435 1213 confessio
449 1150 569 1213 contra
579 1145 773 1211 libertatein
786 1151 846 1211 aut
859 1147 1012 1211 valorem
1026 1146 1245 1210 matrimonii.

204 1257 235 1320 9⁰
252 1255 401 1322 Tandem
427 1273 567 1319 necesse
592 1259 645 1317 est
672 1259 710 1317 ut
728 1254 936 1336 confessioni
961 1273 1025 1318 nec
1048 1257 1104 1335 jus
1126 1271 1190 1318 nec
1207 1261 1338 1319 ¹natura

170 1369 339 1446 repugnet.

569 1481 600 1530 11.
618 1477 723 1532 Divisio
736 1478 931 1532 confessionis.

203 1613 233 1696 o)
247 1611 305 1678 Ea
322 1621 423 1698 purte
445 1612 540 1677 modi
562 1631 629 1698 quo
652 1614 702 1688 tlt,
728 1611 968 1698 quadrifariam
988 1613 1091 1678 dividi
1118 1614 1204 1678 solet
1227 1635 1235 1676 :
1257 1615 1287 1678 10
1301 1615 1336 1679 in

164 1719 357 1800 judicialem
382 1727 418 1786 et·
438 1721 732 1804 catrujadicr'alem
758 1725 860 1806 prout
881 1721 921 1784 m
944 1720 979 1785 in
1000 1721 1148 1804 judicic,
1183 1721 1255 1786 sive
1279 1740 1338 1786 ore

167 1829 233 1896 sive
247 1832 327 1896 facti
347 1831 519 1896 evidentia
535 1835 594 1895 aut
608 1849 651 1895 ex
669 1829 946 1914 presumptione,
972 1829 1026 1893 vel
1045 1833 1141 1894 extra
1152 1831 1336 1913 judicium;

166 1938 195 2002 ᾖ·
217 1940 251 2004 in
275 1940 455 2004 albaretum
483 1957 544 2004 seu
567 1939 840 2015 determinatam,
863 1956 938 2020 quae
960 1938 999 2000 flt
1020 1957 1098 2002 cum
1119 1939 1337 2022 expressione

164 2065 269 2116 causae
286 2067 329 2111 ex
344 2067 411 2132 qua
425 2051 500 2112 orta
512 2051 564 2112 est
579 2045 740 2128 obligatio
755 2067 762 2109 :
778 2066 810 2110 v.
828 2066 862 2128 g.
879 2046 987 2112 debeo
1007 2051 1145 2111 centum
1157 2065 1281 2112 aureos
1296 2065 1339 2111 ex

164 2162 298 2231 mutuo;
322 2160 356 2219 ct
369 2155 596 2234 indiscretam,
621 2173 697 2238 quae
712 2155 870 2236 generice
887 2159 1019 2220 tantum
1043 2155 1201 2239 exprimit
1213 2155 1338 2238 obliga·

163 2263 300 2340 tionem
318 2268 353 2325 et
365 2264 493 2346 absque
510 2263 685 2327 mentione
699 2280 810 2327 causae
827 2261 1021 2344 obligantis,
1036 2282 1068 2326 v.
1087 2282 1119 2344 g.
1139 2263 1246 2328 debeo
1261 2281 1339 2328 cen-

163 2377 249 2448 tum;
272 2371 307 2433 30
328 2370 363 2435 in
387 2371 571 2455 simplicem
592 2376 626 2434 et
648 2371 1014 2454 quolz'ficutam:prior
1037 2375 1089 2434 est
1110 2371 1145 2436 in
1161 2390 1228 2455 qua
1246 2370 1340 2454 nulla

162 2480 329 2544 restrictio
342 2479 558 2562 adjungitur3
574 2479 680 2544 altera
695 2477 893 2563 astraque,
915 2498 976 2562 per
994 2479 1243 2563 appositionem
1258 2499 1339 2564 qua·

161 2586 261 2654 litatis
279 2587 561 2662 velconditionis,
577 2586 745 2651 restrictio
760 2586 907 2662 additur,
923 2606 955 2650 v.
973 2605 1007 2668 g.
1023 2587 1139 2662 occidi,
1156 2587 1340 2652 seddelen-

162 2696 264 2761 sionis
283 2713 403 2772 causs;
429 2695 462 2758 40
477 2695 719 2780 inexpressum
734 2714 935 2774 aencorum,
952 2714 1027 2778 quae
1040 2696 1078 2759 tlt
1092 2695 1197 2760 verbo
1213 2695 1268 2760 vel
1281 2695 1340 2761 ali-

162 2823 225 2888 quo
236 2805 340 2886 signo
354 2803 581 2886 aequivalenti,
597 2808 632 2866 ot
645 2803 785 2866 tacitum
795 2821 856 2867 seu
871 2802 1245 2886 quasi-confessionem,
1264 2823 1338 2887 quae

162 2929 202 2976 ex
216 2911 334 2995 aliquo
348 2911 437 2975 facto
452 2909 594 2986 elicitur,
612 2914 646 2975 et
660 2913 768 2994 ajure
785 2910 927 2991 fingitur
940 2911 1177 2975 intervenisse.

199 3021 228 3102 d)
247 3019 307 3084 Ec
324 3027 424 3103 porte
446 3018 568 3099 objecti
582 3026 695 3104 potest
720 3037 788 3082 csse
807 3019 913 3104 pleno
936 3019 992 3083 vel
1019 3019 1214 3102 semipleno,
1240 3026 1341 3102 prout

159 3133 253 3194 actor
277 3127 460 3192 confltetur
483 3125 598 3191 omnia
612 3131 730 3191 contra
744 3144 780 3190 se
793 3127 978 3210 proposita,
991 3126 1047 3191 vel
1061 3125 1192 3209 aliquos
1207 3131 1341 3192 tantum

159 3235 323 3300 articulos
347 3239 407 3300 aut
422 3233 611 3318 positiones
635 3253 710 3318 quae
730 3234 765 3296 in
778 3232 893 3298 libello
914 3234 1141 3298 continentur.
1169 3234 1253 3312 Quid
1280 3255 1340 3318 per

159 3345 369 3425 positionem
383 3348 417 3405 et
431 3341 610 3408 articulum
625 3341 844 3422 intelligatur,
857 3341 945 3406 infra
958 3345 973 3420 ᾗ
987 3341 1007 3404 l
1022 3341 1275 3424 explicabimus.

526 3569 590 3643 §ll
607 3567 684 3640 Quid
697 3568 801 3641 probet
816 3565 984 3639 consessio?

197 3745 232 3827 u)
249 3741 427 3808 Confessio
441 3739 611 3824 judicialis
624 3738 861 3822 facitplenam,
877 3737 947 3802 imo
959 3737 1204 3822 plenissimam,
1221 3741 1340 3823 proba·

160 3855 304 3932 tionem,
322 3873 398 3938 quae
423 3857 521 3917 sanat
534 3869 674 3916 omnem
690 3851 860 3915 defectum
872 3869 1052 3934 processus
1062 3851 1240 3934 judiciarii.
1258 3851 1339 3916 Inde

159 3965 191 4028 l⁰
206 3963 298 4028 tollit
309 3959 614 4045 praesumptionem
634 3959 722 4042 juris
737 3963 772 4021 et
786 3958 924 4040 dejure,
942 3959 989 4022 ita
1001 3964 1039 4022 ut
1052 3965 1170 4023 contra
1183 3959 1270 4024 hanc
1284 3960 1340 4024 ad-

157 4072 318 4135 mittatur
332 4068 468 4153 propria
488 4066 667 4142 consessio,
691 4066 771 4130 licet
790 4064 884 4129 nulla
897 4065 964 4128 alia
977 4066 1131 4147 probatio
1146 4066 1337 4149 recipiatur.

157 4179 190 4240 2⁰
205 4177 351 4242 Relevat
363 4180 515 4248 actorem
528 4175 571 4239 ab
591 4192 695 4238 onere
708 4173 884 4258 probandi.
909 4173 942 4236 30
957 4171 1089 4237 inducit
1102 4175 1274 4238 notorium
1287 4178 1340 4258 ju·

157 4285 217 4362 ris,
243 4289 280 4348 et
292 4283 371 4348 ideo
395 4281 571 4366 praecludit
585 4281 677 4346 viam
697 4279 925 4365 appellationi.
943 4279 974 4342 40
989 4279 1061 4343 Vim
1075 4281 1178 4345 habet
1193 4283 1241 4346 rei
1251 4283 1341 4364 ,iudi—

158 4399 257 4458 catae.
275 4391 403 4456 Tamen
418 4390 454 4453 in
466 4388 697 4453 criminalibus
711 4405 801 4464 reus,
819 4387 861 4451 de
874 4405 911 4450 se
924 4387 1102 4452 consessus
1115 4389 1255 4466 crimen,
1271 4408 1341 4454 uon

158 4501 310 4564 babetur
323 4496 561 4581 prejudicato,
577 4495 642 4560 nisi
656 4499 791 4560 constet
805 4494 847 4558 de
861 4512 1003 4578 corpore
1023 4493 1145 4572 delicti,
1163 4501 1197 4560 et
1210 4515 1252 4562 ex
1267 4496 1341 4560 aliis

158 4607 422 4692 probationibus
446 4608 547 4688 atque
562 4601 695 4667 indiciis
711 4601 880 4668 sententia
894 4601 1070 4668 definitiva
1082 4604 1212 4669 teratur
1224 4610 1343 4670 contra

160 4733 275 4778 reum.

307 4841 340 4884 u.
1183 4823 1200 4886 'i
