3440 5568
387 527 448 591 640
848 541 899 589 ius
920 539 1104 590 canonicari.

423 665 468 720 re.
494 665 537 720 dn
562 659 594 718 in
618 659 800 733 supradietis
824 661 965 720 ecclesiis
992 660 1124 734 publicis
1147 657 1425 717 confraternitatum
1448 652 1564 730 possint

387 751 489 810 haberi
509 750 637 824 publicae
655 751 829 820 conciones,
844 749 934 808 etiam
949 765 1003 824 per
1017 754 1113 810 lotum
1129 763 1254 807 cursum
1269 745 1506 822 quadragesima
1521 741 1562 800 vel

387 843 545 908 adventus,
569 857 639 900 cum
664 841 786 900 licentia
808 840 956 900 ordinarii
982 847 1012 898 et
1034 839 1148 914 absque
1171 837 1292 897 licentia
1312 835 1457 912 parochi?
1477 837 1562 904 iicsp.

389 932 583 990 affirmative.

426 1026 469 1079 19.
493 1024 537 1078 du
561 1021 592 1078 in
616 1020 724 1080 iisdem
745 1021 882 1080 ecclesiis
906 1020 1006 1094 possit
1027 1017 1169 1078 celebrari
1195 1017 1301 1088 missa,
1326 1015 1389 1074 sire
1408 1013 1483 1071 lecta
1504 1011 1565 1068 siue

389 1115 517 1182 cauata
533 1115 601 1168 ante
620 1110 747 1168 missam
767 1109 977 1183 parochialem,
995 1109 1058 1168 sive
1077 1109 1183 1167 lectam
1205 1108 1268 1166 sive
1288 1103 1459 1166 cantatam?
1478 1105 1563 1174 llesp.

390 1202 540 1276 negative,
556 1200 617 1258 nisi
632 1200 717 1259 aliter
731 1201 892 1274 episcopus
904 1198 1056 1272 disponat.

426 1294 470 1348 2⁰.
486 1293 530 1348 hn
545 1289 581 1348 ad
597 1289 760 1362 parochum
776 1294 891 1362 spectet
905 1287 1001 1347 facere
1015 1287 1150 1346 officium
1169 1285 1294 1345 funebre
1314 1297 1406 1357 super
1419 1281 1566 1341 cadaveri·

390 1379 449 1437 bus
465 1379 646 1452 sepeliendis
662 1380 692 1437 in
709 1395 789 1453 saepe
805 1379 894 1438 dietis
908 1378 1044 1438 ecelesiis
1057 1384 1087 1436 et
1105 1377 1246 1436 oratoriis
1265 1374 1394 1449 publicis
1408 1373 1567 1432 confrater-

391 1469 540 1527 nitatum?
559 1471 648 1542 Resp.
660 1469 852 1540 affirmative,
867 1469 989 1543 quando
1006 1467 1202 1526 tumulandus
1213 1465 1426 1539 estsubJ'ectus
1438 1462 1567 1537 parocho

391 1559 470 1618 intra
484 1559 573 1632 cujns
588 1559 665 1617 fines
680 1565 727 1618 est
741 1559 868 1618 ecclesia
882 1559 930 1618 vel
943 1558 1118 1618 oratorium.

427 1653 472 1706 at.
492 1651 537 1707 hu
554 1648 634 1707 intra
652 1647 798 1707 ambitum
816 1649 989 1708 earumdem
1010 1647 1207 1706 ecclesiarum
1226 1645 1291 1704 lieri
1312 1645 1431 1718 possint
1451 1657 1569 1717 proces·

392 1739 506 1810 sienae,
519 1739 607 1813 Juxta
620 1740 770 1814 cujusque
788 1739 1044 1798 confraternitatis
1063 1737 1247 1807 institutum,
1267 1735 1383 1810 absque
1402 1733 1570 1794 interventu

392 1829 437 1886 rel
453 1828 574 1886 licentia
587 1828 729 1902 parochi?
744 1833 834 1902 Resp.
848 1827 1042 1888 affirmative.

427 1921 474 1976 tn.
495 1921 539 1976 Aa
562 1919 673 1977 eaedem
696 1919 909 1992 processiones
931 1919 995 1977 deri
1015 1919 1135 1993 possint
1155 1925 1239 1978 extra
1259 1917 1404 1976 ambitum
1426 1917 1570 1975 dirarum

393 2006 589 2065 ecclesiarum
608 2006 723 2080 absque
742 2007 863 2065 licentia
878 2007 997 2065 illorum
1018 2008 1216 2080 parochorum
1238 2022 1291 2080 per
1309 2001 1572 2082 quorum'territo-

396 2096 474 2154 rium
503 2095 722 2156 transeundum
746 2099 813 2154 est?
839 2099 929 2170 hosp.
953 2097 1105 2172 Negatire,
1129 2097 1190 2156 nisi
1214 2097 1334 2156 adesset
1362 2096 1483 2156 licentia
1514 2096 1574 2168 epi-

397 2187 494 2260 scopi.

431 2279 477 2335 23.
496 2279 541 2336 hn
561 2279 593 2336 in
611 2277 701 2338 dictis
724 2277 973 2352 processionibus
995 2279 1140 2354 capellani
1162 2280 1440 2340 confraternitatum
1456 2279 1574 2353 possint

396 2366 511 2425 deferre
526 2367 654 2426 stolam?
667 2371 757 2441 llesp.
773 2369 924 2444 Negative,
940 2375 1025 2428 extra
1039 2370 1189 2443 propriam
1210 2369 1379 2429 ecclesiam.

433 2462 480 2516 al.
504 2461 548 2516 hn
571 2458 714 2531 episcopo
733 2457 886 2516 accedenti
907 2457 944 2516 ad
965 2458 1108 2518 ecclesias
1130 2459 1269 2532 publicas
1289 2461 1574 2526 confraternitatum,

381 2559 465 2628 'qua
481 2560 541 2606 nou
558 2547 620 2606 sint
639 2547 824 2621 regularium
847 2562 944 2620 neque
964 2548 1118 2622 proprium
1139 2553 1284 2607 rectorem
1302 2548 1515 2608 beneficiatum
1527 2549 1575 2605 ba·

398 2635 497 2706 beant,
511 2636 727 2710 porrigendum
742 2643 787 2696 est
800 2637 1005 2708 aspersorium
1021 2653 1039 2695 a
1053 2637 1184 2711 parocho
1196 2637 1227 2696 in
1242 2639 1330 2713 cuius
1348 2638 1499 2696 territorio
1514 2639 1575 2697 sita

397 2731 469 2783 sunt
484 2724 571 2782 dictae
586 2723 739 2783 ccclesiae?
753 2727 843 2796 Resp.
856 2726 1008 2799 Negotiis,

402 2887 405 2895 Ι
434 2817 480 2870 25.
495 2812 668 2870 Declaratur
677 2811 842 2884 parochum
857 2825 918 2869 non
933 2827 1024 2886 posse
1037 2829 1147 2890 cogere
1157 2815 1435 2874 confraternitatum
1448 2821 1577 2874 rectores

398 2909 427 2961 et
440 2901 612 2975 capellanos
626 2901 663 2960 ad
676 2901 881 2960 assistendum
896 2901 1104 2961 functionibus
1118 2905 1255 2963 ccclesia
1269 2905 1458 2978 parochialis.

435 2995 479 3049 26.
496 2995 529 3049 tn
544 2991 680 3060 ecclesiis
699 2990 977 3050 confraternitatum
996 3007 1094 3067 nequa
1109 2993 1333 3066 parochialibus
1346 3009 1444 3068 neque
1463 2995 1578 3070 regulo·

305 3069 308 3075 ’
400 3081 485 3140 ribus
508 3080 614 3153 nequit
633 3081 754 3138 retineri
774 3083 825 3139 SS.
841 3082 1038 3141 Eucharistiae
1061 3089 1282 3143 sacramentum
1303 3083 1370 3143 sine
1391 3085 1515 3158 speciali
1537 3086 1579 3142 in·

401 3170 485 3230 dulto
500 3170 585 3230 Sedis
599 3170 789 3242 apostolica.

437 3263 483 3318 at.
498 3261 533 3318 Et
546 3259 768 3332 presupposito
782 3259 839 3318 hoc
854 3259 982 3333 indutio,
999 3263 1104 3338 nequit
1116 3263 1225 3337 exponi
1241 3263 1359 3336 publice
1376 3263 1443 3322 sine
1462 3261 1579 3322 licentia

402 3348 556 3408 ordinarii.

438 3443 483 3498 18.
499 3438 653 3498 Parochus
677 3440 782 3513 nequit
801 3455 834 3498 se
853 3440 990 3515 ingerere
1011 3441 1043 3499 in
1062 3442 1324 3501 administratione
1342 3442 1532 3508 oblationum
1553 3443 1579 3499 in

402 3529 539 3588 ecclesiis
553 3529 833 3588 confraternitatum
849 3531 1054 3590 collectarum.

438 3623 481 3676 tlt.
498 3621 543 3676 An
560 3619 592 3676 in
611 3619 740 3677 ecclesia
759 3619 921 3691 parochiali
936 3620 1103 3680 confratres
1121 3623 1168 3680 rel
1187 3637 1292 3682 eorum
1306 3623 1452 3696 capellani
1467 3622 1582 3680 immis-

404 3721 470 3765 cere
485 3722 518 3766 se
534 3708 663 3778 valeant,
678 3708 773 3767 inrito
787 3710 928 3782 parocho,
944 3711 976 3768 in
991 3711 1127 3784 ejusdem
1142 3713 1277 3772 ecclesie
1296 3712 1507 3772 functionibus
1523 3712 1582 3770 sirc

404 3797 625 3871 parochialibus
634 3798 704 3856 sive
718 3813 780 3856 non
792 3799 1035 3872 parochialibus?
1049 3804 1139 3875 Resp.
1155 3803 1307 3878 Negaiire.

440 3891 485 3945 30.
504 3891 549 3946 hu
571 3889 841 3960 confraternitates,
856 3891 919 3948 sive
935 3891 997 3949 sint
1016 3897 1121 3950 erecta
1138 3893 1169 3950 in
1192 3891 1320 3951 ecclesia
1339 3892 1502 3966 parochiali
1523 3893 1584 3950 sire

405 3985 489 4036 extra
502 3978 595 4050 illam,
614 3979 735 4052 possint
751 3993 805 4052 pro
827 3979 914 4038 libitu
936 3985 966 4038 et
983 3981 1073 4054 juxta
1088 3981 1330 4055 uniuscujusque
1347 3981 1512 4055 peculiaria
1527 3986 1583 4038 sta·

406 4073 480 4136 tuta,
496 4069 747 4142 congregationes
769 4083 842 4127 suas
864 4069 974 4138 facere,
995 4069 1111 4144 absque
1134 4069 1304 4128 interventu
1327 4071 1373 4129 vel
1392 4071 1515 4130 licentia
1535 4085 1585 4144 pa-

406 4157 487 4216 rochi
497 4157 512 4213 ‘l
523 4161 611 4232 Resp.
622 4157 816 4230 affirmative,
828 4158 992 4218 dummodo
1004 4173 1064 4217 non
1080 4159 1245 4232 impediant
1260 4161 1431 4220 functiones
1446 4165 1475 4220 et
1486 4161 1585 4219 divina

408 4246 517 4305 officia.

442 4341 487 4395 31.
511 4341 554 4395 hu
583 4338 705 4410 possint
730 4339 851 4411 propria
873 4337 954 4398 bona
981 4338 1193 4398 administrare
1216 4355 1252 4402 ae
1275 4340 1312 4400 de
1339 4341 1403 4400 illis
1427 4341 1585 4414 disponere

406 4429 519 4502 absque
532 4427 595 4488 ulla
608 4429 807 4504 dependentia
822 4446 840 4488 a
854 4431 1009 4504 parocho?
1023 4433 1114 4504 hosp.
1129 4429 1326 4490 affirmative.

441 4523 497 4579 lus
518 4534 677 4578 commune
696 4521 776 4578 favet
795 4523 936 4594 parocho,
958 4522 1006 4581 cui
1028 4521 1172 4596 privative
1192 4521 1322 4594 pertinet
1335 4527 1469 4580 extrema
1487 4533 1585 4578 sacra·

407 4615 508 4668 menta
523 4611 695 4668 ministrare
716 4611 796 4668 intra
809 4611 920 4670 limites
936 4627 1000 4671 suae
1014 4611 1163 4685 parochiae
1178 4619 1208 4670 et
1224 4613 1331 4671 funera
1349 4612 1520 4686 absoluere;
1536 4609 1585 4669 sed

406 4701 629 4760 conservatoria
657 4699 903 4772 ajurisdictione
931 4701 1093 4774 parochiali
1122 4703 1212 4761 eximi
1245 4701 1586 4776 possunt„dummodo
