3504 5566
575 483 582 520 Ι

573 581 660 624 traua
683 581 810 626 TERTIUS
831 581 1054 645 reubarbarum.

587 767 606 815 1.
625 765 666 816 De
680 764 852 818 rectitudine
866 763 1043 818 intentionis.

265 904 302 968 ln
317 923 358 968 eo
377 903 569 986 generatim
583 904 739 970 consistit
763 909 801 969 ut
815 903 958 970 clericus
977 904 1021 970 ad
1040 903 1179 968 ordines
1192 907 1227 968 et
1241 901 1408 966 beneficia

227 1012 453 1078 ecclesiastiea
474 1011 511 1076 'se
525 1013 722 1096 promoveri
741 1017 847 1088 curet,
867 1011 1016 1077 obeundi
1039 1012 1091 1076 sui
1107 1011 1210 1076 offleii
1224 1009 1407 1094 spiritualis

227 1125 261 1184 ct
274 1120 391 1202 gloriae
407 1120 531 1184 divinae
554 1121 799 1204 promovendae
822 1121 942 1204 gratia,
959 1139 1029 1185 non
1051 1125 1169 1185 autem
1183 1117 1407 1185 emolumenti

228 1227 424 1311 temporalis
435 1227 491 1292 vel
504 1227 648 1311 alicujus
664 1227 839 1310 dignitatis
854 1227 1211 1312 externaeoupiditate.
1226 1226 1408 1291 Undecon-

227 1335 344 1399 cilium
361 1335 448 1398 Trid.
465 1335 561 1418 (sess.
577 1336 627 1412 dt,
642 1353 671 1400 o.
692 1336 722 1418 l)
738 1340 833 1403 vetat
849 1354 919 1401 non
934 1339 1069 1400 tantum
1085 1335 1272 1410 ordinibus,
1290 1333 1350 1398 sed
1374 1337 1408 1397 et

226 1445 337 1528 prima
349 1449 491 1510 tonsura
504 1445 629 1509 initiari
645 1445 721 1511 illos
734 1445 775 1510 de
789 1446 912 1529 quibus
926 1445 1111 1530 probabilis
1127 1447 1324 1528 conjectura
1337 1460 1408 1508 non

227 1557 280 1618 est
289 1571 349 1618 eos
360 1557 399 1618 ut
412 1533 550 1618 ildelem
564 1554 774 1618 Deouultum
786 1553 1024 1638 praestenthoc
1035 1554 1115 1618 vitae
1125 1570 1236 1634 genus
1249 1551 1405 1634 elegisse.

266 1660 360 1725 Unde
375 1661 409 1744 a)
424 1661 542 1746 quoad
558 1662 726 1742 terrestria,
741 1661 999 1747 promovendus
1013 1663 1044 1724 ι’
1059 1661 1103 1726 ad
1125 1659 1330 1726 beneficium
1350 1677 1409 1742 pa-

227 1768 384 1845 rochiale,
402 1769 430 1833 si
454 1768 610 1834 nondum
632 1771 676 1834 sit
699 1772 888 1854 presbyter,
904 1769 1006 1834 debet
1026 1770 1154 1834 habere
1180 1767 1408 1832 intentionem

228 1878 352 1942 seriam
366 1881 540 1942 etcertum
556 1878 762 1962 suscipiendi
777 1879 1064 1962 presbyteratum,
1080 1877 1127 1940 ita
1144 1879 1193 1952 ut,
1207 1879 1307 1958 juxta
1321 1874 1409 1939 mul-

229 1989 292 2060 tos,
307 2003 376 2050 non
397 1985 524 2050 faceret
545 1985 675 2050 fruetus
695 2004 787 2062 suos,
809 1987 837 2050 si
858 1984 1062 2050 beneficium
1081 1982 1272 2068 parochiale
1294 2001 1409 2066 accep·
1453 2018 1458 2029 ·

229 2097 316 2157 taret
335 2093 410 2156 sine
432 2092 495 2157 hae
519 2093 721 2158 intentione.
737 2094 770 2157 ⁶2⁰
787 2094 849 2170 Qui
867 2094 940 2157 sine
955 2094 1019 2158 hac
1031 2092 1221 2156 intentione
1242 2091 1410 2173 reciperet

228 2199 430 2282 dignitatem
440 2199 494 2264 cui
505 2217 588 2264 cura
601 2201 794 2266 animarum
804 2218 874 2267 non
891 2205 943 2264 est
956 2217 1102 2276 annexa,
1119 2217 1234 2264 coram
1242 2197 1318 2262 ileo
1332 2215 1409 2282 pec

228 2313 328 2385 caret,
346 2307 405 2372 sed
420 2326 491 2373 non
505 2313 682 2373 teneretur
694 2309 825 2374 fructus
840 2310 1033 2385 restituere,
1047 2307 1169 2374 saltem
1179 2311 1259 2372 ante
1274 2310 1408 2370 senten-

229 2417 320 2482 tiam.
338 2416 518 2482 Pensatum
539 2416 622 2482 illud
640 2419 858 2482 communius
872 2419 1020 2482 babetur
1032 2420 1072 2480 ut
1093 2415 1249 2481 mortale.
1267 2415 1300 2478 3⁰
1316 2413 1407 2478 Side

228 2525 393 2589 beneflcio
418 2523 572 2608 simplici,
601 2525 692 2608 quod
718 2525 874 2590 ordinem
898 2541 1033 2589 sacrum
1056 2542 1231 2588 annexum
1253 2523 1405 2596 haberet,

229 2634 392 2716 queritur
406 2637 522 2697 utrum
536 2633 704 2716 resipiens
719 2632 802 2697 illud
816 2633 889 2697 sine
905 2634 1020 2699 animo
1034 2631 1240 2715 suscipiendi
1251 2630 1408 2696 ordinem

229 2741 442 2825 requisitum,
459 2739 669 2822 obligaretur
688 2740 732 2805 ad
748 2741 1001 2805 restitutionem
1014 2741 1189 2805 fructuum
1206 2757 1292 2824 quos
1308 2757 1351 2802 ex
1366 2757 1408 2803 eo

229 2849 402 2932 percepit?
416 2848 548 2930 Negant
561 2847 677 2931 aliqui,
693 2865 734 2912 eo
751 2847 842 2931 quod
862 2847 899 2910 in
919 2850 998 2930 jure
1013 2851 1136 2928 agatur
1151 2847 1192 2912 de
1205 2844 1407 2911 beneficiato

229 2955 411 3039 parochiali
427 2959 570 3020 tuntum.
588 2955 654 3021 Sed
665 2957 765 3038 juxta
777 2954 971 3040 plerosque,
984 2959 1141 3040 peccaret
1154 2955 1314 3036 graviter,
1329 2953 1409 3038 quia

229 3065 265 3128 in
274 3083 312 3128 re
325 3063 422 3146 gravi
437 3067 529 3127 earet
542 3063 734 3128 intentione
748 3063 908 3128 servandi
920 3066 988 3147 jus.

270 3171 299 3254 d)
315 3171 439 3252 Quoad
460 3171 605 3250 ordiner,
622 3170 786 3254 quaeritur
808 3188 853 3234 an
877 3175 912 3234 et
935 3170 1108 3256 quomodo
1132 3173 1249 3254 peccet
1268 3170 1325 3254 qui
1343 3171 1408 3254 pri-

230 3301 321 3348 mam
335 3288 512 3350 tonsuram
533 3282 590 3346 vel
608 3283 759 3349 minores
784 3283 922 3348 ordines
944 3283 1111 3366 reciperet
1130 3284 1203 3348 sine
1217 3281 1407 3346 intentione

231 3393 452 3476 permanendi
467 3392 503 3455 in
526 3391 706 3456 clericatu?
724 3391 805 3455 Tres
829 3395 910 3455 sunt
928 3391 1119 3474 opiniones.
1135 3391 1236 3456 Juxta
1248 3390 1406 3474 primam,

230 3505 385 3584 peccaret
402 3500 609 3575 mortaliter,
638 3521 682 3564 ex
701 3501 845 3586 paritate
866 3519 946 3565 cum
969 3520 1009 3566 eo
1036 3501 1094 3585 qui
1108 3500 1258 3582 religiosi
1279 3499 1408 3565 ordinis

230 3610 434 3674 novitiatum
456 3609 656 3692 ingreditur,
673 3611 788 3676 animo
803 3628 873 3675 non
885 3610 1079 3694 profitendi,
1104 3609 1164 3674 sed
1185 3609 1229 3674 ad
1244 3607 1408 3672 saeculum

229 3717 405 3782 redeundi.
432 3719 625 3784 Secundum
652 3719 747 3796 alios,
769 3720 812 3784 ab
835 3721 930 3784 omni
944 3719 1044 3802 culpa
1059 3718 1303 3791 absolveretur,
1321 3717 1349 3778 si
1366 3735 1409 3780 ex

229 3827 421 3892 rationabili
445 3845 549 3892 causa
566 3827 600 3891 id
624 3828 736 3904 faciat,
752 3847 785 3891 v.
799 3846 833 3909 g.
851 3832 889 3892 ut
910 3829 954 3892 sit
975 3846 1083 3911 capax
1104 3824 1350 3910 jurisdictionis
1374 3823 1409 3887 in

229 3933 370 4000 elericos
386 3937 596 4002 exercendae.
615 3936 835 4002 communior
857 3937 996 4002 tandem
1016 3935 1186 4000 sententia
1210 3937 1305 3998 tenet
1326 3931 1409 3998 illud

230 4062 300 4110 non
314 4061 436 4110 vacare
451 4044 550 4128 culpa
564 4045 690 4111 veniali
705 4066 712 4108 :
730 4048 782 4110 est
802 4045 894 4110 enim
913 4044 1023 4128 culpa,
1039 4049 1078 4108 ut
1096 4047 1230 4108 constat
1244 4061 1287 4106 ex
1298 4041 1409 4126 prohi-

231 4153 357 4219 bitione
379 4151 412 4218 C.
430 4153 517 4218 Trid.
534 4174 541 4216 :
558 4154 703 4219 venialis
724 4158 841 4220 autem
867 4159 930 4230 est,
951 4154 1040 4238 quia,
1057 4171 1101 4218 ex
1124 4170 1194 4217 uua
1214 4155 1322 4234 parte,
1339 4167 1409 4213 non

230 4260 328 4325 adest
350 4265 559 4344 praeceptum
584 4261 796 4343 rigorosum3
814 4279 858 4326 ex
878 4261 995 4338 altera,
1011 4277 1082 4326 non
1107 4263 1160 4324 est
1181 4259 1308 4342 paritas
1330 4275 1409 4322 cum

231 4367 405 4450 religionis
419 4369 560 4446 novitio,
578 4369 636 4454 qui
649 4369 685 4433 in
698 4387 736 4433 re
749 4370 847 4451 gravi
861 4368 986 4453 decipit
998 4366 1188 4452 praelatum.

524 4571 554 4622 11.
574 4572 613 4621 be
628 4567 731 4621 anima
746 4569 776 4621 et
789 4567 970 4622 conscientie
985 4566 1117 4631 puritate.

272 4717 304 4790 a)
320 4711 411 4776 Hanc
426 4715 561 4794 oportet
576 4729 651 4776 esse
667 4711 863 4787 maximam,
873 4711 921 4775 ita
932 4713 970 4774 ut
982 4711 1025 4775 ab
1040 4708 1134 4773 omni
1149 4707 1250 4792 culpa
1261 4706 1408 4790 graviori
