3510 5574
537 641 625 689 sinen
646 643 772 688 nunnus
793 643 1016 690 nnonumnuu.
1308 627 1367 692 ⁶219
1412 699 1414 704 ⁸

189 775 232 822 ex
244 755 486 826 commissione
503 757 640 842 speciali
654 759 808 843 procedit
820 761 903 843 (non
916 764 956 824 ut
970 759 1179 836 ordinarium
1203 777 1270 844 quc
1286 779 1368 825 essu

189 867 342 950 subjacet
357 867 509 948 generali
524 865 674 950 repulse),
692 872 727 934 et
740 867 849 934 multo
869 869 985 934 minus
1005 868 1104 952 Papo,
1123 887 1193 934 non
1212 868 1369 952 indigent

188 975 251 1038 hac
266 973 493 1040 solemnitate.

228 1083 260 1146 5⁰
269 1082 464 1167 Requiritur
473 1086 639 1170 expressio
650 1087 760 1150 annui
773 1085 899 1150 valoris
908 1085 1087 1170 utriusque
1100 1084 1262 1160 ecclesiae',
1270 1087 1370 1167 juxis

188 1190 343 1272 regulum
359 1191 431 1254 91²¹·
445 1190 659 1258 Gsnoellcriae
674 1213 682 1256 :
696 1193 847 1278 alioquin
868 1197 1026 1259 constare
1049 1212 1120 1258 non
1139 1197 1257 1276 posset
1275 1192 1370 1256 unio-

189 1315 270 1363 nem
290 1315 366 1362 esse
386 1299 614 1364 necessariam
635 1299 692 1365 vel
712 1301 843 1366 utilem.
857 1302 983 1366 Verum
1005 1301 1041 1366 id
1059 1301 1214 1384 procedit
1236 1303 1370 1364 tentum

189 1407 218 1470 si
231 1410 367 1490 petetur
380 1407 454 1472 fleri
469 1425 490 1474 a
505 1407 599 1472 Sum.
617 1408 713 1474 Pont.
731 1409 787 1474 vel
806 1411 882 1493 ejus
901 1409 1028 1491 legato,
1045 1409 1103 1492 qui
1123 1409 1259 1490 ignorat
1277 1407 1370 1474 velo

191 1533 265 1578 rem
278 1515 450 1590 beneflcii;
462 1533 573 1592 secus,
587 1517 615 1580 si
630 1519 712 1582 unio
727 1519 825 1582 deret
836 1519 879 1584 ub
891 1517 1076 1593 ordinario,
1093 1517 1147 1580 eui
1161 1517 1258 1582 valor
1268 1517 1372 1582 bene·
1488 1580 1491 1586 ,

191 1624 257 1688 licii
271 1623 354 1688 sutis
365 1629 565 1708 pempectus
578 1643 655 1691 esse
669 1627 899 1710 presumitur.

232 1733 262 1815 e)
276 1733 359 1814 Quae
374 1733 535 1815 beneficia
549 1735 642 1798 uniri
646 1735 806 1819 possint?

230 1841 304 1906 lom
329 1840 477 1906 diximus
500 1843 532 1905 l⁰
555 1841 721 1906 unionem
743 1843 883 1908 deride
906 1843 1072 1909 beneflcio
1093 1844 1136 1908 od
1155 1843 1371 1918 heneficium,

190 1949 325 2014 nonde
351 1949 518 2016 beneflcio
541 1950 585 2016 nd
609 1967 681 2016 non
704 1952 925 2028 beneficium
953 1953 1045 2016 unde
1074 1951 1242 2017 Comedus
1268 1953 1374 2016 refert

190 2056 431 2146 Gsucsllurism
450 2057 613 2124 moluisse
631 2059 837 2124 beneficium
851 2060 1028 2144 supprimi,
1041 2065 1080 2124 ut
1094 2063 1283 2143 proventus
1297 2062 1373 2143 ejus

190 2164 352 2230 oederent
364 2183 427 2250 pro
441 2166 651 2249 paramentis
665 2167 749 2232 certi
764 2166 909 2251 alicujus
919 2167 1052 2244 'alluuie
1066 2185 1171 2252 quom
1186 2167 1270 2232 illud
1285 2167 1373 2231 uniri

190 2272 270 2336 huic
281 2271 390 2339 ultani.
409 2273 564 2339 Diximus
579 2275 683 2339 etiem

233 2381 265 2444 2⁰
279 2379 449 2446 Beneficia
471 2382 638 2467 simplicis
652 2383 742 2448 unni
756 2401 858 2466 posse
874 2385 1078 2468 quibusdem
1101 2385 1185 2450 locis
1198 2385 1274 2468 piis,
1290 2403 1375 2468 pree·

193 2489 311 2554 sertim
326 2489 535 2568 seminariis,
559 2511 603 2555 ex
624 2491 762 2574 speciali
782 2493 1004 2576 dispositione
1020 2493 1181 2570 Trident.;
1202 2511 1273 2558 non
1290 2513 1375 2559 vero

192 2615 321 2662 mensae
336 2597 520 2682 episcopali
533 2599 789 2687 velonpitulsui¹
806 2593 935 2665 Deinde

233 2708 266 2770 3·
280 2707 362 2771 Ituae
376 2707 545 2790 parochiae
560 2707 701 2772 intense
716 2707 837 2776 vicinae
848 2708 982 2773 facilius
1005 2709 1094 2772 uniri
1118 2696 1272 2792 possunt,
1297 2711 1378 2795 quie

194 2815 277 2878 citro
290 2814 548 2880 incommodum
562 2816 605 2880 ab
618 2830 688 2880 uno
702 2821 834 2880 rectore
849 2816 1081 2881 administrari
1094 2816 1221 2882 velent.

232 2923 266 2988 4⁰
279 2923 449 2994 Beneficio
468 2929 587 2990 curets
608 2925 698 2990 uniri
723 2943 793 2990 non
819 2925 945 2990 debent
968 2925 1123 3002 abbatiis,
1140 2926 1373 3008 dignitatibuS,
1506 3001 1509 3009 ¹

192 3031 383 3098 seminariis
398 3035 458 3098 sut
469 3031 632 3114 collegiis,
649 3037 689 3096 ut
701 3037 797 3116 patet
810 3051 853 3096 ex
868 3033 955 3097 liid.
974 3034 1070 3115 (sess.
1084 3034 1134 3110 23,
1156 3052 1184 3098 c.
1203 3033 1264 3118 18).
1281 3035 1376 3100 Unde

192 3140 360 3224 pmochiae
378 3141 483 3204 unitae
508 3141 737 3218 monesten'is,
760 3140 817 3206 vel
836 3146 934 3226 erent
951 3141 1176 3224 incoiporctae
1196 3147 1276 3208 cute
1293 3147 1377 3208 tem-

192 3267 277 3332 pore
296 3249 501 3326 Tridentino,
525 3248 582 3314 vel
602 3249 631 3314 si
650 3255 730 3332 post
753 3269 804 3327 es,
821 3268 865 3314 ex
884 3250 1084 3314 euotositste
1103 3251 1300 3334 apostolica,
1321 3252 1378 3317 vel

192 3358 308 3423 iorsnn
322 3357 536 3422 consuetudo
551 3361 586 3422 et
597 3359 785 3422 necessitas
807 3362 1002 3442 temporum
1023 3359 1086 3422 hes
1107 3363 1253 3424 uniones
1278 3360 1379 3425 coho-

194 3466 353 3530 nestavit.
370 3465 446 3530 lstae
471 3467 617 3531 uniones
638 3465 856 3532 monasteriis
878 3465 952 3530 fleri
967 3471 1165 3550 potuerunt,
1186 3467 1243 3531 vel
1264 3467 1379 3551 quood

195 3573 395 3657 temporalis
408 3573 533 3648 solum,
550 3572 606 3638 vel
617 3572 720 3658 pleno
732 3577 822 3656 jure,
839 3591 901 3638 seu
919 3575 1032 3657 quoad
1046 3574 1246 3658 temporalia
1260 3579 1295 3638 et
1313 3576 1379 3658 spi-

195 3681 328 3746 ritualis
348 3681 460 3746 simul.
478 3681 512 3746 Si
526 3683 689 3764 primum,
706 3683 954 3748 monesterium
969 3680 1026 3746 vel
1038 3683 1174 3748 abbatis
1188 3682 1243 3746 cui
1267 3684 1380 3748 incor-

195 3790 326 3872 poratio
348 3788 544 3855 reddituum
559 3793 649 3856 facts
663 3795 726 3867 est,
743 3791 828 3854 nillil
842 3791 913 3856 iere
933 3791 1020 3874 juris
1034 3792 1137 3856 hahet
1159 3791 1225 3856 nisi
1248 3792 1374 3856 eonsti-

196 3899 313 3964 tuendi
323 3899 553 3975 beneficiatos,
573 3897 629 3964 vel
638 3898 869 3982 praesentandi
884 3899 1022 3982 proprio
1037 3899 1197 3983 episcopo
1213 3899 1378 3966 vicarium

194 4011 399 4089 perpetuum
415 4005 508 4086 (Vide
518 4007 566 4070 De
581 4007 710 4088 Murgo,
726 4007 845 4088 Benes.
862 4007 951 4082 eccl,
968 4027 1001 4090 q.
1017 4005 1047 4080 4,
1065 4025 1096 4070 a.
1116 4005 1147 4082 2,
1163 4010 1179 4084 §
1193 4006 1213 4068 3
1226 4007 1279 4087 e).

234 4115 267 4178 5⁰
280 4113 450 4179 Beneficia
472 4113 638 4198 simplicis
658 4111 867 4197 simplicibus
890 4113 981 4178 uniri
1002 4117 1149 4198 possunt
1169 4131 1231 4196 per
1251 4113 1380 4197 episeo-

194 4241 292 4307 pum3
306 4224 372 4288 hoo
385 4226 503 4288 temen
517 4223 683 4307 quosdam
697 4221 825 4304 petitur
840 4221 1070 4305 exceptiones.

234 4333 267 4398 6⁰
283 4331 452 4397 Beneficio
465 4331 567 4396 unius
583 4329 740 4396 dioecesis
754 4347 825 4394 non
844 4333 926 4394 sunt
939 4328 1090 4395 uniendo
1107 4329 1280 4400 beneflciis
1297 4328 1380 4394 slte-

195 4441 267 4508 rius
290 4439 492 4518 dioeceseos,
515 4459 579 4506 nec
599 4439 757 4506 collativa
780 4439 979 4524 petronctis.
1002 4439 1190 4524 Utrumque
1215 4457 1257 4505 ex
1282 4457 1376 4505 conc.

196 4548 364 4615 Tridentz
383 4547 533 4632 pn‘mum
550 4569 593 4614 ex
608 4567 692 4614 sess.
704 4548 756 4624 il,
772 4565 801 4612 o.
819 4549 854 4624 93
871 4547 1062 4614 secuudum
1082 4567 1124 4614 ex
1144 4566 1228 4614 sess.
1240 4549 1290 4626 it,
1305 4566 1333 4612 c.
1346 4548 1376 4612 9.

197 4655 294 4722 Retio
312 4657 448 4740 prioris,
468 4657 549 4740 quio
568 4675 667 4722 secus
687 4656 891 4722 beneficium
914 4659 1007 4720 esset
1028 4653 1130 4718 simul
1150 4660 1184 4720 et
1201 4673 1272 4722 non
1288 4659 1380 4736 osset

199 4765 262 4828 sub
280 4763 518 4846 jurisdictione
534 4765 703 4850 episcopi:
724 4769 816 4830 esset
832 4765 945 4851 quond
960 4763 1179 4842 territorium,
1199 4782 1268 4830 non
1287 4766 1379 4828 esset
