3504 5572
367 519 427 582 :tto
827 535 878 582 aas
898 533 1078 582 aaronem.

365 659 439 720 erat
449 654 695 720 necessariaad
708 652 917 718 validitatem
933 653 1144 727 testamenti;
1162 651 1239 718 ideo
1250 653 1285 714 iu
1297 654 1375 733 jure
1388 649 1543 716 Romano

366 761 614 844 iuseagiturde
625 761 681 826 illa
691 762 915 826 institutione.
926 761 993 826 Sed
1004 766 1119 826 exam.
1131 761 1202 836 967,
1213 761 1294 824 11101
1305 759 1384 824 God.
1399 760 1464 824 civ.
1482 758 1543 824 tol-

365 871 446 936 litur
457 873 531 936 hac
545 871 706 954 obligatio
720 873 921 937 instituendi
935 871 1119 950 haeredem,
1134 877 1238 956 atque
1250 871 1460 955 permittitur
1477 869 1543 932 dis·

366 982 489 1065 positio
509 982 767 1048 testamentaria
784 983 848 1046 suh
870 983 991 1066 quavis
1016 982 1306 1057 denominatione,
1331 997 1455 1062 nempe
1470 978 1543 1042 sire

367 1091 389 1152 ti
395 1089 465 1156 tulo
476 1089 700 1155 iustitutionis
710 1090 867 1168 haeredis,
878 1091 950 1156 sive
962 1089 1060 1154 titulo
1069 1089 1184 1170 legati,
1197 1095 1261 1154 etc.
1273 1088 1377 1152 Porro
1389 1085 1544 1152 haeredes

366 1197 420 1262 alii
435 1204 516 1262 sunt
529 1201 718 1278 necessarii,
730 1201 789 1284 qui
803 1199 996 1264 necessario
1011 1199 1142 1262 institui
1158 1197 1351 1262 debuerunt
1364 1195 1419 1260 rel
1433 1194 1544 1258 nomi-

366 1307 472 1372 natim
486 1307 522 1370 in
538 1311 745 1372 testamento
761 1308 982 1384 exhaeredari,
1006 1313 1055 1382 ut,
1072 1326 1105 1370 v.
1120 1325 1154 1388 g.
1170 1306 1279 1382 liheri,
1296 1323 1367 1370 nou
1381 1322 1465 1369 vero
1487 1321 1544 1386 pa-

366 1419 450 1490 tres;
475 1420 510 1480 et
530 1415 719 1480 voluntarii
730 1435 791 1480 seu
813 1417 978 1493 extranei,
996 1415 1053 1500 qui
1076 1432 1138 1498 pro
1159 1413 1282 1499 placito
1301 1413 1474 1480 testatoris
1493 1412 1544 1474 in-

365 1521 458 1586 stitui
474 1527 508 1588 at
522 1542 583 1607 pro
598 1525 721 1608 placito
737 1543 800 1590 auo
816 1524 1051 1590 haereditatem
1065 1529 1240 1606 acceptare
1256 1527 1453 1606 potuerunt.

405 1631 442 1696 ln
457 1635 535 1716 jure
548 1633 703 1699 Romano
719 1633 812 1716 (Nor.
830 1635 900 1712 ua,
917 1651 945 1698 c.
960 1634 980 1698 3
994 1637 1029 1697 et
1041 1633 1083 1712 1),
1100 1637 1346 1696 enumerantur
1366 1649 1477 1695 causae
1499 1631 1543 1694 ob

364 1757 448 1824 quas
468 1745 566 1823 pater
585 1747 703 1824 posset
726 1741 944 1806 exhaeredare
965 1739 1107 1817 liberos;
1123 1740 1197 1804 istae
1221 1757 1337 1805 causae
1358 1745 1439 1804 suut
1464 1757 1544 1822 qua-

365 1847 564 1924 tuordecim,
574 1866 650 1932 quae
657 1849 851 1913 consistunt
861 1849 896 1912 in
907 1849 1122 1930 gravioribus
1131 1848 1265 1931 inJuriis
1273 1852 1392 1912 contra
1398 1852 1541 1930 patrem,

364 1955 419 2020 vel
434 1957 468 2020 in
483 1955 682 2020 criminibus
698 1975 773 2040 qum
788 1955 965 2020 infamiam
978 1955 1170 2022 involvunt.
1182 1955 1221 2019 ln
1236 1955 1357 2020 eadem
1369 1954 1452 2018 Nov.
1466 1960 1543 2018 octo

364 2069 610 2128 enumerantur
632 2081 743 2128 causac
771 2065 814 2129 oh
844 2081 928 2147 quas
956 2064 1054 2130 liberi
1077 2063 1295 2128 exhaeredare
1319 2067 1464 2146 possunt
1488 2080 1545 2144 pa·

364 2177 490 2236 rantes.

396 2280 433 2362 ,1)
456 2279 582 2344 Omnes
601 2280 660 2362 qui
683 2278 872 2363 specialiter
894 2297 963 2344 nou
984 2279 1217 2363 prohibentur,
1242 2279 1375 2343 institui
1393 2283 1541 2362 possunt

363 2387 527 2454 heredes.
545 2387 770 2454 prohihentur
788 2391 866 2470 jure
887 2388 1064 2465 canonico,
1078 2389 1223 2470 postjus
1238 2387 1349 2462 Rom,
1366 2385 1423 2452 alii
1437 2393 1476 2450 ut
1494 2389 1544 2450 ia-

364 2515 517 2582 capaces,
540 2495 596 2562 alii
622 2503 660 2561 ut
683 2497 826 2580 iadipai.
844 2495 1023 2579 incapaces
1048 2495 1246 2579 simpliciter
1270 2497 1402 2560 1111111ο
1420 2495 1542 2576 judai,

358 2617 587 2692 persecutores
612 2609 644 2674 S.
663 2608 701 2673 R.
723 2609 758 2673 Ε.
783 2609 1023 2687 cardinalium,
1046 2611 1183 2674 Fratres
1210 2611 1357 2674 minores
1383 2609 1415 2672 S.
1441 2609 1545 2672 Fran-

363 2716 453 2795 cisci,
477 2717 542 2781 nisi
563 2717 729 2800 recipiant
746 2735 808 2802 per
826 2717 967 2784 modum
989 2717 1216 2801 eleemosynae
1233 2717 1276 2800 (S.
1297 2717 1330 2780 G.
1349 2716 1382 2780 G.
1402 2717 1443 2780 aa
1462 2735 1541 2796 aug.

364 2827 465 2908 1119),
479 2831 543 2891 otc.
556 2825 736 2910 incapaces
747 2827 937 2892 secundum
946 2827 1027 2911 quid
1035 2831 1116 2891 sunt
1125 2826 1186 2891 sslii
1195 2828 1304 2912 spurii
1312 2831 1346 2890 et
1355 2825 1540 2897 naturales,

365 2939 402 2996 ut
416 2933 566 2998 vidimus
581 2953 694 3018 supra.
709 2935 1013 3020 Quoadincapaces
1023 2935 1153 3018 dejure
1165 2935 1266 3010 civili,
1281 2935 1358 2999 vido
1368 2933 1540 3000 civilistas.

363 3043 395 3106 10
411 3041 543 3124 ludigni
560 3048 650 3120 sunt,
663 3045 722 3128 qui
732 3043 883 3125 graviter
895 3043 1116 3109 offenderunt
1131 3048 1346 3118 testatorem;
1359 3061 1459 3107 casus
1468 3059 1543 3124 par-

364 3151 520 3216 ticulares
536 3156 783 3217 enumerantur
802 3170 822 3216 a
837 3151 894 3215 do.
913 3151 1030 3228 Quoad
1044 3151 1190 3216 familias
1206 3149 1399 3232 religiosas,
1419 3149 1542 3233 quihus

359 3261 417 3340 jus
435 3259 533 3324 civile
555 3261 703 3342 denegat
722 3259 920 3327 facultatem
940 3260 1126 3344 accipiendi
1151 3278 1212 3344 per
1232 3263 1447 3332 testamenta,
1465 3257 1541 3322 vide

366 3365 628 3434 declarationem
643 3369 674 3432 S.
693 3367 872 3434 Poenitent.
891 3369 954 3432 suh
971 3369 1023 3432 die
1039 3370 1078 3432 t8
1099 3368 1214 3450 aprilis
1238 3369 1317 3432 1868
1340 3367 1393 3448 (ad
1415 3366 1542 3432 calcem

363 3475 466 3558 hujus
486 3475 577 3556 vol).

408 3590 434 3666 c)
455 3583 572 3649 hlodus
596 3590 630 3648 et
650 3586 761 3650 lorma
783 3585 983 3652 instituendi
1005 3585 1160 3651 heredes
1183 3587 1424 3670 expenduntur
1444 3604 1463 3650 a
1481 3583 1538 3648 CCi

367 3691 439 3776 Sed,
453 3693 553 3757 hodie
575 3693 648 3758 istae
671 3693 917 3776 disputationes
939 3699 1019 3758 sunt
1039 3693 1165 3758 nullius
1187 3695 1371 3770 momenti,
1389 3695 1469 3777 quia
1483 3697 1540 3775 jus

256 3883 260 3894 Ι
365 3801 566 3865 canonicum
582 3819 651 3866 nou
666 3800 793 3864 resistit
807 3801 876 3884 juri
891 3799 980 3866 civili
997 3799 1132 3877 Gallico,
1151 3800 1393 3884 quodsustulit
1414 3800 1540 3880 obliga·

368 3908 494 3973 tionem
509 3907 707 3972 instituendi
719 3905 891 3972 haeredem
905 3907 940 3970 iu
956 3907 1107 3990 quolibet
1121 3913 1338 3973 testamento.
1349 3907 1447 3991 Apud
1463 3923 1538 3982 uos,

365 4017 532 4082 institutio
547 4015 692 4080 haeredis
706 4015 841 4097 proprie
857 4033 926 4080 nou
943 4015 1056 4079 dillert
1069 4035 1089 4080 a
1101 4016 1226 4097 legato.

769 4207 801 4256 11.
819 4207 857 4257 De
875 4203 1134 4256 substitutionibus.

405 4345 437 4424 a)
456 4341 657 4406 Substitutio
681 4339 873 4421 generatim
896 4343 1032 4420 sumpta
1055 4344 1107 4400 ast
1132 4339 1283 4403 secunda
1301 4358 1363 4403 seu
1386 4339 1540 4405 subordi-

365 4457 445 4516 nata
459 4449 604 4516 haeredis
625 4449 792 4514 institutio
808 4449 843 4512 in
864 4447 977 4512 locum
998 4447 1097 4529 primi
1120 4447 1275 4525 haeredis,
1301 4467 1362 4514 seu
1383 4449 1539 4530 inhujus

365 4559 544 4622 deiectum.

404 4667 535 4750 Duplex
555 4659 799 4747 distiapaitar:
814 4666 845 4727 1ο
860 4665 998 4742 directa,
1026 4681 1094 4745 qua
1107 4663 1311 4728 substitutus
1341 4663 1536 4730 immediate
