3504 5572
583 593 670 638 trusa
690 593 818 638 suerrus
838 593 1061 642 recursurus.
1355 578 1416 642 3119

148 785 150 797 ,
233 719 318 784 riam
341 734 499 800 gravem;
525 713 582 778 alii
606 714 812 796 vigesimum
831 717 966 799 partem
990 715 1179 800 requirunt.
1198 715 1338 782 Certum
1362 721 1415 782 est

233 828 325 912 apud
338 843 459 893 omnes
471 824 548 910 plus
562 823 690 908 requiri
705 823 749 888 ad
765 828 943 908 peceatum
953 825 1098 890 mortale
1109 843 1213 911 quam
1222 826 1258 891 in
1271 827 1416 891 materia

233 938 325 1002 furti.

272 1046 306 1108 3⁰
328 1043 455 1108 Dioitur
470 1066 486 1099 «
504 1041 540 1106 in
554 1059 721 1126 pauperes
735 1061 773 1118 »;
791 1043 882 1126 quod
906 1043 1109 1126 intelligitur
1126 1043 1231 1108 etiam
1243 1044 1285 1108 de
1300 1043 1342 1106 iis
1358 1043 1415 1127 qui

234 1155 315 1218 sunt
325 1167 493 1236 pauperes
510 1148 700 1214 seeundum
714 1146 808 1232 quod
820 1168 892 1216 non
905 1149 1035 1214 babent
1048 1151 1242 1216 necessaria
1255 1151 1298 1216 ad
1313 1169 1416 1215 suum

233 1265 362 1326 statum
372 1257 747 1334 oonservandum‚lieet
761 1258 956 1324 necessaria
968 1257 1119 1324 babeant
1134 1258 1177 1324 ad
1187 1259 1267 1324 vitae
1276 1275 1416 1324 oonser-

232 1371 423 1444 ustionem,
437 1371 644 1453 quapropter
656 1366 800 1432 olerious
813 1371 933 1451 posset
946 1385 989 1432 ex
998 1367 1098 1432 bonis
1107 1368 1290 1452 supertluis
1305 1386 1368 1433 sua
1382 1372 1417 1432 et

234 1495 376 1544 snorum
400 1475 736 1558 oonsauguineorum
762 1473 896 1540 solvere
925 1475 1049 1552 debita,
1073 1479 1108 1540 et
1128 1478 1252 1559 juvare
1276 1475 1416 1541 eosdem

232 1584 508 1668 consanguineos
518 1587 558 1648 ut
566 1583 756 1648 seeundum
771 1583 963 1648 clenentiam
978 1588 1087 1650 status
1101 1585 1154 1649 sui
1170 1583 1298 1660 vivant,
1313 1583 1416 1650 etiam

233 1693 491 1760 subministrare
505 1693 763 1774 oonsanguineo
778 1697 946 1776 sumptus.

346 1917 364 1991 fi
382 1919 417 1975 11.
438 1917 478 1976 lte
496 1915 677 1991 obligatione
695 1914 842 1992 eropuedi
861 1915 1018 1990 supernae
1036 1916 1071 1974 in
1089 1928 1198 1974 cousus
1215 1914 1296 1987 ptus.

272 2085 426 2150 Diximus
447 2103 491 2150 ex
514 2102 584 2150 una
597 2087 693 2167 parte
708 2083 850 2148 elericos
872 2083 999 2148 babere
1019 2081 1210 2148 dominium
1234 2081 1338 2148 etiam
1358 2099 1414 2145 su·
1537 2069 1539 2079 '

231 2194 451 2279 perlluorum,
465 2196 553 2257 etex
566 2191 674 2258 altera
686 2189 763 2257 illos
778 2191 887 2256 teneri
900 2189 943 2255 ad
953 2189 1011 2258 illa
1021 2190 1194 2274 superflua
1203 2189 1239 2254 in
1248 2206 1416 2274 pauperes

233 2307 268 2368 et
281 2320 402 2368 oausas
415 2301 489 2386 pias
510 2300 707 2384 eroganda:
728 2299 801 2366 haeo
823 2299 892 2364 duo
907 2300 998 2364 inter
1017 2317 1054 2364 se
1069 2317 1225 2384 pugnare
1243 2295 1414 2374 videntur,

233 2415 268 2480 et
281 2409 358 2478 ideo

494 2535 513 2586 1.
532 2535 571 2586 bs
587 2531 691 2585 natura
705 2531 735 2585 et
748 2531 856 2598 orlgtne
871 2531 948 2584 tllius
963 2530 1151 2597 obllgstionls.

274 2670 362 2736 Dum
377 2669 550 2754 queritur,
567 2685 644 2752 quse
659 2669 703 2734 sit
713 2667 849 2734 etunde
862 2666 1072 2732 oriaturhaee
1084 2665 1258 2750 obligatio,
1270 2671 1417 2751 quatuor

233 2780 358 2845 duntur
379 2777 632 2862 responsiones,
652 2794 713 2842 seu
736 2779 885 2861 quatuor
906 2779 988 2840 sunt
1003 2775 1184 2840 sententiar
1208 2775 1298 2842 eirea
1319 2775 1415 2842 illam

234 2887 487 2970 obligationem.

273 2996 304 3059 1ο
321 2993 433 3060 Prima
445 2994 616 3060 sententie
629 2991 730 3058 docet
743 2991 838 3058 illam
859 2993 1104 3074 obligationem
1126 2992 1207 3056 oriri
1228 3009 1272 3056 ex
1291 2993 1416 3058 virtute

233 3104 405 3189 relipionis
424 3121 436 3168 :
457 3103 506 3168 ita
531 3103 635 3184 lngo,
659 3101 812 3167 Sobmier
833 3106 868 3166 et
890 3101 957 3167 alii.
981 3099 1080 3166 Ratio
1106 3105 1170 3174 est,
1198 3102 1280 3186 quia
1303 3102 1417 3166 edre

168 3239 172 3246 ·
232 3213 397 3297 ligionem
417 3212 613 3295 augendam
642 3217 677 3276 et
696 3211 828 3277 cultum
854 3211 1009 3276 divinum
1029 3211 1307 3295 promovendum
1339 3213 1417 3276 lun-

233 3325 369 3390 dstores
390 3323 557 3388 benefleis
580 3322 807 3388 ordinarunt:
824 3322 916 3386 unde
931 3325 1052 3386 eontra
1069 3321 1299 3387 intentionem
1314 3321 1417 3388 dona·

233 3437 347 3497 torum
355 3437 474 3513 egeret
484 3432 542 3516 qui
556 3431 710 3496 redditus
721 3431 911 3514 superfluos
921 3447 992 3495 non
1002 3429 1219 3512 impenderet
1229 3429 1272 3496 ad
1286 3430 1416 3496 uultum

234 3541 399 3616 divinum,
412 3557 474 3604 seu
484 3538 527 3605 ed
537 3555 659 3605 causas
668 3539 753 3623 pias.
764 3538 893 3604 Deinde
908 3537 966 3602 illa
977 3539 1069 3604 bona
1080 3543 1162 3604 sunt
1171 3539 1415 3623 patrimonium

138 3725 140 3730 ,
235 3648 367 3714 Christi.

273 3756 436 3840 Rejieitur
449 3755 507 3820 illa
528 3755 709 3831 sententia,
731 3755 810 3840 quia
831 3754 985 3818 redditus
1002 3755 1219 3821 beneileiales
1234 3757 1270 3822 in
1293 3774 1332 3822 ss
1344 3775 1415 3824 non

234 3867 316 3932 sunt
328 3882 384 3929 res
400 3881 505 3930 saorae
519 3862 575 3928 vel
589 3861 789 3938 benedietae,
802 3865 841 3926 ut
853 3861 987 3937 salices,
1002 3865 1066 3928 eto.
1076 3861 1167 3945 Ergo
1179 3863 1263 3929 nihil
1276 3864 1415 3932 bebere-

235 3981 290 4040 tur
303 3979 423 4042 eontra
435 3974 648 4056 religionem.
671 3971 847 4054 Colligitur
870 3973 974 4038 etiam
988 3991 1032 4038 ex
1044 3991 1094 4039 -eo
1109 3973 1200 4058 quod
1214 3979 1416 4058 sequeretur

233 4085 533 4168 oonsumptionem
547 4081 843 4166 parsimonialium
858 4101 933 4150 esse
948 4087 1068 4150 eontra
1084 4081 1307 4166 religionem
1325 4084 1417 4170 quod

234 4196 277 4260 ab
291 4195 451 4260 omnibus
469 4193 632 4277 rejicitur.
1315 4269 1318 4277 Ι

273 4303 307 4366 b
332 4301 487 4368 Secunda
508 4301 679 4366 sententia
697 4300 772 4366 vult
786 4299 1031 4384 obligationem
1047 4301 1128 4366 oriri
1144 4301 1355 4384 exjustitia:
1369 4303 1416 4368 ita

236 4409 384 4491 Pirbing‚
408 4407 646 4486 Reiffenstuel,
670 4409 855 4493 Leymann‚
879 4409 1061 4485 Novanus,
1089 4409 1250 4486 llasobst,
1272 4409 1329 4494 qui
1351 4410 1416 4474 boo

235 4521 381 4602 probant
395 4539 439 4584 ex
452 4517 554 4586 variis
582 4517 731 4584 textibus
754 4519 828 4584 sive
849 4519 905 4584 SS.
932 4518 1082 4596 Petrum,
1109 4517 1182 4585 sive
1196 4519 1416 4604 subquorum

236 4627 501 4704 canonistarum,
520 4627 593 4694 sive
616 4648 659 4694 ex
672 4647 767 4696 eone.
788 4625 875 4692 Trid.
894 4627 985 4712 quod
1008 4627 1088 4693 dioit
1103 4628 1198 4711 (sess.
1215 4627 1266 4704 ro,
1281 4646 1311 4693 o.
1328 4627 1357 4704 1,
1374 4627 1415 4692 de

236 4733 324 4817 lies.)
341 4752 396 4802 res
418 4733 574 4804 Eoolesiae
596 4753 674 4804 esse
686 4735 892 4820 patrimonia
912 4753 1113 4820 pauperum,
1140 4740 1175 4803 et
1194 4734 1273 4804 ideo
1290 4733 1415 4802 indioat

356 4835 1064 4906 &mmmmm-u.
