3498 5572
547 485 634 530 crena
655 481 781 530 merrus
801 481 1023 531 narncrauou.
1316 465 1372 532 lbi

196 601 357 686 opinione
371 601 526 666 babetur.
539 601 666 668 Eadem
680 603 827 668 varietas
846 602 1025 668 sententia
1048 603 1194 667 habetur
1216 604 1319 668 etiam
1340 605 1376 668 in

196 727 278 774 casu
292 727 359 794 quo
375 727 437 793 per
448 708 647 777 violentiam
663 715 697 775 et
712 710 785 776 sine
796 729 858 775 sua
870 707 971 793 culpa
988 709 1111 774 luisset
1124 715 1293 794 comupta.
1309 709 1376 776 Sed

196 822 336 904 peccata
349 817 500 884 solitaria
512 824 632 884 contra
649 821 841 886 castitatem
867 817 1076 901 probabilius
1096 837 1168 883 non
1184 817 1377 901 impediunt

199 925 382 1010 quominus
395 926 553 994 monialis
567 925 684 991 velum
698 925 964 992 consecrationis
979 925 1139 1009 accipiat;
1156 943 1237 990 nam
1251 926 1287 990 in
1301 926 1375 991 loro

199 1038 341 1099 externo
355 1033 502 1100 habetur
515 1039 555 1098 ut
568 1035 676 1116 virgo,
693 1035 771 1100 ideo
785 1035 865 1119 quia
879 1033 1029 1099 servavit
1051 1033 1284 1114 integritatem
1307 1051 1377 1098 car-

198 1141 263 1204 nis.
280 1128 545 1226 sequitur'quod
557 1143 585 1205 si
599 1141 760 1227 praelatns
774 1159 979 1207 consecrans
1002 1140 1159 1205 notitiam
1181 1139 1297 1224 lapsus
1317 1141 1377 1206 ba-

198 1247 287 1324 beat,
305 1267 375 1313 non
390 1267 433 1312 cx
447 1249 663 1314 confessione
676 1248 924 1326 sacramentali,
938 1251 1056 1332 posset
1068 1246 1255 1312 monialem
1264 1235 1378 1330 'repel-

198 1354 279 1432 lere,
297 1355 509 1420 consulendo
526 1361 640 1421 umen
654 1355 745 1420 illius
758 1357 870 1422 iamae.

240 1463 394 1527 Diximus
425 1485 431 1526 :
454 1489 469 1522 «
495 1464 611 1528 velum
632 1465 909 1539 consecrationis,
935 1489 950 1522 »
975 1482 1054 1528 nam
1076 1463 1187 1548 quoad
1203 1463 1269 1528 alia
1287 1461 1374 1539 vela,

199 1571 293 1638 nulla
307 1577 469 1637 movetur
480 1571 671 1638 difficultas.

239 1683 268 1764 c)
289 1681 361 1762 Otto
382 1669 530 1765 ternpore
559 1689 592 1746 et
615 1682 684 1746 loco
703 1684 781 1764 fietu
793 1682 913 1746 debeat
926 1684 1131 1748 consecratio
1146 1683 1378 1746 monialium?

199 1787 316 1864 Quoad
334 1797 480 1873 ternpus,
503 1809 574 1855 non
604 1791 705 1854 debet
737 1790 811 1854 fleri
835 1789 901 1854 nisi
926 1789 1136 1872 temporibus
1164 1793 1283 1873 ajuro
1311 1795 1379 1854 sta·

199 1898 291 1972 tutis,
321 1897 448 1964 scilicet
472 1899 508 1962 in
533 1898 719 1982 Epiphania
744 1899 890 1975 Domini,
916 1899 952 1962 in
981 1899 1151 1963 dominica
1168 1900 1204 1963 in
1229 1899 1325 1976 albis,
1342 1899 1376 1962 in

199 2005 358 2070 natalitiis
379 2005 615 2088 apostolorum
629 2009 663 2068 et
676 2005 711 2068 in
734 2005 853 2069 diebus
879 2004 1058 2070 dominicis
1080 2026 1087 2068 :
1104 2007 1152 2070 ita
1166 2006 1327 2070 statuitur
1340 2006 1376 2070 in

199 2113 346 2190 decreto,
364 2119 398 2178 et
413 2112 525 2198 quoad
546 2111 619 2176 dies
638 2111 826 2178 dominicas
843 2114 879 2176 in
893 2131 987 2177 conc.
1005 2114 1158 2178 Lateran.
1184 2115 1267 2198 (cap.
1289 2117 1305 2177 t
1335 2114 1377 2178 de

200 2221 312 2306 i'emp.
325 2219 421 2302 ord).
438 2219 575 2296 Tamen,
598 2223 699 2302 juxta
716 2219 845 2303 plures,
860 2219 973 2296 hodie,
990 2239 1033 2284 ex
1044 2226 1181 2304 recepta
1194 2226 1377 2286 consuetu-

199 2330 288 2406 dine,
305 2329 457 2410 virgines
472 2329 575 2393 etiam
589 2330 625 2393 in
638 2329 713 2394 aliis
725 2329 966 2394 festivitatibus
978 2331 1171 2395 consecrari
1181 2336 1334 2414 possent.

239 2439 357 2514 Quoad
370 2438 489 2514 lactem,
507 2437 580 2502 fleri
595 2438 697 2503 debet
705 2439 741 2502 in
761 2437 904 2502 ecclesia
913 2439 1076 2516 interiori,
1087 2445 1126 2502 ut
1139 2438 1297 2506 monialis
1308 2457 1378 2504 non

200 2547 394 2628 egrediatur
404 2566 422 2611 e
433 2547 600 2624 clausura3
611 2552 726 2612 tamen
737 2547 769 2611 S.
783 2547 904 2630 Gongr.
918 2545 996 2624 Rit,
1007 2547 1115 2631 atjm.
1128 2547 1217 2624 1627,
1228 2547 1379 2612 decrevit

200 2656 491 2720 consecrationem
513 2655 714 2720 monialium
739 2655 934 2739 aliquando,
963 2675 1024 2720 seu
1057 2656 1160 2738 justis
1196 2657 1319 2732 causis,
1342 2657 1378 2720 in

201 2761 343 2828 ecclesia
358 2764 518 2828 exteriori
533 2765 607 2828 ficri
620 2783 731 2848 posse.

692 2980 827 3043 SEGTlO
850 2981 886 3042 ll.

668 3127 716 3180 Da
739 3127 909 3180 chunna.

511 3288 531 3337 1.
549 3285 589 3338 bs
602 3285 736 3339 clausura
748 3286 873 3340 virorum
889 3285 1070 3352 regularium.

241 3416 274 3497 a)
292 3413 481 3480 Notandum
497 3421 549 3479 est
569 3418 600 3479 1ο
616 3415 706 3501 quod
725 3415 873 3482 Ecclesia
886 3419 1112 3481 communivit
1126 3415 1379 3483 observantiam

203 3527 360 3587 uotorum
373 3521 579 3587 solemnium
594 3523 731 3606 speciali
744 3523 821 3605 lege
835 3523 1012 3588 clausurae.
1028 3523 1105 3588 llaec
1118 3523 1185 3600 lex,
1209 3529 1379 3608 praecepto

200 3629 427 3695 ecclesiastico
441 3631 610 3713 imposita,
628 3633 766 3713 respicit
780 3633 988 3698 monasteria
1002 3637 1073 3696 tam
1101 3633 1253 3696 virorum
1277 3649 1380 3718 quam

200 3736 412 3812 monialium,
429 3737 492 3801 etsi
507 3737 643 3802 diverso
657 3739 760 3803 modo
776 3739 956 3821 religiosos
971 3745 1005 3804 et
1027 3739 1193 3804 moniales
1213 3739 1358 3822 attingat
1371 3760 1377 3814 ;

200 3845 350 3908 strictius
369 3844 461 3909 enim
481 3845 588 3927 cingit
608 3844 772 3912 mulieres
794 3867 898 3932 quam
917 3848 1020 3914 viros.
1045 3848 1288 3914 Verumtamen
1308 3865 1379 3912 non

201 3957 253 4016 est
280 3951 321 4016 de
348 3953 532 4018 intrinseca
557 3954 688 4019 ratione
713 3959 822 4020 status
847 3955 1011 4038 religiosi,
1036 3957 1140 4022 etiam
1160 3955 1377 4031 monialium,

200 4059 291 4142 quod
306 4061 412 4124 tribus
427 4061 517 4128 votis
532 4061 676 4127 addatur
696 4063 864 4140 clausura,
886 4064 944 4128 vel
961 4065 1052 4148 quod
1073 4070 1194 4129 votum
1215 4065 1379 4130 castitatis

199 4169 452 4234 communietur
461 4170 598 4252 speciali
607 4170 882 4254 illaprotectione
896 4177 971 4258 quae
984 4173 1020 4237 in
1035 4172 1192 4238 clausura
1205 4173 1377 4248 consistit;

199 4281 234 4340 at
247 4277 465 4343 observantia
481 4279 647 4344 clausura
671 4283 724 4344 est
747 4279 1072 4346 convenientissima
1091 4283 1195 4346 statui
1218 4281 1379 4364 religioso

198 4385 414 4462 feminarum,
438 4387 587 4450 mammo
610 4388 845 4470 profitentium
861 4388 898 4452 in
917 4389 1092 4454 communi
1112 4389 1193 4466 vita,
1213 4390 1257 4454 ob
1281 4393 1380 4452 natu-

199 4493 307 4557 ralem
327 4493 560 4560 conditionem
585 4513 624 4560 ac
644 4493 863 4577 fragilitatem
880 4515 984 4562 sexus
1005 4497 1172 4576 feminini,
1200 4503 1238 4562 ut
1261 4503 1381 4563 monet

201 4602 324 4667 Suarez
346 4603 399 4674 (dr
413 4601 532 4686 Retio,
553 4608 593 4666 tr.
610 4605 647 4678 8,
664 4603 685 4666 l.
703 4603 727 4678 l,
746 4621 774 4668 c.
788 4605 829 4686 8).
853 4605 973 4682 Quare,
992 4623 1034 4669 ex
1048 4605 1207 4690 prasenti
1223 4603 1377 4671 Ecclesia
