3510 5574
365 543 425 608 sto
825 557 875 609 aas
896 559 1077 608 caaourcuu.

406 680 454 743 lie
480 683 649 762 potestate
671 678 901 744 constituendi
922 680 964 744 ab
989 675 1156 762 episcopis
1183 673 1326 741 vicarios
1351 679 1386 740 et
1407 676 1546 760 coadju-

366 793 468 864 tores,
483 789 557 872 jam
569 788 604 852 in
618 788 729 871 primo
743 787 829 853 libro
845 787 907 870 (tit.
926 785 1064 868 llllvlllj
1077 791 1191 852 actum
1207 790 1269 849 est
1293 785 1352 850 llic
1371 785 1545 880 speciatim

366 897 556 964 notandum
578 903 631 963 est
651 897 743 983 quod
758 899 949 983 episcopus,
966 897 1070 964 etiam
1094 899 1258 980 tanquam
1283 893 1379 960 Sedis
1403 895 1547 978 Aposto-

364 1007 437 1072 licee
453 1006 640 1090 delegatus,
656 1026 779 1091 cogere
796 1013 910 1093 potest
928 1012 1078 1074 rectores
1102 1006 1159 1072 vel
1181 1003 1266 1071 alios
1280 1003 1323 1070 ad
1343 1021 1430 1089 quos
1444 1005 1547 1088 perti-

365 1123 435 1197 net,
456 1118 520 1184 sibi
546 1123 598 1184 tot
621 1119 816 1212 sacerdotes
841 1119 1045 1203 adjungere
1058 1123 1142 1204 quot
1167 1117 1339 1183 sufiiciunt
1361 1114 1404 1182 ad
1428 1097 1545 1180 curam

364 1221 557 1286 animarum
571 1222 635 1286 rite
652 1223 890 1300 exercendam,
907 1222 1059 1288 detracta
1073 1225 1169 1306 parte
1183 1221 1357 1286 tractuum
1371 1219 1546 1302 coadjuto-

365 1331 458 1394 ribus
477 1331 699 1414 obaignauda,
712 1335 813 1415 juxta
826 1331 1100 1416 praescriptiones
1123 1329 1312 1396 innocentii
1333 1327 1377 1392 lll
1399 1329 1436 1392 in
1453 1326 1546 1392 hulla

365 1441 552 1526 apostolia·
562 1445 753 1508 ministerii.

405 1549 626 1634 Goadjutores
653 1551 701 1615 illi
723 1553 853 1616 assumi
875 1551 931 1617 vel
957 1553 1038 1636 poni
1066 1551 1192 1617 debent
1214 1551 1257 1616 ab
1275 1549 1358 1633 ipsis
1375 1545 1543 1633 parochis,

365 1660 430 1724 nisi
445 1664 617 1744 ponantur
629 1661 746 1726 vicarb
757 1661 905 1743 parocho
926 1662 970 1727 ob
990 1679 1089 1726 suam
1102 1659 1238 1744 culpam
1253 1675 1431 1742 suspenso,
1445 1658 1546 1740 juxta

365 1768 625 1852 responsionem
648 1767 681 1832 S.
707 1767 830 1850 Gongr.
854 1768 953 1835 Gonc.
969 1769 990 1833 4
1008 1768 1089 1834 maii
1116 1768 1206 1832 1737.
1222 1767 1348 1832 Veram
1371 1765 1407 1830 in
1428 1761 1543 1838 Gallia,

365 1876 481 1958 Belgio
496 1881 531 1940 et
544 1875 619 1942 aliis
636 1876 841 1960 quibusdam
859 1877 1069 1958 regionibus,
1085 1875 1302 1960 coadjutores
1320 1872 1546 1958 parochorum

367 1985 492 2050 directe
514 1985 770 2050 constituuntur
794 1985 836 2050 ab
861 1985 1040 2069 episcopis,
1065 1983 1169 2048 etiam
1191 1981 1353 2048 inauditis
1376 1979 1543 2063 parochis,

367 2095 402 2154 et
414 2091 469 2156 hic
483 2092 607 2158 modus
622 2075 771 2174 exigitur
790 2111 833 2156 ex
853 2091 1104 2157 conditionibus
1119 2088 1320 2174 specialibus
1334 2086 1546 2152 administra-

368 2199 470 2263 tionis
485 2199 695 2276 dioecesium,
714 2217 777 2264 seu
789 2217 832 2264 ex
844 2217 936 2266 novo
951 2205 1042 2264 statu
1051 2197 1263 2264 aeconomiae
1272 2193 1544 2282 prebendarum,

366 2325 434 2390 quo
447 2307 627 2390 episcopus
636 2307 740 2374 habet
758 2306 972 2372 exclusivum
987 2325 1075 2373 onus
1088 2305 1290 2390 providendi
1305 2303 1396 2369 clero
1411 2301 1545 2366 titulum

367 2413 603 2492 ordinationis,
620 2419 683 2480 etc.

573 2607 618 2660 lv.
635 2605 675 2657 ne
689 2603 863 2670 coadjutoris
877 2603 1024 2670 quailtate,
1039 2604 1178 2670 potestate
1193 2606 1222 2658 et
1234 2603 1334 2659 oibclo.

408 2743 442 2826 a)
458 2740 625 2822 (localitas.
641 2741 749 2806 Debet
775 2759 851 2806 esse
872 2741 1059 2806 instructus
1082 2740 1242 2806 omnibus
1263 2737 1482 2824 qualitatibus
1503 2733 1546 2802 ad

367 2851 597 2916 ministerium
610 2856 750 2934 propter
764 2849 855 2935 quod
871 2850 971 2916 datur
980 2846 1183 2918 necessariis
1194 2849 1305 2932 (Tria,
1317 2866 1401 2914 sess.
1412 2847 1463 2922 35,
1472 2864 1501 2910 c.
1514 2848 1543 2920 7,

369 2959 410 3024 de
422 2961 599 3044 Resona).
616 2958 711 3025 Unde
726 2961 759 3023 1ο
772 2960 952 3042 coadjutor
966 2961 1116 3044 episcopi
1136 2961 1172 3024 in
1194 2957 1424 3042 spiritualibus
1445 2955 1547 3020 debet

367 3067 591 3152 complevisse
627 3068 843 3152 trigesimum
877 3069 988 3134 atatis
1025 3087 1166 3146 annum,
1196 3068 1363 3150 gravitate
1395 3077 1544 3138 morum,

368 3177 509 3243 scientia
531 3183 566 3242 et
580 3175 699 3242 ordine
712 3176 894 3262 episcopali
909 3177 1077 3259 insigniri,
1093 3177 1159 3242 nisi
1175 3176 1280 3242 Sedes
1291 3175 1409 3259 Apost.
1425 3173 1462 3238 in
1474 3171 1546 3256 qui-

368 3285 512 3352 busdam
536 3285 754 3370 qualitatibus
779 3285 1038 3370 dispensaverit.
1056 3286 1175 3364 Quoad
1195 3289 1334 3360 statum,
1350 3299 1473 3368 parum
1494 3297 1546 3344 re-

368 3396 434 3459 lert
455 3393 557 3460 ausit
579 3393 749 3460 sacuam
764 3393 820 3460 vel
834 3393 1011 3476 regularis.
1033 3395 1066 3460 2⁰
1082 3395 1116 3460 Si
1137 3395 1237 3460 datur
1258 3391 1407 3478 parocho
1421 3389 1478 3454 vel
1490 3387 1547 3452 alii

263 3549 267 3564 .
368 3503 580 3579 beneficiato,
599 3507 737 3567 aetatem
760 3501 854 3568 illam
873 3503 999 3568 habere
1015 3502 1117 3570 debet
1132 3520 1235 3588 quam
1257 3499 1401 3586 requirit
1422 3498 1547 3564 benefi-

368 3610 459 3674 cium
471 3610 528 3675 vel
542 3610 692 3676 officium
707 3609 751 3674 ad
764 3613 863 3694 cujus
879 3610 1211 3680 administrationem
1224 3610 1335 3675 datur.

409 3718 439 3800 b)
452 3717 605 3783 Potestas
619 3717 827 3801 coadjutoris
841 3718 1012 3802 dependet
1029 3718 1241 3786 avolantate
1256 3717 1368 3784 dantis
1382 3716 1439 3782 vel
1453 3734 1548 3782 assu·

368 3825 494 3892 mentis
511 3847 519 3890 ε
535 3831 647 3892 totum
660 3827 695 3890 id
709 3825 838 3910 pendet
859 3827 902 3892 ab
925 3827 1009 3912 ipsis
1031 3827 1154 3893 litteris
1173 3829 1297 3912 quibus
1317 3827 1544 3892 constituitur.

368 3933 462 4012 Hinc,
478 3939 517 3998 ut
530 3939 757 4016 cognoscatur
772 3933 854 4018 quid
867 3935 1047 4019 coadjutor
1066 3935 1188 4019 possit,
1216 3935 1345 4000 attendi
1360 3935 1486 4000 debent
1500 3935 1547 3998 ia·

369 4045 512 4108 cultatea
532 4045 756 4134 expressaeiu
774 4043 896 4110 litteris
908 4047 1140 4130 coadjutoris.
1164 4047 1231 4110 Sed
1242 4047 1300 4110 ubi
1314 4046 1356 4112 de
1371 4045 1546 4110 voluntate

367 4153 482 4218 dantia
503 4151 559 4219 vel
582 4154 789 4220 assumentis
813 4155 1023 4221 sufficienter
1038 4159 1195 4222 constare
1217 4173 1287 4221 non
1304 4159 1429 4239 potest,
1446 4153 1547 4237 inspi-

369 4261 529 4327 ciendum
543 4267 596 4326 est
610 4281 654 4326 ex
668 4281 736 4347 qua
749 4281 853 4328 causa
864 4263 965 4328 datus
980 4265 1033 4328 sit.
1051 4263 1146 4329 Unde
1161 4265 1189 4328 si
1205 4263 1364 4347 episcopo
1384 4262 1484 4328 datus
1496 4267 1549 4326 est

370 4369 482 4434 solum
497 4369 540 4436 ad
555 4369 755 4453 temporalia
766 4369 1046 4448 administranda,
1061 4373 1098 4436 in
1112 4370 1344 4455 spiritualibus
1355 4371 1547 4454 gubernare

369 4477 596 4560 nonpoterit;
613 4479 737 4543 sivero
754 4477 990 4544 datusluisset
1012 4480 1048 4544 iu
1073 4479 1315 4564 temporalibus
1337 4484 1372 4544 et
1391 4479 1549 4562 spiritua-

368 4585 469 4662 libus,
495 4592 574 4665 tunc
597 4587 722 4652 iterum
746 4589 1026 4670 distinguendum
1053 4594 1106 4654 est
1131 4610 1138 4652 :
1159 4589 1316 4656 videatur
1330 4607 1374 4654 an
1389 4587 1546 4653 sitdatus

369 4695 519 4760 dementi
550 4695 604 4761 vel
629 4699 754 4764 mentis
781 4699 941 4782 compoti.
967 4699 1005 4762 ln
1028 4700 1253 4781 primocasu,
1279 4697 1422 4764 liberam
1444 4697 1548 4762 babet
