3510 5574
840 581 890 628 tus
911 581 1091 628 canonicali.

823 954 1009 1031 TlTULUS
1036 953 1113 1029 Vll.

765 1135 809 1180 DE
838 1134 1167 1182 lNS'l'lTU'l'lONlBUS.

416 1464 513 1531 Nom.
530 1465 643 1543 Quum
656 1466 863 1534 heneficium
886 1468 1153 1534 ecclesiasticum
1174 1484 1246 1533 non
1259 1466 1368 1550 possit
1380 1465 1470 1531 licite
1486 1464 1559 1528 sine

377 1574 592 1641 institutione
620 1575 784 1641 canonica
806 1575 965 1653 obtineri,
990 1577 1030 1640 fit
1057 1581 1096 1641 nt
1121 1580 1303 1660 postquam
1326 1574 1368 1639 de
1394 1573 1559 1638 beneflcio

378 1687 492 1747 actum
501 1686 563 1760 est,
574 1684 616 1747 de
625 1683 896 1750 institutionibus
908 1685 944 1748 in
954 1683 1258 1766 henefioiaagatur.
1268 1681 1352 1748 ilinc
1362 1681 1482 1746 titulus
1492 1681 1558 1746 Vll.

377 1789 529 1876 Namque
551 1790 671 1857 titulus
687 1791 743 1856 vll
757 1797 810 1858 est
826 1795 923 1878 quasi
950 1793 1119 1870 accidens,
1143 1811 1204 1859 seu
1226 1791 1455 1858 accessorium
1480 1789 1561 1874 qnid

378 1901 627 1984 superveniens
642 1900 741 1968 titulo
756 1901 793 1966 V.

418 2007 589 2075 Institutio
613 2009 792 2094 dupliciter
818 2011 907 2076 sumi
927 2015 1064 2096 potest:
1080 2013 1113 2076 1⁰
1135 2011 1408 2097 pacatissima
1431 2008 1468 2072 in
1492 2025 1560 2092 quo

378 2135 482 2182 sensu
495 2117 639 2184 includit
650 2118 923 2187 nominationem
945 2124 981 2186 et
999 2120 1317 2203 praesentationem
1341 2119 1375 2182 2·
1389 2117 1562 2202 speciatam

378 2243 446 2309 qno
470 2244 574 2292 sensu
598 2231 746 2312 accepta
764 2227 934 2312 significat
955 2228 1065 2295 solam
1083 2227 1302 2294 collationem
1315 2225 1562 2293 beneficiorum

377 2337 413 2397 et
427 2333 577 2399 excludit
597 2335 870 2402 nominationem
886 2340 921 2401 et
933 2336 1247 2421 presentationem.
1270 2335 1442 2401 Institutio
1457 2333 1562 2415 igitur

378 2445 413 2504 et
426 2440 561 2508 collatio
581 2443 618 2506 in
635 2445 715 2526 jure
739 2461 830 2528 saepe
853 2445 1046 2526 promiscue
1061 2449 1292 2529 usurpantur3
1312 2443 1427 2509 stiiote
1444 2447 1560 2508 tamen

379 2547 542 2614 differunt
566 2570 574 2613 :
598 2549 745 2630 collatio,
768 2569 845 2636 qua
873 2553 977 2617 etiam
1003 2553 1111 2619 libera
1134 2553 1304 2619 institutio
1330 2556 1483 2626 vocatur,
1509 2553 1562 2614 est

379 2681 395 2714 α
413 2655 517 2722 libera
532 2656 626 2724 datto
640 2659 809 2736 beneficii,
823 2659 1097 2744 independenter
1110 2663 1153 2727 ab
1168 2661 1282 2746 aliqua
1295 2657 1561 2744 praesentatione

378 2768 438 2828 aut
461 2765 696 2832 nominatione
721 2767 765 2832 ad
786 2766 871 2832 illud
899 2788 937 2844 »;
968 2767 1010 2834 da
1030 2770 1094 2836 hac
1119 2770 1155 2834 in
1179 2767 1279 2834 titulo
1303 2766 1329 2831 V
1357 2771 1471 2833 actum
1496 2769 1558 2830 est.

380 2869 551 2938 institutio
573 2891 656 2940 vero
678 2875 941 2952 accesserimus
963 2895 1032 2962 que
1051 2876 1107 2942 hic
1132 2876 1255 2959 egitur,
1273 2881 1326 2942 est
1341 2901 1356 2935 «
1372 2875 1561 2940 necessaria

377 2979 511 3045 collatio
526 2981 683 3049 beneficii
697 2985 861 3063 vacantis,
878 2988 1080 3053 auctoritate
1099 2986 1245 3070 legitimi
1259 2985 1445 3070 supen'oris
1459 2985 1558 3058 iacta,

378 3086 420 3170 acl
434 3091 738 3172 praesentationem
752 3093 809 3159 vel
823 3094 1096 3160 nominationem
1109 3094 1246 3179 patroni
1261 3119 1289 3158 c.

418 3196 532 3273 Quum
549 3198 697 3282 plurima
714 3201 784 3267 sint
797 3220 928 3284 genera
940 3203 1197 3280 beneficiorum,
1214 3202 1294 3268 inde
1309 3206 1390 3267 sunt
1403 3205 1473 3265 tres
1488 3217 1561 3283 spe·

377 3306 447 3370 cies
459 3306 683 3374 institutionis
700 3329 707 3372 :
724 3309 897 3390 collativa,
913 3310 1051 3394 quando
1072 3329 1136 3395 per
1156 3329 1233 3376 eam
1253 3311 1428 3376 confertur
1443 3307 1561 3373 titulus

379 3431 442 3478 seu
463 3416 521 3496 jus
543 3413 579 3478 in
604 3416 793 3496 beneflcio;
810 3419 1057 3484 auctorisabilis
1071 3438 1134 3485 sen
1148 3419 1401 3494 auctoramus,
1416 3435 1484 3502 qua
1497 3417 1562 3482 ole-

378 3520 469 3584 riaus
488 3523 697 3607 approbatur
718 3529 753 3589 et
771 3531 996 3609 promovetur
1013 3526 1058 3592 cd
1080 3545 1199 3593 curam
1222 3527 1436 3603 animarum;
1460 3525 1562 3590 rectis

379 3632 414 3691 et
437 3631 593 3712 actualis,
613 3650 676 3697 seu
692 3633 903 3711 investitura,
925 3653 987 3718 per
1008 3654 1111 3719 mam
1128 3634 1270 3701 alanicus
1290 3635 1411 3718 aoeipit
1427 3653 1562 3717 posses-

379 3736 513 3804 sionem
527 3739 695 3806 beneficii.

728 3965 745 4037 ᾗ
763 3967 784 4023 1.
800 3965 842 4025 Da
855 3966 1048 4028 institutioni
1061 3969 1212 4030 cottctioa.

698 4141 720 4194 l.
743 4142 925 4198 conditiones
948 4145 1025 4198 illius
1046 4145 1242 4201 institutionis.

420 4285 453 4368 a)
468 4277 639 4350 Institutio
659 4286 819 4352 collativa
839 4287 962 4354 dicitur
980 4292 1180 4367 necessaria,
1206 4291 1286 4375 quia
1312 4289 1455 4354 debetur
1476 4305 1564 4372 prm-

381 4397 527 4470 sentato‚
553 4411 615 4458 seu
641 4397 830 4475 nominato,
847 4399 911 4468 sub
932 4399 1136 4482 quibusdam
1159 4405 1276 4464 tamen
1296 4396 1560 4472 conditionibus,

382 4500 545 4564 nimirum
555 4521 562 4564 :
572 4502 605 4564 l·
618 4501 653 4566 Si
665 4509 765 4568 vacet
775 4504 981 4571 beneficium
993 4513 1225 4591 patronatum,
1235 4508 1334 4590 etqui
1344 4505 1564 4590 presentavit

380 4609 424 4672 sit
434 4610 471 4673 in
485 4611 704 4693 possessione
725 4613 813 4697 juris
835 4621 1047 4698 patronatus.
1064 4617 1137 4684 lmo
1152 4619 1181 4684 si
1196 4623 1288 4684 esset
1303 4623 1437 4682 tantum
1449 4622 1563 4700 patro-

382 4735 447 4781 nus
466 4719 682 4786 existimatus
697 4729 732 4788 et
747 4743 817 4790 non
839 4745 953 4804 verus,
970 4726 1101 4793 valeret
1113 4728 1217 4794 etiam
1231 4726 1467 4811 praesentatio;
1482 4725 1563 4809 quia
