3498 5572
396 507 458 577 181
860 529 911 578 ros
931 529 1111 578 aaronem.

437 648 470 710 l⁰
493 647 622 728 Honor,
644 649 800 713 consistit
827 647 861 712 in
885 648 966 714 sede
987 647 1134 729 digniori
1154 647 1322 722 ecclesiae,
1346 651 1463 712 tamen
1483 652 1582 712 extra

270 760 274 770 ⁴
393 756 646 842 presbyterium
681 757 918 832 scothorum,
942 761 981 820 ut
1008 757 1193 822 declaravit
1214 756 1246 820 S.
1271 755 1438 838 Congreg.
1463 757 1578 825 Cone..

394 867 433 930 at
463 884 543 956 aug·
573 865 662 942 11189,
693 869 729 931 01
749 865 824 930 sine
848 864 1060 943 baldachino,
1078 870 1117 930 ut
1131 865 1283 930 decrevit
1305 865 1427 930 eadem
1441 865 1579 948 Ganga,

394 973 545 1058 1100011.
562 973 651 1038 1690.
669 972 929 1039 honoratiorem
943 972 1058 1039 locum
1072 975 1200 1040 habent
1214 975 1318 1039 etiam
1339 976 1375 1038 in
1395 976 1582 1058 processio

394 1083 507 1158 nibus,
524 1081 763 1148 distributione
776 1081 1006 1160 candelarum,
1023 1083 1225 1167 palmarum,
1248 1087 1326 1160 eta,
1352 1088 1391 1148 ut
1408 1083 1582 1166 colligitur

395 1211 439 1257 ex
450 1190 665 1275 00015101.
682 1191 801 1268 Quoad
816 1190 1113 1267 thurificationem,
1130 1191 1229 1275 plura
1242 1197 1324 1256 sunt
1346 1191 1499 1258 notanda
1517 1213 1525 1256 :
1551 1193 1579 1254 si

393 1303 560 1382 patronus
575 1302 668 1362 esset
686 1316 749 1361 rex
762 1297 818 1363 vel
836 1297 1034 1382 imperator,
1050 1303 1132 1362 tunc
1151 1298 1273 1383 triplici
1289 1299 1392 1364 ductu
1409 1299 1581 1364 thuriflca-

393 1409 490 1470 retur
506 1409 586 1471 ante
600 1405 809 1488 episcopum,
832 1423 876 1469 ex
896 1404 1036 1471 Geram.
1064 1406 1175 1490 Episc.
1203 1405 1225 1470 l.
1253 1406 1278 1483 l,
1307 1425 1336 1471 o.
1364 1407 1426 1484 93;
1450 1405 1580 1471 sedhic

393 1511 506 1578 honor
519 1511 664 1576 debetur
676 1513 874 1596 imperatori
891 1511 1046 1580 Romano
1074 1514 1212 1591 scilicet,
1229 1519 1264 1580 et
1288 1515 1373 1596 regi,
1403 1532 1474 1580 non
1499 1515 1582 1598 quia

392 1625 558 1705 patronus
571 1625 634 1698 est,
652 1621 713 1686 sed
727 1622 807 1705 quia
820 1623 1006 1706 imperator
1019 1621 1075 1687 vel
1084 1641 1146 1687 rex
1159 1642 1166 1699 ;
1181 1640 1356 1706 prorogas,
1372 1623 1581 1704 gubernato-

391 1747 449 1794 res
463 1747 651 1811 regnorum
665 1729 721 1794 vel
734 1729 891 1814 princeps
906 1749 1054 1816 magnus
1069 1749 1141 1796 non
1155 1747 1407 1812 recognoscens
1423 1729 1581 1813 superio-

394 1854 450 1902 res
467 1836 704 1902 thuriflcantur
717 1855 738 1902 0
751 1837 862 1920 primo
876 1838 1059 1902 assistente
1072 1836 1270 1902 immediate
1284 1843 1364 1920 post
1379 1835 1582 1920 episcopum
1708 1915 1709 1918 Ἴ

394 1943 516 2028 triplici
532 1943 655 2008 ductu:
671 1945 720 2008 ita
733 1943 873 2009 Caerem.
888 1945 947 2028 Ep.
963 1945 984 2008 i.
1001 1965 1027 2008 c.
1043 1945 1076 2008 Si
1090 1943 1185 2010 nulla
1197 1943 1310 2026 fulget
1323 1944 1489 2025 dignitate
1502 1961 1584 2027 par-
1709 1964 1710 1996 t

394 2051 537 2128 ticulari,
553 2053 764 2118 thurificatur
777 2058 857 2138 post
870 2053 1054 2135 dignitates
1068 2057 1104 2118 et
1117 2053 1310 2129 canonicos,
1327 2057 1430 2136 atqua
1445 2049 1583 2132 regula-
1710 2064 1711 2082 ¹

394 2161 477 2225 riter
490 2159 615 2244 duplici
629 2161 751 2252 ductu3
766 2166 882 2228 tamen
898 2163 956 2226 ubi
965 2162 1063 2228 adest
1076 2161 1337 2228 immemorialis
1351 2159 1580 2236 consuetudo,
1711 2162 1712 2188 ¹

393 2273 512 2351 posset
532 2268 654 2353 triplici
675 2269 776 2334 ductu
794 2270 990 2347 thurillcari,
1004 2273 1105 2354 juxta
1129 2267 1288 2334 declarat.
1315 2269 1347 2333 S.
1370 2268 1492 2350 Gongr.
1510 2267 1580 2332 itit.
1712 2262 1713 2274 ’

394 2375 434 2440 18
450 2382 536 2461 0001.
554 2377 645 2442 loth.
661 2376 812 2442 'landem
825 2377 954 2462 paxilli
969 2377 1132 2455 defertur,
1147 2383 1227 2461 post
1242 2376 1413 2444 omnesde
1424 2377 1527 2442 choro
1544 2381 1583 2440 et
1713 2360 1714 2384 ³

393 2485 568 2551 mediante
583 2486 824 2552 instrumento.

433 2595 467 2659 1·
484 2595 631 2674 Utiliter,
650 2616 709 2664 seu
721 2600 780 2682 jus
800 2597 1053 2676 alimentorum,
1084 2599 1120 2662 in
1145 2615 1227 2663 casu
1255 2617 1323 2682 quo
1351 2602 1517 2680 patronus
1534 2595 1583 2662 ad
1715 2597 1716 2600 ’

394 2701 547 2788 inopiam
558 2704 773 2787 redigeretur
798 2705 896 2789 (011
917 2706 951 2769 h.
975 2705 1051 2788 111),
1080 2705 1268 2771 dummodo
1297 2705 1440 2770 ecclesia
1457 2703 1586 2768 habeat

396 2813 570 2896 superflua
591 2817 626 2878 01
645 2817 811 2898 patronus
833 2815 956 2898 probet
984 2833 1083 2880 suam
1111 2819 1313 2897 egestatem.
1342 2813 1438 2878 Unde
1464 2809 1583 2896 plures

396 2924 478 2986 sunt
497 2921 711 2988 conditiones
729 2923 914 3006 requisita,
937 2928 976 2986 ut
995 2928 1162 3006 patronus
1182 2922 1346 2988 alimenta
1367 2923 1411 2987 ab
1439 2919 1585 2985 ecclesie

394 3034 513 3113 petere
526 3033 645 3115 possit.
664 3033 756 3115 (vide
770 3032 990 3114 Schmalzgr.,
1007 3034 1041 3097 h.
1057 3037 1081 3096 t.
1098 3051 1133 3098 n.
1152 3032 1212 3098 106
1225 3035 1334 3116 seqq.)

435 3137 470 3202 3·
480 3137 714 3217 Praesemotio,
732 3158 808 3226 quae
823 3142 946 3223 001100
959 3145 1161 3224 patronatus
1184 3141 1321 3224 proprie
1341 3139 1470 3206 dictum
1485 3161 1492 3203 :
1508 3141 1583 3207 haec

395 3247 615 3330 praesentatio
630 3252 683 3312 001
696 3247 859 3313 exhibitio
874 3265 936 3312 seu
952 3247 1078 3314 oblatio
1089 3265 1247 3330 personae
1271 3247 1405 3312 idoneae
1420 3248 1464 3312 ad
1478 3247 1584 3314 eccle-

395 3355 483 3436 siam
497 3356 553 3422 001
573 3355 780 3422 beneficium
800 3371 938 3434 vacans,
959 3356 1119 3438 episcopo
1142 3353 1199 3418 vel
1213 3353 1269 3418 alii
1294 3354 1462 3438 superiori
1485 3355 1585 3418 insti-

396 3463 507 3530 tuenti
520 3464 673 3547 legitime
687 3463 787 3529 facta.

436 3573 514 3641 Haeo
530 3575 749 3659 presentatio
770 3579 824 3640 001
841 3575 1041 3648 necessario,
1058 3573 1106 3640 ita
1132 3580 1171 3638 ut
1197 3573 1366 3638 institutio
1391 3573 1482 3640 facta
1506 3575 1582 3638 sine

394 3683 523 3766 praevia
534 3681 798 3766 praesentatione
812 3683 849 3746 in
862 3682 1029 3746 beneflcio
1043 3687 1224 3765 patronatu
1240 3683 1284 3746 011
1307 3681 1402 3747 nulla
1422 3699 1483 3745 seu
1507 3682 1583 3744 irri-

396 3791 501 3856 tanda
524 3792 647 3873 (0.810.
672 3793 730 3874 t.);
756 3810 799 3856 ex
818 3791 1047 3874 01100000010,
1077 3793 1243 3875 superior,
1260 3791 1327 3854 nisi
1355 3791 1399 3854 sit
1417 3790 1582 3854 Summus

262 3945 266 3954 .
397 3897 564 3976 Pontifex,
587 3903 725 3964 tenatur
743 3899 922 3964 instituere
946 3899 1110 3964 idoneum
1133 3899 1177 3964 ad
1198 3899 1502 3982 praesentationem
1525 3915 1583 3980 pa-

397 4006 507 4071 troni:
523 4005 571 4070 ita
584 4025 678 4071 conc.
695 4007 783 4070 Trid.
801 4007 839 4090 (s.
857 4007 909 4084 11,
925 4025 954 4072 e.
972 4008 1022 4083 l8,
1040 4006 1195 4088 dcllcsl.
1213 4005 1368 4070 Diximus
1390 4025 1397 4067 ε
1415 4031 1430 4063 «
1450 4005 1515 4068 nisi
1536 4005 1583 4068 sit

396 4114 430 4177 S.
457 4114 665 4192 Pontifex»,
694 4133 776 4180 nam
802 4115 892 4199 Papa
914 4122 1032 4200 posset
1049 4115 1214 4198 repellere
1237 4117 1474 4198 praesentatos,
1500 4131 1582 4178 cum

397 4224 553 4306 superior
572 4223 616 4286 sit
630 4225 709 4306 jure
727 4224 903 4289 canonico.
920 4224 1174 4298 Verumtamen,
1192 4221 1305 4306 quoad
1320 4223 1546 4306 praesentatos
1560 4239 1583 4285 a

394 4331 604 4414 principibus
624 4329 659 4394 vi
679 4331 965 4397 concordaturum
979 4331 1023 4397 ad
1036 4311 1264 4415 episcopatus,
1291 4329 1379 4394 solet
1402 4348 1439 4395 se
1459 4347 1581 4411 gerere

392 4439 493 4520 juxta
503 4457 705 4505 communes
718 4439 813 4522 leges
825 4441 913 4524 juris
925 4445 1136 4525 patronatus.

436 4545 658 4616 Praesentatio
692 4548 767 4612 fleri
803 4545 905 4612 debet
938 4549 1030 4612 intro
1061 4556 1194 4632 tempus
1222 4547 1422 4631 legitimum,
1452 4543 1581 4611 scilicet

396 4651 681 4733 intraflmenses,
698 4654 726 4720 si
740 4658 907 4738 patronus
927 4655 1239 4733 sitecclesiasticus,
1251 4653 1577 4732 etintradmenses,
