3488 5568
382 567 444 630 578
843 583 894 630 rus
914 581 1094 630 ctuourcuu.

382 702 501 767 relata.
526 686 635 777 Qua're
663 699 695 763 1⁰
716 698 801 762 ritus
818 699 1063 783 purificationis
1086 699 1204 783 peragi
1229 698 1331 763 debet
1351 715 1370 761 a
1392 696 1557 780 paroch0;

364 830 453 876 -uon
468 811 515 875 ita
529 814 645 874 tamen
659 808 702 873 ad
716 807 902 891 paroehum
912 812 1051 892 spectat,
1071 807 1154 892 quin
1175 807 1217 871 ab
1236 805 1310 872 aliis
1326 804 1558 870 sacerdotibus

380 919 418 984 in
447 919 597 985 ecclesiis
626 936 647 984 a
673 915 856 1002 parochiali
880 917 1043 1001 separatis
1071 916 1143 982 dari
1168 917 1286 1000 possit.
1315 916 1385 982 Hoc
1409 913 1560 980 ostendit

382 1029 507 1094 Bened.
528 1025 610 1104 xlv,
630 1026 713 1092 lost.
740 1027 830 1106 eccl„
849 1045 880 1102 v,
903 1029 919 1104 ξ
939 1026 976 1102 6;
997 1026 1112 1110 praxis
1126 1025 1293 1090 hodierna
1307 1027 1489 1100 consonat,
1510 1023 1558 1086 ait

384 1135 557 1215 Giraldus‚·
572 1153 652 1201 cum
671 1134 829 1200 videmus
843 1151 1026 1218 puerperas
1050 1133 1212 1200 mulieres
1232 1151 1294 1217 pro
1319 1149 1437 1197 aarum
1459 1131 1557 1196 libitu

381 1245 425 1310 cd
443 1263 548 1330 quam
561 1242 757 1308 maluerunt
771 1241 950 1308 ecclesiam
964 1241 1136 1318 accedere,
1151 1240 1428 1307 benedictionem
1441 1257 1559 1322 recep-

381 1358 481 1431 turae,
506 1353 579 1418 sine
600 1351 670 1417 ulla
690 1351 918 1436 parochorum
940 1351 1223 1428 contradictione3
1245 1349 1368 1414 deinde
1389 1353 1442 1414 est
1461 1352 1557 1413 antus

334 1511 336 1516 .
381 1461 584 1540 devotionis,
602 1479 672 1526 non
687 1477 769 1524 vero
784 1459 997 1525 necessitatis
1012 1463 1072 1524 aut
1086 1463 1305 1544 praeceptum.
1322 1457 1448 1522 Tamen

420 1571 453 1634 2⁰
468 1568 713 1636 Consuetudini
735 1569 943 1634 contrarium
963 1567 1194 1652 praescribenti
1216 1566 1377 1632 standum
1393 1571 1459 1642 est,
1479 1565 1556 1631 ideo

378 1679 568 1765 praesertim
582 1677 662 1763 quia
676 1695 755 1742 cum
770 1677 1026 1762 superpelliceo,
1052 1676 1149 1756 stola,
1166 1695 1257 1762 aqua
1270 1675 1459 1752 benedicta,
1476 1679 1554 1751 ete,

345 1799 348 1806 ’
381 1805 457 1872 quae
479 1791 559 1854 sunt
580 1786 680 1868 signa
698 1784 956 1870 jurisdictionis,
972 1787 1147 1869 peragitur
1160 1785 1233 1850 haec
1245 1783 1456 1858 benedictio;
1474 1801 1556 1864 ergo

380 1895 588 1980 prescriptio
603 1895 697 1960 favet
710 1894 869 1977 parocho.

420 2005 449 2087 c)
463 2004 495 2068 S.
512 2002 633 2085 Congr.
651 2001 800 2079 Concilii‚
815 2001 869 2066 die
878 2001 917 2066 18
924 2003 996 2085 jau.
1006 2001 1097 2082 1859,
1109 2001 1281 2086 rescripsit
1293 2021 1299 2064 :
1312 2026 1327 2060 «
1340 1999 1390 2066 Ad
1399 1997 1557 2066 benedic-

382 2111 511 2177 tionem
524 2115 603 2196 post
615 2115 752 2195 partum
764 2113 822 2194 jus
843 2111 1082 2176 tantummodo
1102 2110 1228 2176 habere
1244 2109 1405 2174 mulieres
1422 2127 1496 2192 quse
1512 2128 1557 2173 ex

379 2219 533 2302 legitimo
546 2219 764 2285 matrimonio
776 2224 992 2303 pepererunt.
1015 2244 1031 2278 »

419 2329 471 2392 An
497 2327 618 2394 saltem
643 2329 776 2394 admitti
799 2333 942 2412 possent
969 2329 1130 2394 mulieres
1157 2334 1236 2413 post
1260 2335 1397 2414 partum
1421 2327 1556 2414 illegiti·

378 2439 496 2502 mum?
510 2437 544 2502 Si
558 2435 753 2502 attendatur
767 2437 862 2520 origo
879 2456 922 2502 ex
944 2456 1012 2522 qua
1028 2437 1226 2520 hujusmodi
1241 2437 1379 2520 profluit
1393 2456 1555 2505 caeremo-

379 2545 447 2623 nia,
469 2563 533 2611 noc
555 2564 626 2611 non
646 2546 675 2610 si
689 2543 821 2630 reliqua
841 2554 1044 2628 argumenta
1067 2545 1332 2629 perpendantur,
1354 2546 1557 2631 hujusmodi

378 2651 570 2718 benedictio
583 2653 784 2720 mulieribus
804 2657 883 2737 post
904 2658 1041 2736 partum
1060 2651 1277 2734 illegitimum
1298 2653 1434 2719 videtur
1452 2655 1556 2720 dene-

378 2760 501 2842 ganda.
518 2760 556 2826 ln
569 2760 674 2825 Levit.
691 2779 762 2827 non
784 2761 897 2843 agitur
919 2760 985 2825 nisi
1005 2761 1046 2825 de
1069 2779 1151 2825 vera
1173 2779 1299 2842 uaore;
1322 2762 1358 2826 in
1372 2761 1435 2826 Rit.
1453 2761 1552 2827 Rom.

378 2869 464 2934 ritus
477 2867 617 2954 ponitur
628 2875 707 2954 post
721 2874 973 2936 sacramentum
992 2869 1211 2946 matrimonii,
1232 2875 1272 2935 ut
1293 2889 1349 2936 res
1373 2871 1404 2935 ei
1424 2871 1553 2947 afssnis3

379 2978 518 3042 tandem
532 2976 666 3042 silentio
679 2977 861 3043 occultario
871 2983 984 3060 portet
997 2979 1032 3043 id
1046 2979 1138 3063 quod
1147 2978 1206 3044 teli
1215 2980 1283 3043 ritu
1296 2978 1429 3062 publice
1441 2984 1555 3062 pates-

377 3089 480 3150 ceret.
503 3081 560 3149 His
583 3085 624 3150 de
647 3085 757 3150 causis
781 3083 848 3147 DI).
871 3085 1099 3151 communiter
1121 3091 1260 3168 negant.
1286 3086 1421 3152 Accedit
1438 3087 1556 3170 praxis

375 3193 447 3258 iere
462 3192 664 3258 universalis
677 3193 842 3270 locorum,
860 3211 936 3277 quae
948 3212 1019 3258 non
1037 3193 1150 3260 solum
1166 3212 1245 3259 cum
1261 3195 1293 3258 S.
1312 3194 1479 3278 Congreg.
1494 3197 1556 3278 jus

378 3301 534 3384 denegat,
552 3301 613 3367 aad
628 3301 730 3367 etiam
742 3301 897 3368 absolute
911 3301 1079 3386 prohibet,
1090 3302 1126 3368 in
1142 3301 1405 3368 detestationem
1416 3303 1557 3369 sceleris

278 3499 280 3504 Ι
377 3412 464 3476 etad
477 3411 657 3477 vitandum
670 3429 800 3478 novum
813 3410 1021 3478 scandalum.

753 3707 965 3834 rirucus
999 3755 1174 3834 xnvru.

542 3925 585 3975 Dii
611 3924 793 3976 occissus
818 3927 1057 3976 molulcnuots
1082 3927 1126 3974 ET
1152 3922 1388 3974 REPARANDIS.

818 4214 954 4284 steilo
975 4219 1110 4284 PRIMA.

700 4353 748 4407 Da
764 4353 986 4408 aedificatione
1003 4355 1230 4408 audomarum.

630 4499 650 4552 1.
668 4497 849 4553 conditiones
863 4469 1005 4564 requisitu
1020 4497 1056 4552 ad
1070 4499 1299 4554 edificationem.

418 4616 450 4698 a)
475 4610 526 4680 Ad
553 4611 812 4681 aedificationem
846 4635 945 4682 novae
972 4614 1122 4682 ecclesiae
1149 4618 1332 4701 requiritur
1361 4635 1554 4686 cousensus

377 4723 560 4808 superioris
576 4723 804 4801 ecclesiastici,
821 4727 861 4789 ut
870 4727 943 4808 jam
954 4729 1090 4790 constat
1103 4743 1146 4789 ex
1159 4743 1234 4790 can.
1250 4727 1270 4790 9
1284 4725 1326 4790 de
1342 4725 1550 4807 Consonat„
