3488 5564
445 611 449 622 ·
509 591 594 644 crana
617 597 767 644 saturnus
789 598 1008 644 oscasmnru.
1308 577 1344 640 ar

170 722 260 781 tator
271 716 378 782 inerit
392 718 426 780 in
445 717 537 781 bo‘na
550 718 626 792 ilde,
644 717 698 782 isti
720 735 803 782 vero
829 718 896 781 sint
915 717 950 780 in
965 715 1070 792 mala3
1086 717 1119 779 2⁰
1133 715 1176 779 ad
1192 733 1348 798 procura-

171 831 262 890 tores
273 845 281 900 ;
291 825 353 889 sed
366 825 402 890 hi
414 827 532 907 jurant
541 826 733 890 inanimam
747 843 854 901 suam,
865 825 978 890 nonin
986 823 1178 908 principalis
1186 817 1346 899 animam,

170 933 236 997 nisi
249 933 401 998 babeant
415 932 558 1016 speciale
579 933 623 1007 ad
641 933 706 997 hoc
726 933 942 1008 mandatum;
961 937 1076 996 tamen
1099 931 1139 996 de
1155 933 1232 1015 jure
1247 931 1346 1006 civili,

174 1045 244 1105 tam
257 1039 448 1123 personalis
462 1045 515 1104 est
533 1039 693 1122 obligatio
711 1043 946 1122 juramentum
965 1040 1160 1121 praestandi,
1178 1044 1215 1103 nt
1227 1039 1350 1122 princi-

172 1148 258 1230 palis
270 1147 409 1230 litigans
423 1153 572 1232 nequeat
586 1148 743 1230 delegare
758 1153 1013 1231 procuratorem
1028 1148 1071 1212 ad
1087 1148 1273 1230 jurandum
1288 1165 1348 1230 pro

173 1275 211 1322 se
226 1256 268 1320 de
284 1256 464 1322 calumnia.
485 1257 518 1318 3⁰
532 1256 744 1330 ltlonasteria,
762 1256 926 1331 civitates,
949 1275 1010 1319 sen
1028 1273 1182 1340 personae
1203 1252 1350 1319 morales

173 1381 250 1447 qnae
273 1365 487 1428 constituunt
506 1363 674 1445 syndicoa
699 1381 769 1426 non
791 1364 873 1426 dant
898 1363 1002 1426 talem
1026 1363 1286 1444 delegationem,
1317 1369 1351 1426 et
1457 1356 1458 1364 '

173 1473 346 1555 syndicus,
364 1473 442 1555 quia
457 1471 611 1535 notitiam
627 1472 790 1553 optimam
807 1489 917 1534 oansae
939 1471 1063 1535 habere
1080 1473 1157 1552 jure
1180 1476 1348 1545 censetur,

174 1582 210 1644 in
232 1581 383 1644 animam
407 1598 505 1644 suam
522 1581 625 1662 jnrat.

216 1690 248 1771 d)
259 1689 301 1752 In
316 1688 435 1771 quibus
448 1689 556 1752 courr's
564 1689 801 1771 prestandum
816 1689 886 1753 sil?

218 1799 251 1861 1ο
264 1795 477 1878 Regulariter
489 1797 524 1860 in
543 1798 701 1860 omnibus
716 1798 837 1872 causta,
855 1799 959 1862 etiam
978 1799 1012 1862 iu
1033 1797 1272 1880 spiritualibus,
1291 1795 1355 1862 sal-

176 1907 249 1965 tem
274 1905 351 1983 post
374 1899 577 1964 decretalem
601 1899 760 1964 Boniiacii
789 1899 858 1962 Vlll
872 1901 910 1980 (c.
929 1901 942 1964 1
961 1901 1031 1983 huj.
1049 1902 1097 1964 tit.
1113 1902 1148 1966 in
1162 1902 1216 1982 6⁰),
1235 1901 1354 1966 tamin

175 2005 287 2087 prima
300 2021 403 2087 quam
416 2003 452 2066 in
463 2003 612 2066 secunda
622 2003 792 2067 instantia.
806 2003 902 2067 Ratio
915 2008 966 2066 est
982 2005 1060 2087 quia
1069 2005 1104 2068 in
1115 2005 1273 2069 omnibus
1285 2022 1353 2068 om-

175 2113 259 2176 nino
272 2113 393 2187 causis,
406 2117 613 2178 concurrunt
626 2111 775 2175 rationes
790 2112 862 2175 istae
877 2116 1016 2194 propter
1029 2131 1113 2195 quas
1123 2115 1357 2195 juramentum
1424 2131 1427 2136 ·

174 2220 356 2286 calumnia
367 2220 435 2283 luit
449 2219 657 2302 impositum,
676 2219 710 2282 id
726 2225 787 2293 est,
805 2218 993 2301 periculum
1008 2219 1198 2284 calumniae.

215 2325 249 2386 2⁹
263 2322 390 2387 Tamen
405 2322 623 2404 excipiuntur
638 2341 645 2384 :
663 2323 694 2384 1ο
710 2340 819 2386 catrsae
840 2324 990 2396 notoria,
1007 2323 1043 2385 in
1060 2323 1183 2406 quibus
1198 2325 1353 2407 probatio

176 2435 314 2497 nonest
327 2431 532 2505 recesserim
548 2431 580 2493 Ψ
595 2449 704 2496 carrae
727 2430 931 2505 criminales,
949 2429 1071 2495 saltem
1085 2433 1234 2514 majores
1244 2433 1356 2495 crimi-

177 2541 301 2606 naliter
329 2541 514 2616 intentatae,
527 2542 626 2622 juxta
647 2539 907 2606 declarationem
929 2539 1100 2606 Benedicti
1121 2541 1192 2604 lllll
1207 2543 1243 2605 in
1260 2559 1354 2606 conc.

175 2650 275 2713 Rom.
291 2649 389 2724 1795ς
405 2653 484 2712 ante
500 2646 592 2712 illam
607 2649 880 2724 declarationem,
898 2669 953 2714 res
967 2649 1070 2714 dubia
1087 2655 1168 2714 erat.
1186 2687 1225 2697 -
1239 2649 1277 2714 ln
1304 2652 1357 2715 bis

175 2757 290 2822 causis
299 2759 536 2841 juramentum
554 2757 732 2822 calumniae
755 2757 905 2825 defertur
926 2761 1112 2824 accusatori
1128 2764 1271 2835 tautum,
1287 2777 1357 2823 non

175 2884 250 2941 reo,
267 2870 342 2929 tum
355 2872 494 2949 propter
507 2867 727 2930 manifestum
745 2866 933 2949 periculum
948 2869 1100 2950 perjurii,
1124 2873 1198 2932 tum
1213 2867 1293 2952 quia
1305 2870 1358 2950 ju-

175 2979 375 3039 ramentum
386 2973 564 3039 calumniae
578 2975 618 3038 fit
632 2993 735 3056 super
748 2976 838 3040 bona
859 2975 936 3039 tide.
952 2973 1055 3042 Porro
1070 2976 1106 3039 in
1126 2975 1357 3040 criminalibus

175 3083 254 3146 fleri
269 3081 370 3146 debet
383 3101 487 3165 super
505 3083 646 3148 scientia
666 3087 700 3146 et
715 3083 857 3147 veritate
873 3082 984 3146 delicti
1001 3102 1009 3144 :
1026 3083 1116 3147 unde
1132 3101 1254 3166 scopus
1265 3086 1357 3166 jura-

177 3191 290 3254 menti
303 3209 373 3256 non
385 3191 596 3255 obtineretur
612 3211 619 3266 ;
633 3227 672 3236 -
687 3189 746 3253 sed
764 3189 798 3253 in
813 3189 1043 3254 criminalibus
1056 3189 1199 3256 civiliter
1212 3191 1357 3256 intenta-

177 3299 236 3374 tis,
262 3298 383 3362 defern'
407 3304 521 3382 potest
539 3302 774 3383 juramentum
788 3297 976 3374 calumnia,
992 3297 1071 3363 licet
1092 3317 1133 3364 ex
1155 3317 1217 3362 usu
1234 3299 1357 3364 deterri
1399 3286 1401 3290 ⁴

177 3425 253 3471 non
276 3406 383 3472 soleat
400 3408 436 3471 in
460 3407 570 3472 causis
591 3406 731 3472 famosis
753 3411 787 3470 et
807 3404 1001 3471 notabiliter
1017 3405 1132 3470 arduis
1146 3405 1202 3488 (Cr.
1221 3405 1355 3483 Giraldi,

177 3515 243 3580 lue
251 3515 393 3598 pontifi,
411 3515 434 3577 t'.
451 3513 475 3590 l,
492 3533 519 3578 s.
534 3515 615 3596 275).

377 3719 420 3770 tlt.
438 3719 529 3771 Poene
547 3717 646 3770 contra
663 3717 827 3772 recusantes
841 3717 939 3781 jurare
956 3718 990 3770 de
1008 3701 1162 3772 calumnia.
1222 3749 1224 3754 ,

223 3859 355 3942 Regula
368 3861 544 3944 uertentis.
562 3860 594 3924 si
610 3861 800 3925 detrectans
813 3865 927 3944 jurare
944 3863 987 3926 sit
999 3869 1102 3938 actor,
1118 3863 1250 3927 actione
1265 3861 1359 3926 insti-

181 3975 259 4035 tuta
279 3969 377 4043 eadit,
393 3987 455 4032 sen
467 3985 605 4032 cansam
621 3968 750 4050 perdit;
767 3970 792 4032 si
811 3988 891 4033 vero
907 3989 996 4046 reus,
1012 3989 1072 4054 pro
1087 3973 1242 4034 confesso
1257 3969 1358 4032 habe-

183 4087 262 4142 tur:
279 4078 314 4140 id
328 4079 362 4141 in
375 4080 452 4160 jure
467 4077 629 4142 canonico
645 4095 845 4158 expressum
860 4080 1025 4160 reperitur
1039 4079 1120 4162 (cap.
1140 4080 1196 4140 tiu.
1212 4079 1315 4158 hujus
1334 4083 1355 4138 t.

184 4191 263 4270 post
281 4188 340 4267 Jus
355 4185 545 4249 Romanum
570 4185 614 4265 (t.
632 4181 670 4260 ll,
693 4185 862 4263 §Quodsi
875 4195 978 4266 octor,
1003 4185 1034 4248 C.
1060 4186 1107 4248 Dr
1125 4186 1231 4266 jmcj.
1246 4193 1355 4269 propt.
1434 4168 1438 4177 ¹

184 4295 344 4376 t·alrmr.)(
365 4297 385 4375 ).

226 4405 260 4484 α)
273 4402 402 4465 Dicitur
417 4423 424 4464 :
442 4401 570 4486 Rauola
595 4403 760 4486 ueneratio·
780 4419 837 4464 seo
859 4402 1061 4484 uerteruliler
1085 4401 1260 4484 loquendo.
1278 4401 1360 4468 Nam

186 4512 312 4578 dantur
325 4529 424 4575 casus
437 4509 471 4572 in
487 4512 610 4594 quibus
624 4511 689 4575 ista
705 4529 805 4592 [trena
819 4528 887 4573 nou
905 4510 1084 4572 incurritur
1100 4529 1108 4570 :

220 4725 254 4788 (1)
266 4723 331 4775 eod.
348 4723 408 4784 civ„
423 4735 447 4775 a.
463 4725 533 4773 taor.
