3488 5564
548 562 635 608 trasn
658 563 808 610 secunous
830 563 1051 611 occurrimus.
1349 541 1384 612 cl

210 700 289 750 nem
304 687 368 747 art.
384 679 404 746 8
421 681 499 748 God.
514 700 663 765 process.
680 683 769 748 civil.
786 683 954 749 concessit
962 681 1133 766 jndicibus
1143 685 1240 770 pacis
1251 684 1388 750 faculta-

210 797 280 856 tem
295 791 476 857 exercendi
488 798 583 856 actus
595 793 774 876 judiciales
785 793 904 859 diebus
915 793 1092 859 dominicis
1102 795 1136 856 et
1145 793 1252 870 testie,
1267 793 1388 858 saltem

209 900 245 963 in
259 901 395 966 casibus
410 901 696 968 extraordinariis.

670 1295 855 1370 TITULUS
883 1295 928 1368 X.

526 1477 570 1521 ns
598 1476 732 1522 onoma
759 1477 1000 1523 coonrrrosun
1022 1457 1074 1542 (l).

333 1801 353 1850 1.
371 1800 411 1850 Da
427 1798 527 1851 ordina
544 1798 738 1864 cognitionum
756 1799 785 1851 at
801 1798 905 1864 regulis
921 1797 1024 1863 quibus
1046 1796 1261 1850 determinatur.

250 1936 282 2012 α)
304 1933 493 2017 Aliquando
506 1935 622 2017 plures
637 1953 748 1998 causae
764 1935 799 2021 in
817 1934 939 1999 eodem
951 1935 1078 2017 judicio
1095 1933 1288 1999 decidendae
1304 1933 1386 1998 affe-

208 2041 447 2122 runturjudici
457 2041 559 2104 -vel
574 2041 740 2125 quiareus
750 2041 974 2125 qnaestionem
983 2041 1132 2126 aliquam
1147 2047 1207 2106 aut
1218 2041 1388 2124 exceptio-

208 2165 292 2211 nem
305 2150 482 2231 proposuit
502 2185 542 2196 —-
563 2149 619 2213 vel
634 2150 714 2233 quis
726 2149 927 2232 comparuit.
948 2150 1160 2234 Quapropter
1174 2169 1216 2214 ne
1233 2149 1387 2212 conlusio

208 2255 279 2330 ilat,
297 2255 380 2319 ordo
396 2257 431 2319 in
445 2256 498 2320 his
512 2257 623 2321 causis
643 2257 774 2321 institui
791 2257 903 2320 debet.
930 2256 1037 2336 Igitur
1057 2258 1140 2322 ordo
1154 2257 1388 2336 cognitionum

210 2383 273 2426 seu
285 2363 491 2444 jndiciorum
504 2364 588 2428 nihil
601 2365 693 2428 aliud
709 2368 761 2427 est
775 2384 878 2447 quam
898 2365 979 2428 ordo
994 2363 1179 2428 servandus
1193 2385 1214 2426 a
1223 2365 1339 2446 jndice
1354 2365 1388 2426 in

210 2473 368 2534 examine
374 2473 528 2557 plurium
541 2475 776 2556 questionum,
789 2491 864 2556 qnae
879 2474 914 2536 in
928 2473 1179 2554 eodemjnde'cr'o
1189 2480 1389 2536 concurrunt

210 2581 301 2642 r'rrter
314 2578 449 2643 easdem
457 2598 631 2664 personas.

252 2686 280 2769 dl
292 2686 454 2762 cundem
468 2687 685 2752 stabiliuntur
693 2687 820 2770 regnlae
834 2687 876 2752 ad
889 2686 985 2752 illum
998 2688 1153 2753 ordinem
1163 2687 1389 2754 determinen-

210 2793 312 2870 dum;
330 2795 389 2858 sed
400 2797 589 2876 generatim
599 2796 782 2879 loquendo,
795 2795 853 2860 ille
863 2797 1066 2879 causoprius
1078 2801 1130 2860 est
1139 2795 1386 2876 cognoscenda,

210 2921 289 2986 quas
306 2903 400 2986 prius
415 2903 449 2965 in
461 2902 628 2984 judicium
644 2903 860 2978 deductsest,
874 2903 1128 2986 quendocansae
1144 2909 1223 2966 sunt
1234 2901 1388 2985 eJusdem

209 3010 363 3085 rationis,
378 3011 486 3074 ambre
497 3011 709 3092 principales,
723 3010 834 3094 quoad
849 3029 885 3074 se
900 3011 1060 3094 aequales.
1081 3011 1145 3074 Sed
1161 3011 1188 3072 si
1207 3010 1388 3074 discrimen

209 3115 349 3199 aliquod
371 3117 460 3182 inter
485 3137 590 3182 unam
617 3123 650 3182 et
675 3116 817 3181 alteram
845 3117 1032 3192 intercedit,
1059 3121 1160 3200 juxta
1179 3118 1314 3199 regulas
1338 3137 1390 3181 se-

211 3228 357 3306 quentes
370 3223 454 3288 ordo
467 3225 697 3289 instituendus
711 3230 773 3288 est.

253 3329 435 3414 l¹llepnla,
467 3333 607 3396 omnino
622 3331 834 3395 universalis.
850 3329 946 3393 Prius
967 3329 1243 3410 cognoscendum
1268 3335 1319 3394 est
1348 3331 1388 3394 de

210 3456 316 3503 cause
335 3457 356 3503 a
379 3458 446 3522 qua
460 3439 586 3522 pendet
601 3439 721 3514 slters;
749 3458 782 3502 v.
798 3457 832 3520 g.
849 3455 952 3502 causa
972 3435 1198 3520 possessionis
1217 3439 1311 3520 prius
1326 3439 1389 3501 dis-

210 3547 372 3612 cutienda
385 3553 437 3612 est
447 3566 550 3630 quam
562 3565 665 3611 causa
677 3547 904 3630 proprietatis,
922 3547 1002 3630 quia
1026 3547 1167 3629 quaestio
1184 3547 1225 3610 de
1240 3547 1402 3630 proprie·

211 3661 282 3722 tate
296 3655 458 3739 pendete
473 3657 659 3740 quaestionc
674 3656 916 3738 praeparatoria
929 3653 971 3718 de
988 3655 1215 3737 possessione.

251 3766 284 3828 2·
295 3764 434 3848 Regulo.
451 3764 485 3828 Si
493 3765 636 3848 qnaestio
651 3763 888 3846 praeJudiciatis
903 3761 1028 3826 incidat
1040 3763 1075 3825 in
1091 3763 1204 3846 aliqua
1217 3779 1329 3838 cauea,
1347 3762 1388 3828 de

211 3873 270 3938 illa
283 3876 377 3957 prins
392 3880 444 3938 est
458 3873 746 3955 cognoscendum,
763 3873 893 3956 -quis
909 3872 1078 3936 sententia
1092 3871 1161 3936 lata
1175 3891 1277 3956 super
1287 3890 1390 3937 causa

211 3981 432 4066 prejudiciali
445 3983 594 4046 ostendit
604 3983 727 4066 quidin
740 3980 915 4064 principali
925 3979 1138 4063 pronuntiari
1152 3980 1282 4044 debeat.
1295 3979 1388 4044 Unde

212 4089 296 4156 ordo
320 4095 450 4155 nsturae
473 4093 558 4174 petit
571 4095 610 4155 ut
624 4109 699 4174 qnae
715 4090 806 4153 viam
826 4089 946 4152 sternit
960 4088 1002 4153 sd
1017 4088 1169 4187 alteram,
1181 4089 1275 4171 prius
1285 4107 1389 4170 ,expe-

213 4199 335 4262 diatur.
359 4199 506 4275 Quaestio
531 4197 769 4282 praejudicialis
794 4197 851 4262 ills
875 4201 1059 4278 estoque
1083 4196 1192 4259 altero
1217 4215 1319 4260 cereso
1340 4199 1388 4259 r'tn

208 4305 346 4391 pendet,
362 4315 400 4370 nt
413 4309 446 4370 si
457 4309 593 4389 feratur
615 4307 781 4370 sententia
797 4307 832 4368 in
851 4324 932 4378 screa,
949 4305 1070 4387 perlat
1096 4305 1322 4388 exceptionem
1340 4307 1392 4368 rel

208 4415 374 4498 judicatae
388 4417 422 4480 in
433 4415 553 4492 altera,
567 4423 669 4498 atque
683 4415 731 4478 ite
744 4412 1018 4498 eiprcejudr'cz'nm
1029 4411 1161 4492 offeret.
1180 4413 1390 4496 Quapropter

245 4623 279 4687 (t)
296 4623 332 4675 De
345 4623 396 4676 hoo
410 4625 504 4677 ordina
517 4627 604 4692 agitur
619 4629 645 4678 t⁰
658 4627 684 4677 in
699 4626 804 4690 Codice,
817 4624 863 4676 lib.
879 4625 926 4688 lll,
941 4624 980 4674 tit.
997 4635 1058 4686 vm,
1075 4623 1107 4672 de
1122 4625 1184 4675 ord.
1195 4626 1280 4691 judic.
1295 4642 1301 4688 ;
1317 4629 1345 4676 2·
1360 4627 1387 4677 in

212 4705 278 4756 Cod.
293 4719 366 4769 proc.
382 4707 443 4770 cia,
459 4711 507 4759 srt.
524 4709 563 4768 ³2,
578 4711 629 4760 ate.
