3498 5572
535 640 539 649 ⁶
573 588 660 634 ueuu
681 587 809 633 ruamus
830 587 1049 632 numeramur.
1342 567 1402 632 453

226 703 337 778 tionis,
365 719 434 768 non
448 703 573 768 debant
586 701 725 766 extendi
738 701 780 766 ad
795 706 876 768 vota
890 707 1074 775 reservata,
1091 703 1154 768 etsi
1173 721 1273 767 casus
1288 719 1402 766 neces-

225 812 335 878 sitatis
356 811 503 878 eveniat.
531 809 629 876 Ratio
656 810 861 875 discriminis
882 811 1051 875 intereos
1071 816 1106 875 et
1128 812 1326 896 episcopum
1350 815 1403 875 est

226 919 316 1002 quod
336 919 517 1002 episcopus
539 918 781 1002 estproximus
799 917 991 982 ordinarius
1011 935 1152 982 suorum
1168 918 1401 994 subditorum;

229 1027 319 1093 unde
335 1031 486 1111 potestas
499 1026 719 1110 dispensandi
733 1026 780 1090 illi
795 1027 959 1110 competit
973 1031 1136 1111 tanquam
1148 1027 1288 1110 pastori,
1306 1029 1402 1112 quasi

221 1137 299 1218 jure
316 1135 453 1218 speciali
467 1133 707 1199 devotationis.

266 1243 333 1308 Sed
356 1243 536 1328 episcopus
561 1243 690 1327 nequit,
714 1243 837 1308 saltem
859 1243 992 1308 secluso
1011 1243 1190 1326 privilegio
1206 1242 1401 1327 pontificali,

225 1351 287 1414 sibi
303 1355 385 1416 vota
400 1369 577 1416 reservare
588 1350 768 1434 privative,
784 1351 832 1416 ita
851 1355 889 1414 ut
902 1350 1077 1432 regulares
1092 1351 1189 1414 ineis
1207 1351 1404 1434 dispensare

225 1477 295 1522 non
311 1458 449 1526 valeant
466 1477 473 1532 ;
491 1475 571 1524 uam
587 1457 768 1541 episcopus
783 1458 904 1541 nequit
913 1458 1119 1540 restringere
1135 1458 1313 1541 privilegia
1326 1477 1406 1541 pon-

227 1565 372 1630 tilicalia.

541 1731 583 1780 111.
604 1729 642 1781 be
655 1729 793 1782 facultate
806 1730 1003 1783 commutandi
1015 1731 1089 1784 vota.

266 1895 298 1975 α)
317 1893 525 1958 Commutari
547 1891 670 1956 dicitur
688 1895 819 1968 votum,
844 1893 981 1976 quando
996 1895 1091 1976 operi
1110 1895 1167 1977 pio
1189 1894 1406 1971 substituitur

226 2001 317 2066 aliud
331 2019 417 2086 opus
431 2000 527 2083 pium
546 2000 671 2075 minus,
689 1999 819 2083 aequale
841 1999 897 2064 vel
911 2000 1035 2064 melius
1049 2022 1056 2076 ;
1071 2000 1161 2066 uude
1177 2021 1239 2084 per
1252 2019 1406 2066 commu-

227 2109 391 2174 tationem
405 2126 477 2172 non
501 2105 631 2172 tollitur
652 2108 793 2172 omuino
817 2110 889 2173 voti
908 2107 1081 2190 obligatio,
1109 2110 1169 2174 sed
1191 2109 1422 2198 substituitur,
1518 2093 1520 2098 ’

230 2235 360 2282 novum
375 2234 472 2300 opus,
490 2214 581 2299 quod
595 2215 629 2278 vi
651 2214 742 2278 illius
759 2215 1011 2297 subrogationis
1031 2216 1142 2281 induit
1163 2217 1407 2300 obligationem

227 2324 411 2407 religionis.

268 2434 299 2496 1·
323 2433 374 2498 Aa
395 2433 700 2498 commutationem
722 2433 756 2498 in
782 2433 905 2498 melius
924 2453 994 2500 non
1017 2435 1202 2520 requiritur
1224 2436 1407 2518 auctoritas

227 2539 423 2622 superioris,
439 2539 499 2604 sed
513 2539 655 2622 propria
666 2539 844 2606 voluntate
858 2541 1017 2606 voventis
1032 2541 1106 2606 fieri
1116 2545 1230 2625 potest
1244 2543 1283 2624 (c.
1299 2543 1404 2626 lhuj.

227 2647 309 2727 tit.);
326 2647 454 2713 etenim
467 2647 675 2731 promissum
690 2666 760 2714 non
774 2649 928 2731 infringit
948 2650 1006 2733 qui
1029 2651 1065 2714 in
1076 2650 1200 2714 melius
1218 2649 1303 2715 illud
1316 2669 1407 2716 oom-

226 2759 338 2822 mutat
349 2758 387 2838 (o.
404 2756 424 2819 3
439 2755 481 2820 u'e
491 2755 665 2838 teresse).
676 2755 919 2822 Verumtamen
932 2758 1147 2842 excipiuntur
1160 2759 1310 2843 quinque
1326 2764 1408 2824 vota

228 2863 326 2948 Papae
350 2868 536 2939 reservata,
563 2881 639 2948 quae
668 2863 772 2928 etiam
790 2865 826 2928 in
846 2864 969 2930 melius
995 2861 1199 2930 commutari
1218 2871 1406 2950 nequeunt,

228 2975 294 3038 nisi
310 2975 345 3038 iu
359 2974 609 3055 professionem
621 2972 828 3055 religiosam,
846 2991 889 3038 ex
909 2992 937 3038 o.
954 2973 1019 3038 lb.
1037 2979 1082 3050 t.;
1101 2975 1175 3040 baec
1195 2973 1316 3040 ultima
1333 2995 1407 3041 mu-

227 3083 310 3147 tatio
336 3099 406 3146 non
433 3085 552 3164 posset
579 3081 789 3157 etiamtiam,
822 3081 935 3165 quoad
956 3087 1037 3148 vota
1054 3084 1250 3164 juramento
1273 3083 1409 3149 firmata

228 3191 263 3252 in
277 3191 433 3254 favorem
448 3187 550 3264 tertii,
567 3206 610 3254 ex
623 3191 731 3252 const.
748 3188 843 3252 Inter
851 3190 1046 3272 preteritas
1061 3189 1186 3254 Bened.
1204 3189 1284 3252 lth.

268 3298 301 3360 t·
316 3296 530 3380 Regulariter
553 3295 658 3360 iidem
681 3297 737 3378 qui
754 3296 951 3380 dispensare
963 3301 1121 3380 possunt,
1138 3297 1241 3362 etiam
1254 3315 1408 3363 commu-

229 3411 299 3470 tare
315 3405 432 3472 valent
449 3404 485 3468 in
505 3421 591 3486 opus
606 3402 783 3487 aequaliter
796 3404 853 3470 vel
873 3404 987 3468 minus
1001 3406 1131 3470 bonum
1149 3425 1156 3480 ;
1173 3424 1253 3470 nam
1274 3406 1408 3489 dispen-

228 3531 304 3578 sare
321 3531 383 3577 seu
399 3511 517 3576 tollere
544 3510 789 3592 obligationem
813 3516 866 3575 est
885 3511 963 3594 plus
983 3529 1085 3594 quam
1104 3517 1327 3588 commutare,
1345 3532 1406 3577 seu

228 3621 473 3704 obligationem
484 3637 590 3686 uuam
611 3619 646 3682 in
661 3618 763 3684 aliam
778 3620 962 3684 bansterre
976 3639 983 3694 ;
999 3637 1101 3702 porro
1117 3638 1160 3684 ex
1174 3639 1246 3702 reg.
1257 3641 1310 3684 cm
1324 3622 1359 3684 in
1374 3621 1406 3685 6α

229 3751 243 3784 «
260 3729 315 3792 cui
329 3728 410 3792 licet
423 3727 512 3811 plus,
532 3726 613 3792 licet
625 3726 743 3809 utique
759 3727 849 3810 quod
865 3731 917 3791 est
929 3728 1055 3792 minus.
1070 3753 1085 3786 »

266 3835 299 3898 3ο
311 3834 492 3917 Disputant
504 3833 569 3896 DD.
596 3851 640 3898 au
660 3833 883 3898 commutatio
897 3835 934 3898 in
953 3852 1039 3916 opus
1062 3835 1192 3918 aequala
1210 3835 1283 3900 fleri
1297 3837 1407 3919 possit

229 3943 301 4009 sola
314 3943 491 4008 voluntate
504 3943 611 4025 ipsius
625 3943 801 4018 voventis3
818 3944 931 4008 verior
945 3945 1115 4009 sententia
1129 3949 1243 4026 negat,
1263 3945 1306 4010 ob
1320 3947 1406 4028 peri-

227 4052 342 4117 culum
357 4051 568 4135 deceptionis
583 4051 618 4114 in
633 4050 893 4116 determinanda
905 4052 1097 4136 equalitate
1114 4053 1276 4118 materiae.

268 4161 299 4242 b)
313 4159 474 4243 Superior
495 4159 552 4242 qui
568 4157 643 4221 vult
656 4160 738 4221 vota
749 4165 973 4234 commutare,
995 4160 1061 4225 tria
1074 4161 1257 4226 observare
1280 4160 1381 4226 debet
1397 4182 1404 4224 :

115 4275 119 4284 '
229 4267 391 4331 l⁰Votum
400 4267 581 4334 nondebet
591 4287 666 4334 esse
677 4272 890 4334 reservatum
900 4269 1061 4352 potestati
1074 4269 1408 4352 superiori‚utsupra

228 4373 356 4438 dictum
372 4379 425 4440 est
439 4374 551 4458 quoad
565 4380 646 4446 vota
655 4376 753 4458 Papae
768 4380 962 4450 reservata;
979 4393 1061 4440 uam
1075 4377 1140 4440 hoo
1152 4375 1227 4457 ipso
1247 4375 1339 4458 quod
1351 4375 1408 4441 illa

228 4483 291 4547 sibi
299 4483 490 4548 reservavit
501 4485 574 4550 baeo
583 4489 736 4570 potestas
748 4485 913 4568 superior,
928 4485 1049 4550 eadem
1060 4503 1104 4548 ex
1113 4484 1252 4548 arbitrio
1263 4483 1407 4549 aliorum

228 4591 370 4672 excepit.
387 4589 456 4656 Hoc
468 4609 550 4656 casu
564 4593 684 4675 nequit
697 4597 908 4658 commutare
921 4591 1024 4656 etiam
1033 4593 1068 4656 in
1078 4591 1212 4656 melius.
1225 4593 1256 4654 Ψ
1267 4591 1406 4658 Utoom-

230 4698 374 4763 mutatio
385 4699 535 4764 llatcitra
546 4699 781 4784 prejudicium
798 4699 898 4774 tertii,
915 4703 954 4763 ut
968 4701 995 4764 si
1008 4702 1136 4768 lactum
1151 4701 1272 4764 luisset
1288 4706 1405 4764 votnm
