3488 5568
538 607 625 662 uara
646 615 773 664 scurrus
794 613 1015 664 cerneremus.
1306 599 1366 668 555

186 725 415 816 baptizaverit,
432 737 496 797 eto.
519 733 806 820 Quotiescumque
832 736 976 801 iteratur
998 739 1137 820 propter
1162 735 1304 806 dubium
1323 709 1365 804 de

185 839 275 906 laeto
289 838 478 906 collationis
494 846 553 906 aut
562 841 675 906 solum
688 843 730 908 de
744 843 892 910 validate
908 843 1098 910 collationis
1112 846 1221 923 laete,
1234 847 1366 911 confer-

186 943 314 1014 torach
328 949 518 1014 conditione
525 968 539 1028 ,·
554 969 635 1015 nam
648 950 712 1016 hac
726 952 923 1017 conditione
935 953 1100 1036 apposita,
1115 953 1245 1019 tollitur
1253 955 1365 1019 omnis

186 1055 409 1120 irreverentia
425 1076 500 1141 quae
516 1059 612 1142 sequi
625 1065 742 1142 posset
752 1079 796 1124 ex
806 1060 986 1125 iteratione
1001 1061 1170 1144 baptismi.

226 1163 258 1226 ‘2⁰
275 1161 468 1228 Generatim
482 1169 616 1228 nonest
629 1167 803 1230 sufficiens
822 1185 926 1234 causa
953 1168 1132 1251 repetendi
1159 1169 1367 1253 baptismum

188 1272 268 1354 quia
281 1270 336 1336 ille
352 1271 495 1336 collatus
510 1273 554 1336 sit
567 1274 608 1338 ab
625 1274 806 1350 haereticis;
820 1295 901 1341 uam
915 1277 950 1340 in
961 1277 1131 1362 aliquibus
1146 1279 1247 1344 sectis
1263 1281 1369 1342 irrere-

189 1379 344 1455 ticorum,
361 1381 549 1464 baptismus
565 1382 679 1447 debito
695 1383 798 1450 modo
812 1386 998 1482 opniertur,
1012 1386 1060 1451 ita
1074 1391 1112 1450 ut
1124 1386 1257 1451 nullum
1267 1386 1368 1450 ratio-

188 1487 299 1552 nabile
326 1488 467 1554 dubium
500 1509 686 1572 exsurgere
715 1493 824 1574 possit
849 1493 891 1556 de
917 1493 1029 1558 valida
1055 1493 1145 1558 illius
1175 1493 1366 1560 collatione.

189 1596 241 1660 Sic
268 1597 479 1682 antiquiores
508 1599 675 1674 haeretici,
705 1605 744 1664 ut
774 1601 977 1674 nestoriani,
1005 1603 1124 1682 graeei,
1154 1603 1370 1667 retinuerunt

188 1705 367 1770 materiam
384 1712 418 1770 et
431 1707 578 1772 formam
592 1707 743 1772 debitam
757 1709 793 1771 in
809 1709 1103 1774 administratione
1113 1711 1282 1794 baptismi.

228 1814 381 1880 Haeretici
402 1817 621 1892 recentiores
640 1835 701 1884 seu
722 1821 963 1899 protestantes,
995 1817 1193 1894 calvimstae,
1216 1819 1297 1884 olim
1313 1838 1370 1884 va-

188 1922 255 1986 lide
275 1924 507 2008 baptizabant;
534 1925 624 1988 unde
647 1925 679 1988 S.
698 1924 819 2007 Congr.
838 1925 950 2002 Cone,
966 1927 1004 1990 tl
1024 1933 1123 1992 mart.
1142 1929 1231 2004 1683,
1248 1929 1291 1992 ad
1309 1929 1370 1992 du-

189 2030 282 2093 bium
310 2050 353 2096 an
369 2037 403 2095 et
426 2033 549 2116 quibus
572 2033 707 2098 casibus
730 2034 892 2110 haeretiei,
920 2034 948 2097 si
977 2034 1019 2098 ad
1042 2034 1149 2100 tidem
1169 2037 1369 2100 catholicam

189 2145 443 2216 convertantur,
474 2141 537 2204 sub
563 2140 758 2206 conditione
786 2141 987 2224 rebaptizari
1012 2142 1168 2216 debeant,
1195 2143 1371 2226 respondit

190 2267 260 2314 uon
275 2265 350 2314 esse
365 2248 636 2333 rebaptizandos,
649 2249 716 2313 nisi
729 2249 818 2315 adsit
827 2249 1002 2332 probabile
1024 2250 1166 2314 dubium
1179 2251 1369 2317 invalidita·

191 2358 245 2421 tis.
256 2357 384 2440 Itaque,
400 2361 586 2441 antequam
596 2358 859 2441 rebaptizentur,
873 2357 977 2422 etiam
992 2358 1055 2422 sub
1069 2358 1275 2436 conditione,
1289 2360 1370 2442 bap-

189 2465 281 2530 tizati
296 2467 338 2529 ab
352 2465 534 2541 haereticis,
558 2481 699 2530 necesse
714 2469 820 2529 estut
837 2464 1006 2548 pracedat
1020 2465 1194 2548 inquisitio
1209 2466 1251 2531 de
1265 2465 1369 2531 modo

191 2591 259 2656 quo
273 2570 321 2636 illi
335 2573 487 2638 haeretiei
503 2572 616 2638 solent
629 2573 810 2658 baptizare.

229 2683 262 2746 3⁰
275 2683 379 2747 Natus
395 2701 438 2746 ex
451 2683 651 2766 parentibus
666 2682 858 2748 christianis
867 2683 1057 2748 etildeliter
1067 2685 1157 2748 inter
1167 2684 1369 2750 christianos

189 2795 424 2868 conversatus,
448 2791 591 2856 violenti
625 2791 894 2875 presumptione
923 2811 1000 2876 quae
1026 2793 1222 2856 certitudini
1246 2794 1368 2858 morali

189 2899 382 2984 aequivalet,
412 2902 571 2964 censetur
585 2900 774 2982 baptizatus
787 2919 795 2975 ;
811 2900 927 2985 itaque
937 2919 1009 2966 non
1025 2905 1141 2984 potest
1156 2901 1367 2984 rebaptizari,

191 3009 256 3072 uisi
271 3007 535 3072 evidentissimis
550 3008 763 3089 argumentis
778 3013 914 3074 constet
932 3009 1030 3074 illum
1052 3028 1121 3073 non
1142 3008 1248 3074 fuisse
1264 3011 1370 3093 bapti-

192 3122 315 3181 zatum.
342 3115 518 3198 Colligitur
541 3135 584 3180 ex
607 3134 679 3200 cap.
702 3117 722 3180 3
746 3116 787 3180 de
812 3117 964 3201 Presbyt.
994 3137 1063 3182 noa
1090 3119 1180 3203 bapt.
1203 3117 1253 3183 lta
1267 3121 1370 3183 etiam

194 3223 226 3288 S.
243 3224 365 3306 Gongr.
383 3223 657 3306 Cono.‚btiap1il.
675 3223 764 3288 1732.
783 3223 877 3289 Unde
894 3225 1028 3290 etiamsi
1042 3225 1084 3290 de
1104 3225 1221 3290 adulto
1237 3226 1368 3292 dubita-

192 3336 297 3410 retur,
316 3351 358 3395 ex
372 3332 507 3396 defectu
519 3332 730 3415 probationis
743 3351 786 3396 ex
799 3333 1037 3398 instrumentis
1049 3334 1105 3398 vel
1116 3333 1224 3408 aliter,
1236 3352 1280 3398 an
1290 3335 1371 3416 bap-

193 3441 312 3506 tizatus
340 3440 384 3504 sit
408 3441 464 3505 vel
491 3459 573 3517 nou,
598 3443 731 3506 censeri
760 3443 901 3506 deberet
925 3443 1125 3525 baptizatus.
1154 3441 1268 3525 Neq'ue
1290 3447 1370 3506 tunc

191 3548 379 3630 perieulum
398 3549 627 3614 damnationis
646 3554 698 3613 est
711 3549 747 3612 in
766 3549 835 3624 tali,
859 3548 888 3612 si
910 3549 1028 3614 forsan
1041 3567 1162 3613 revera
1182 3550 1370 3632 baptizatus

191 3671 261 3718 non
276 3660 377 3728 esset,
406 3656 485 3738 quia
508 3657 544 3719 in
568 3656 702 3720 deiectu
728 3657 889 3738 baptismi
915 3655 1067 3720 fluminis
1093 3655 1283 3722 salvaretur
1310 3679 1372 3742 per

190 3762 398 3844 baptismum
412 3763 572 3840 flaminis,
589 3763 617 3826 si
632 3780 755 3827 verum
778 3762 985 3828 desiderium
1006 3765 1165 3847 baptismi
1190 3766 1314 3830 habeat
1337 3773 1371 3830 et

190 3875 299 3933 morte
314 3870 552 3953 praeveniatur.
570 3869 635 3933 Sed
650 3887 721 3934 non
742 3875 1010 3953 praesumeretur
1027 3872 1215 3954 baptizatus
1235 3873 1291 3937 ille
1313 3876 1367 3957 qui

191 3997 234 4041 ex
256 3977 455 4060 parentibus
478 3976 672 4041 inildelibus
701 3983 794 4042 esset
819 3983 932 4056 natus,
961 3981 1024 4043 etsi
1052 3981 1142 4044 inter
1167 3981 1369 4046 christianos

190 4085 311 4148 inisset
334 4084 509 4161 educatus,
527 4085 584 4149 vel
607 4087 741 4150 etiamsi
770 4105 814 4149 ex
839 4087 1031 4150 christianis
1055 4087 1255 4169 parentibus
1279 4095 1370 4152 esset

191 4197 301 4268 natus,
320 4192 380 4256 sed
394 4211 415 4257 a
429 4193 606 4258 nativitate
618 4194 710 4258 inter
734 4193 853 4258 ssdeles
869 4195 1042 4258 educatus.

228 4301 262 4364 4⁰
276 4300 426 4365 Infantes
435 4302 581 4384 expositi
590 4302 783 4382 generatim
794 4302 1072 4384 suntbaptizandi
1085 4305 1148 4368 suh
1159 4305 1365 4380 conditione,

189 4413 417 4493 praeterquam
439 4411 467 4472 si
490 4408 687 4475 schedulam
713 4413 851 4492 portent
874 4409 911 4473 in
938 4409 1025 4474 collo
1047 4410 1102 4474 vel
1127 4412 1193 4477 alia
1216 4414 1367 4496 corporis

189 4523 284 4602 parte
301 4533 488 4601 appensam
503 4535 579 4602 quse
596 4517 697 4582 iaciat
711 4516 951 4581 certitudinem
966 4521 1001 4581 et
1013 4518 1049 4581 in
1066 4537 1133 4602 qua
1147 4519 1309 4603 scriptum
1325 4521 1368 4584 sit

190 4644 250 4690 eos
261 4643 337 4690 esse
353 4627 537 4710 baptizatos
547 4625 591 4707 (S.
605 4624 727 4706 Congr.
745 4623 843 4689 Cone.
861 4625 901 4689 lb
911 4627 984 4708 Jan.
1001 4625 1101 4710 tras).
1121 4625 1155 4690 Si
1169 4645 1253 4693 vero
1270 4627 1365 4691 sohe-

191 4734 270 4801 dula
283 4751 353 4798 non
374 4734 516 4802 haberet
535 4731 793 4811 certitudinem,
818 4737 935 4800 essent
955 4733 1146 4820 baptizandi
1168 4737 1232 4800 sub
1252 4735 1367 4800 eondi-
