3504 5572
381 595 442 660 3l0
845 616 895 662 rus
915 615 1095 662 canossam.

384 731 447 806 vit,
465 729 598 808 dolum,
615 731 684 798 imo
701 733 833 798 turtum
851 731 1033 807 commisit,
1050 734 1168 816 utpote
1192 730 1300 796 invito
1320 730 1460 797 domino
1481 747 1560 796 con-

383 839 533 904 trectans
547 858 631 916 rem,
646 839 730 904 lucri
744 839 890 906 laciendi
904 857 1017 906 causa.

424 947 534 1028 blitea
558 949 736 1031 incapaces
754 947 931 1012 locationis
953 952 1058 1012 sunt:
1082 949 1114 1012 1ο
1134 967 1190 1012 res
1208 945 1402 1029 tangibiles,
1423 951 1561 1030 prater·

383 1075 487 1142 quem
500 1057 542 1123 ad
553 1075 714 1142 pompam
728 1062 762 1122 et
776 1057 1059 1134 ostentationem;
1071 1057 1151 1142 quia
1161 1055 1341 1132 locatione,
1353 1057 1382 1120 si
1394 1054 1561 1138 regularis

382 1165 442 1242 sit,
463 1183 520 1232 res
542 1165 739 1231 conceditur
765 1166 808 1231 ad
833 1184 950 1242 usum,
973 1171 1012 1230 ut
1034 1165 1151 1248 elapso
1175 1164 1322 1230 termino
1345 1163 1560 1239 restituatur;

383 1292 486 1358 porro
500 1293 556 1338 res
568 1274 752 1356 lungibiles
764 1293 830 1338 usu
844 1277 1105 1340 consumuntur.

423 1383 455 1446 θ’
465 1381 528 1448 Res
539 1399 643 1446 sacre
659 1382 701 1447 ad
715 1400 817 1446 usum
826 1383 1019 1466 protanam,
1031 1401 1110 1446 cum
1124 1383 1192 1446 sint
1207 1385 1303 1446 extra
1315 1381 1561 1446 commercium

382 1490 572 1554 humanum
592 1510 599 1554 ε
617 1489 665 1554 ita
689 1494 724 1554 et
743 1489 934 1574 jurisdictio
957 1489 1193 1566 ecclesiastica,
1210 1494 1348 1573 propter
1362 1487 1560 1574 qualitatem

384 1595 606 1680 spiritualem,
624 1615 667 1662 ex
682 1598 731 1662 tit.
745 1597 798 1664 Ne
807 1599 951 1682 prelati
961 1599 1047 1662 vices
1061 1616 1151 1662 suos.

422 1707 455 1770 3⁰
469 1705 536 1770 Res
549 1705 769 1775 ecclesiarum
784 1711 819 1770 et
832 1703 977 1772 aliorum
989 1707 1127 1790 piorum
1140 1706 1295 1772 locorum
1310 1708 1413 1772 etiam
1429 1711 1559 1789 tempo·

379 1813 480 1890 rates,
493 1813 522 1877 si
532 1812 725 1878 immobiles
735 1813 872 1878 sintaut
882 1813 1026 1878 mobiles
1041 1815 1199 1897 pretiosa
1215 1833 1291 1898 qua
1305 1813 1475 1878 servando
1491 1829 1561 1876 ser-

380 1924 453 1988 vari
467 1927 622 2006 possunt,
640 1921 763 1987 saltem
777 1921 866 1987 ultra
882 1922 1085 1999 triennium;
1101 1941 1183 1988 nam
1205 1928 1244 1988 ut
1257 1923 1331 1988 istae
1351 1923 1440 1988 ultra
1459 1925 1562 1988 trien-

380 2033 477 2098 nium
492 2031 597 2098 locari
617 2031 762 2116 possint,
785 2049 873 2115 opus
897 2035 951 2094 est
973 2036 1012 2094 ut
1034 2031 1266 2097 interveniant
1287 2035 1382 2114 justa
1401 2049 1505 2100 cansa
1528 2040 1563 2098 et

379 2140 615 2207 solemnitates
639 2139 812 2206 canonice
826 2137 973 2222 (Extrav.
989 2139 1196 2220 Ambitiosa,
1213 2139 1255 2205 de
1272 2139 1375 2204 rebus
1390 2139 1474 2206 Eccl.
1492 2160 1563 2208 non

379 2249 592 2332 alienandis).
607 2247 734 2314 'lamen
749 2249 777 2312 si
792 2247 915 2314 locatio
931 2249 1005 2314 sine
1020 2248 1294 2316 solemnitatibus
1309 2252 1482 2316 canonicis
1504 2253 1564 2316 tle-

380 2365 434 2426 ret
447 2358 491 2426 ad
505 2358 575 2424 duo
585 2357 743 2434 triennia,
755 2357 803 2422 ita
815 2361 933 2422 tamen
943 2361 982 2421 ut
996 2357 1141 2439 singulis
1159 2357 1314 2424 trienniis
1328 2359 1563 2442 assignaretur

382 2466 611 2532 determinata
623 2483 767 2541 meroes,
791 2465 993 2532 subsisteret
1004 2485 1067 2551 pro
1086 2467 1197 2551 primo
1222 2467 1381 2533 triennio.
1397 2467 1475 2533 llaec
1489 2487 1565 2552 pro·

383 2573 504 2644 hibitio
525 2591 596 2640 non
621 2591 658 2638 se
679 2572 833 2640 extendit
854 2573 899 2638 ad
920 2578 1110 2657 proventus
1130 2575 1188 2659 qui
1207 2574 1381 2660 pertinent
1401 2575 1445 2642 ad
1469 2594 1564 2641 men·

383 2701 459 2750 sam
484 2681 627 2750 rectoris
652 2681 820 2758 ecolesiae;
837 2680 929 2747 uode
951 2682 980 2746 is
1003 2685 1119 2765 potest
1142 2681 1219 2748 illos
1240 2687 1428 2767 proventus
1452 2683 1564 2750 locare

383 2791 472 2868 adua
486 2790 673 2858 triennium
691 2789 820 2873 absque
841 2789 1126 2866 solemnitatibus,
1144 2790 1331 2857 dummodo
1345 2791 1565 2876 anticipatum

384 2900 591 2967 solutionem
613 2915 684 2962 non
708 2897 852 2981 accipiat
866 2896 977 2979 (Cone.
996 2897 1098 2974 Trid,
1115 2916 1199 2962 sess.
1219 2897 1274 2975 ib,
1291 2917 1320 2963 c.
1340 2899 1390 2975 tl,
1407 2900 1449 2964 de
1462 2901 1562 2982 Item.

385 3009 455 3074 lloc
468 3007 572 3073 modo
586 3024 657 3072 uon
671 3010 815 3072 nocetur
827 3003 995 3082 Ecclesia,
1013 3023 1076 3070 nec
1091 3007 1280 3072 successori
1295 3007 1330 3071 in
1345 3008 1534 3086 benetlcio.¹

424 3115 457 3180 t·
475 3115 628 3181 Servitus
644 3113 823 3198 predialis
845 3113 919 3178 sine
943 3112 1070 3196 predio
1094 3112 1198 3178 locari
1221 3114 1356 3197 nequit,
1372 3116 1460 3180 bene
1482 3131 1565 3180 vero

386 3223 534 3291 servitus
547 3221 748 3307 personalis,
761 3225 799 3288 ut
808 3223 1022 3286 ususfructus
1034 3225 1068 3286 et
1077 3221 1251 3298 habitatio,
1267 3239 1338 3287 non
1350 3227 1465 3288 tamen
1478 3222 1567 3287 ultra

387 3332 494 3398 vitam
507 3330 693 3406 fructuarii,
708 3347 798 3404 cum,
815 3327 1185 3414 resolutojuredantis,
1195 3329 1388 3396 resolvatur
1401 3329 1590 3414 etiamjus·

387 3439 594 3524 accipientis.
1304 3496 1308 3502 .

426 3551 460 3614 5⁰
475 3549 592 3634 Operae
610 3549 826 3614 subditorum
842 3547 982 3612 domino
997 3545 1131 3612 debita.
1146 3547 1296 3613 Tandem

427 3660 460 3724 6⁰
475 3659 541 3724 Res
554 3659 698 3743 propriae
712 3657 819 3742 ipsius
833 3655 1059 3731 conductoris,
1072 3657 1151 3739 qnia
1164 3674 1243 3721 oum
1256 3657 1430 3741 proprium
1439 3658 1567 3724 domini

388 3766 432 3831 sit
453 3786 555 3850 posse
578 3785 615 3832 re
636 3784 699 3830 sua
723 3765 784 3841 uti,
808 3781 870 3848 pro
888 3766 964 3846 ejus
985 3781 1051 3826 usu
1073 3761 1268 3828 mercedem
1289 3783 1309 3828 a
1330 3763 1470 3830 domino
1484 3783 1568 3849 prae-

388 3877 470 3943 stari
484 3875 640 3960 iniquum
653 3873 753 3939 foret.
765 3871 937 3956 Excipitur
951 3871 1088 3956 quando
1104 3871 1264 3936 dominus
1274 3891 1329 3938 res
1344 3892 1425 3938 suas
1433 3873 1568 3957 pignori

389 3989 449 4050 aut
461 3981 527 4049 alio
539 3985 617 4066 jure
632 3981 667 4046 in
683 3981 788 4046 alium
805 3977 993 4056 transtulit;
1010 3997 1091 4044 nam
1109 3981 1172 4046 has
1189 3979 1379 4045 conducere
1398 3985 1511 4065 potest
1526 3982 1569 4046 ab

390 4092 475 4176 ipso,
493 4097 532 4156 ut
547 4108 707 4175 expresse
724 4087 916 4154 declaratur
929 4089 1054 4172 injure
1069 4088 1166 4153 Rom.

428 4203 455 4284 a)
472 4201 590 4286 Operae
607 4215 684 4283 quae
699 4197 805 4261 locari
822 4204 975 4282 poseant.
997 4197 1028 4260 l⁰
1046 4195 1239 4262 Notandum
1264 4201 1317 4261 est
1342 4196 1434 4282 quod
1457 4215 1571 4280 operae

391 4314 472 4375 sunt
487 4307 650 4393 duplices,
667 4305 795 4370 scilicet
814 4304 984 4388 simplices
999 4309 1034 4368 et
1046 4309 1263 4389 pregnantes
1281 4325 1288 4368 :
1305 4306 1470 4391 simplices
1492 4311 1574 4370 sunt

392 4419 514 4503 quibus
530 4414 689 4500 equidem
709 4412 919 4496 impenditur
933 4411 1031 4478 labor
1044 4411 1239 4496 corporalis,
1258 4413 1318 4478 sed
1333 4412 1466 4478 nullum
1486 4431 1572 4497 opus

391 4525 598 4612 producitur,
610 4522 804 4608 cujusmodi
815 4527 868 4588 est
878 4523 928 4588 ire
941 4523 1085 4588 Romam
1093 4543 1100 4598 ;
1106 4531 1338 4608 preponentes,
1351 4523 1474 4608 quibus
1486 4518 1572 4608 opus

393 4633 531 4719 aliquod
545 4637 726 4700 externum
741 4631 951 4716 producitur,
968 4635 1006 4696 ut
1019 4631 1171 4715 pingere.
1361 4623 1364 4630 '

396 4788 410 4804 .
433 4743 466 4809 2⁰
480 4740 661 4828 Utriusque
675 4740 813 4826 generis
826 4757 939 4824 operae
953 4738 1056 4806 locari
1071 4743 1226 4826 possunt,
1244 4741 1271 4806 si
1288 4745 1403 4808 tamen
1416 4741 1569 4809 bouestae
