3504 5572
562 578 650 624 tinen
673 565 803 626 rennos
824 577 1046 626 nsenrrnnon.
1337 559 1396 626 sas
1486 563 1489 574 '

213 701 308 779 parte
321 717 329 774 ;
343 697 401 781 qui
420 701 488 761 tres
507 703 567 761 aut
580 697 706 781 plures,
719 698 762 762 de
779 703 900 781 quarta
909 701 1044 762 tantum
1056 701 1163 780 parte.
1177 695 1246 760 Sub
1257 697 1396 762 nomine

190 805 363 895 ¹tiliorum
391 805 536 870 veniunt
566 804 814 871 descendentes
842 805 961 870 directi
981 806 1017 869 in
1045 822 1262 888 quocumque
1287 802 1396 886 gradu

213 913 288 995 (art.
303 913 363 976 915
381 912 460 978 (lod.
478 913 567 995 cin).

253 1021 285 1084 3ο
296 1021 406 1086 Etiam
416 1027 577 1105 parentes
588 1021 712 1106 aliique
728 1024 953 1089 ascendentes
963 1039 1124 1088 revocare
1136 1027 1283 1106 possunt
1292 1022 1397 1088 dona-

213 1131 324 1194 tiones
337 1130 545 1196 inolsseiosas
560 1129 707 1195 aliberis
721 1133 839 1196 laetas.
856 1132 921 1197 Par
932 1137 985 1196 est
998 1131 1085 1197 ratio
1095 1131 1132 1194 in
1146 1137 1291 1216 utroque
1301 1148 1393 1196 casu.

213 1238 278 1303 Sed
294 1239 405 1324 quoad
417 1237 653 1315 ascendentes,
673 1239 720 1304 sic
736 1238 985 1305 determinatur
999 1239 1186 1304 reservatio
1203 1259 1209 1302 :
1229 1241 1258 1302 si
1281 1258 1396 1322 super-

214 1353 294 1412 sunt
315 1348 551 1424 ascendentes,
576 1353 611 1412 et
632 1367 702 1413 non
727 1349 987 1425 descendentes,
1005 1369 1048 1414 ex
1063 1353 1126 1413 art.
1147 1349 1207 1412 eta
1220 1348 1299 1412 (lod.
1315 1349 1392 1415 civ..

213 1461 409 1522 reservatur
416 1457 556 1522 dimidia
564 1476 643 1539 pars
656 1459 837 1534 honorum,
862 1458 890 1522 si
904 1459 939 1522 in
949 1463 1093 1542 utraque
1103 1456 1195 1520 linea
1205 1462 1348 1540 paterna
1362 1463 1397 1520 et

213 1571 368 1629 materna
380 1565 510 1630 adsunt
519 1565 670 1649 prdedicti
685 1566 950 1640 descendentes;
967 1567 1040 1630 siin
1056 1584 1125 1630 una
1141 1570 1274 1630 tantum
1291 1565 1393 1634 linea.

213 1679 409 1738 reservatur
423 1679 543 1758 quarta
556 1693 652 1757 pars:
659 1674 801 1750 Quando
809 1693 880 1739 non
896 1681 1082 1757 supersunt
1093 1673 1158 1738 nisi
1171 1671 1394 1751 collaterales,

214 1781 307 1846 nulla
321 1783 436 1846 existit
449 1783 636 1846 reservatio
650 1802 656 1856 3
674 1783 767 1848 nulls
783 1785 884 1850 etiam
902 1783 1089 1848 reservatio
1106 1783 1300 1863 assignatur
1314 1799 1393 1846 con-

210 1892 288 1973 jugi
302 1892 487 1975 superstiti.

252 2001 285 2063 4⁰
305 1999 489 2066 Revocatio
505 2001 704 2066 inofficiosae
720 1999 913 2064 donationis
929 2001 1002 2064 sseri
1022 2001 1141 2084 nequit
1155 2005 1234 2066 ante
1248 2006 1396 2066 mortem

215 2109 402 2188 donatoris,
425 2111 504 2194 quia
523 2115 604 2174 tunc
628 2110 778 2192 primurn
801 2109 942 2192 incoepit
965 2109 1086 2174 cedere
1109 2109 1145 2172 in
1159 2108 1396 2192 praejudicium

214 2205 374 2295 liliorum,
392 2219 515 2302 quibus
530 2223 633 2284 antea
653 2235 725 2281 non
739 2217 884 2281 debetur
900 2216 1064 2298 legitima.
1081 2216 1284 2281 [lanatarius
1299 2218 1397 2280 resti-

215 2332 310 2390 tuere
335 2331 472 2390 tenetur
489 2328 621 2391 fructus
634 2330 814 2408 perceptos
832 2324 917 2388 adio
930 2323 1044 2388 obitus
1061 2323 1247 2400 donatoris,
1265 2325 1293 2391 si
1308 2325 1398 2388 intra

213 2453 344 2498 annum
360 2435 448 2499 lacta
458 2435 560 2499 luerit
575 2433 732 2510 donatio;
748 2445 857 2509 secus,
874 2451 895 2497 a
911 2432 965 2497 die
979 2433 1154 2515 petitionis
1172 2453 1178 2496 :
1195 2435 1244 2496 ita
1257 2439 1319 2496 art.
1336 2433 1397 2496 928

213 2541 292 2608 (lod.
309 2543 373 2607 civ.
391 2542 551 2626 Sequitur
565 2543 656 2626 quod
671 2543 810 2607 donatio
825 2543 998 2606 fruetuum
1018 2548 1072 2605 est
1086 2541 1243 2606 absoluta
1266 2548 1301 2606 et
1322 2541 1395 2604 sine

214 2651 363 2733 periculo
378 2652 613 2728 restitutionis,
628 2671 706 2716 cnm
722 2653 756 2714 hi
769 2669 839 2716 non
855 2652 1045 2716 debeantur
1057 2653 1121 2715 nisi
1137 2669 1158 2714 a
1175 2651 1227 2714 die
1243 2651 1366 2714 obitus.

690 2877 849 2939 sectio
878 2879 915 2938 V.

368 3033 449 3086 011oe
466 3033 625 3099 specialis
642 3033 776 3086 suntin
793 3033 914 3086 mortis
931 3047 1033 3086 muse
1050 3033 1239 3088 donatione.

256 3207 287 3280 a)
304 3199 446 3262 Donatio
467 3198 587 3262 mortis
602 3215 715 3273 causa,
734 3197 846 3281 quoad
861 3197 1004 3262 modum
1020 3203 1054 3262 et
1066 3199 1225 3274 formam,
1242 3197 1395 3262 imitatur

216 3307 553 3390 pertimeantractus,
568 3307 846 3390 quiaconsensus
861 3311 896 3369 et
910 3305 1096 3388 acceptatio
1107 3305 1274 3370 donatarii
1286 3306 1395 3388 requi-

216 3415 311 3491 ritur,
326 3414 450 3498 partim
462 3418 718 3489 testamentum,
736 3413 816 3497 quia
829 3431 909 3477 cum
919 3413 1050 3477 eisdem
1058 3412 1332 3476 solemnitatibus
1343 3413 1391 3476 sst.

214 3525 246 3586 l⁰
255 3522 353 3606 Apud
361 3539 436 3600 nos,
443 3521 665 3605 juxtaplures
675 3523 837 3587 civilistas
846 3541 889 3586 ex
898 3527 960 3586 art.
973 3522 1033 3586 893
1044 3522 1123 3586 (lod.
1135 3523 1212 3596 civ.‚
1223 3540 1293 3586 non
1303 3529 1394 3586 esset

214 3631 363 3696 admissa
382 3631 520 3696 donatio
547 3631 668 3696 mortis
689 3649 803 3707 causa,
830 3631 910 3714 quia
932 3631 1114 3714 praedietus
1134 3636 1196 3694 art.
1224 3629 1393 3712 duplicem

214 3747 348 3808 tantum
362 3741 509 3806 admittit
522 3741 665 3805 modum
680 3740 884 3824 disponendi
901 3740 999 3804 titulo
1014 3740 1175 3820 gratuito,
1193 3757 1317 3820 nempe
1332 3757 1394 3820 per

91 3895 97 3900 -
216 3849 435 3917 donationem
451 3851 540 3914 inter
558 3850 656 3914 vivos
676 3856 711 3913 et
723 3869 785 3933 per
806 3854 1062 3914 testamentum.
1081 3847 1147 3914 Sed
1166 3852 1265 3931 juxta
1286 3849 1394 3912 verio-

215 3978 289 4026 rem
306 3961 523 4036 sententiam,
546 3960 671 4024 sullicit
690 3965 728 4023 ut
752 3961 787 4023 in
810 3959 993 4024 donatione
1013 3958 1102 4022 inter
1121 3958 1219 4022 vivos
1238 3963 1395 4022 servetur

215 4069 325 4134 forma
340 4069 547 4150 testamenti.

253 4177 287 4239 2⁰
300 4176 420 4240 Differt
433 4195 454 4240 a
467 4175 650 4242 donatione
665 4177 755 4240 inter
766 4176 875 4252 vivos,
896 4177 977 4259 quia
990 4175 1063 4239 hoec
1083 4175 1198 4240 statim
1212 4175 1312 4240 llrma
1329 4181 1391 4252 est,

216 4291 250 4348 et
264 4299 334 4348 non
349 4283 505 4348 differtur
518 4285 554 4346 in
569 4289 704 4367 tempus
719 4285 839 4348 mortis
853 4303 860 4359 ;
876 4283 989 4348 differt
1004 4283 1162 4364 alegate,
1180 4283 1259 4367 quia
1273 4283 1315 4348 ad
1331 4283 1394 4347 hoe

216 4409 286 4456 non
298 4391 482 4475 requiritur
493 4391 680 4476 acceptatio
694 4391 859 4473 legatarii.

256 4502 286 4583 h)
301 4499 434 4564 Donare
449 4501 569 4564 mortis
584 4517 687 4564 cause
701 4505 856 4582 possunt,
873 4515 944 4563 non
959 4505 1092 4562 tantum
1116 4499 1172 4584 qui
1187 4493 1302 4563 testari
1318 4517 1394 4582 pos-

216 4615 306 4686 sunt,
319 4609 380 4673 sed
394 4608 498 4672 etiam
507 4608 565 4692 qui
573 4608 689 4672 testari
704 4612 891 4692 nequeunt,
901 4607 1004 4671 modo
1014 4607 1098 4671 alias
1109 4607 1247 4672 donatio
1262 4608 1311 4671 eis
1323 4626 1393 4671 non
1427 4597 1429 4602 ’

214 4717 444 4800 prohibeatur.
460 4718 513 4781 Sic
526 4735 559 4780 v.
576 4735 609 4796 g.
627 4717 736 4798 pubes
751 4715 793 4780 de
806 4733 976 4780 consensu
991 4716 1096 4799 patris
1110 4720 1223 4798 potest
1237 4734 1279 4778 ex
1294 4716 1393 4778 bonis

356 4845 388 4890 n.
1213 4825 1252 4886 93
