3498 5572
556 615 644 660 0111011
667 615 793 662 rsnrros
814 613 1037 660 nnonnrsuun.
1327 597 1387 662 too

209 738 323 804 siones
341 756 403 822 per
425 737 621 822 parochiam
636 756 698 803 seu
715 741 812 802 extra
826 735 1004 802 ecclesiam
1018 735 1061 800 ad
1076 736 1188 801 solum
1202 737 1387 820 parochum

209 836 420 932 0000100118.
437 847 559 928 Gongr.
577 846 641 912 Rit.
665 847 700 911 ll
714 849 849 930 januar.
872 845 978 927 1714);
999 861 1070 910 000
1084 849 1200 910 autem
1217 845 1261 910 ad
1279 845 1387 930 capel-

207 955 336 1032 lanum,
351 955 408 1038 qui
426 959 542 1020 tamen
558 955 648 1020 intra
661 955 834 1038 propriam
854 953 1032 1019 ecclesiam
1046 956 1160 1037 potest
1178 953 1251 1018 baec
1272 954 1389 1019 omnia

208 1083 383 1149 peragere.
413 1065 499 1148 Ergo
526 1065 833 1140 confraternitates,
860 1063 983 1130 domus
1004 1062 1174 1146 religiosae
1198 1069 1384 1146 nequeunt,

208 1174 341 1240 secluso
368 1172 505 1258 speciali
522 1173 719 1258 privilegio,
741 1173 998 1258 processionem
1020 1174 1133 1238 tacere
1159 1175 1257 1236 extra
1282 1171 1388 1237 ecole-

208 1284 305 1360 siam,
319 1283 386 1348 nisi
402 1283 442 1348 de
456 1282 593 1348 licentia
605 1288 640 1348 et
652 1301 824 1348 consensu
837 1283 986 1367 parochi.
1001 1281 1172 1349 Parochus
1183 1299 1320 1364 semper
1330 1283 1388 1364 jus

206 1392 311 1457 habet
325 1391 493 1474 dirigendi
506 1393 773 1476 processionem,
788 1409 858 1458 non
873 1395 990 1456 autem
1006 1389 1180 1456 deierandi
1195 1388 1251 1454 SS.
1271 1389 1386 1454 Sacra·

207 1505 364 1566 mentum
377 1520 384 1578 3
400 1499 436 1564 id
448 1503 579 1584 spectat
591 1501 783 1583 generatim
796 1499 840 1566 ad
854 1499 1095 1565 celebrantem.

247 1612 280 1673 5⁰
294 1608 353 1673 lus
367 1610 471 1674 hahet
483 1610 677 1676 celebrandi
690 1611 814 1675 missas
829 1610 1065 1687 solemniores,
1084 1608 1205 1674 saltem
1225 1609 1262 1672 in
1284 1606 1389 1674 eccle-

209 1720 259 1784 sia
270 1718 453 1801 parochiali
468 1739 476 1782 ε
492 1737 573 1784 nam
587 1721 623 1784 in
636 1721 793 1786 oratoriis
809 1725 844 1784 et
868 1719 1019 1784 ecclesiis
1040 1719 1207 1802 separatis
1226 1721 1284 1802 jus
1305 1717 1389 1784 cele-

209 1827 328 1891 brandi
343 1846 413 1892 non
429 1833 561 1911 spectat
574 1828 617 1894 ad
638 1829 836 1913 parochum,
861 1834 899 1893 ut
920 1827 1099 1912 respondit
1119 1828 1151 1892 S.
1177 1825 1298 1909 Gongr.
1321 1827 1387 1891 Rit.

247 1934 342 2000 Unde
372 1942 517 2019 possunt
542 1939 706 2004 celebrari
730 1937 843 2002 missae
871 1937 1043 2002 solemnes
1068 1937 1105 2001 in
1130 1936 1287 2001 oratoriis
1316 1936 1389 2002 sine

206 2041 342 2110 licentia
354 2047 503 2129 parochi,
520 2047 585 2111 nisi
599 2047 688 2111 adsit
698 2045 912 2112 consuetudo
928 2045 983 2111 vel
997 2045 1032 2110 id
1050 2050 1270 2111 reservatum
1288 2045 1391 2110 fuerit

207 2153 243 2215 in
256 2153 354 2219 titulo
369 2154 578 2221 fundationis
593 2156 742 2221 oratorii.

248 2262 281 2325 6⁰
293 2263 352 2327 Jus
368 2263 550 2348 sepulturae
573 2264 630 2329 vel
648 2264 814 2348 portionis
836 2263 1019 2340 canonicae,
1037 2262 1260 2340 decimarum,
1276 2261 1392 2344 primi-

208 2373 344 2450 tiarum,
360 2375 395 2436 et
409 2370 632 2436 oblationum.

247 2482 279 2544 ’1ο
291 2479 392 2544 Verbi
407 2479 512 2544 divini
531 2480 736 2564 pradicatio,
761 2485 800 2544 ut
821 2484 916 2564 patet
939 2499 982 2544 ex
1002 2496 1097 2546 0000.
1118 2478 1206 2544 Trid.
1234 2480 1330 2562 (sess.
1357 2479 1388 2554 5,

208 2607 279 2674 cap.
288 2591 318 2667 0,
330 2589 371 2654 de
380 2589 480 2672 liet).
493 2589 619 2655 Praeter
633 2592 831 2674 episcopum
845 2593 880 2654 et
888 2591 1067 2674 parochos,
1080 2605 1183 2655 nemo
1195 2587 1389 2654 concionari
1474 2585 1476 2592 ’

207 2703 320 2782 potest
343 2697 416 2763 sine
439 2699 680 2764 commissione
703 2699 813 2784 Papae,
838 2699 988 2784 episcopi
1012 2697 1068 2764 vel
1090 2697 1239 2782 parochi.
1261 2695 1389 2762 Tamen

143 2792 144 2796 ¹
207 2807 374 2891 parochus
400 2807 520 2891 nequit
542 2807 622 2871 dare
651 2807 821 2890 ejusmodi
844 2807 1124 2873 commissionem
1150 2805 1223 2870 sine
1252 2803 1389 2872 licentia

208 2915 367 3000 episcopi,
392 2919 431 2980 ut
451 2913 653 2998 intelligitur
674 2935 717 2980 ex
731 2933 826 2981 cono.
847 2915 1000 2980 rudent
1019 2919 1113 2980 etex
1135 2913 1294 2980 declarat.
1319 2913 1390 2979 Gle-

206 3028 312 3090 ment.
330 3021 410 3088 Vlll.
429 3023 495 3089 Sed

249 3134 279 3216 0)
296 3133 417 3198 Utrum
433 3133 616 3200 benedictio
631 3143 664 3198 et
675 3136 879 3221 dr'epensntio
891 3135 1162 3218 cinerumprtmn
1173 3132 1389 3214 1110000010-

207 3244 356 3326 postne,
371 3241 573 3308 Pnlmarnm
594 3244 764 3309 dominica
775 3245 903 3327 festum
917 3242 1092 3309 ructatis
1107 3241 1341 3322 antecedente,
1357 3250 1391 3306 et

208 3368 379 3414 cereorum
393 3352 428 3415 in
442 3352 530 3433 festo
544 3351 807 3433 Pnrzncationts,
818 3353 886 3416 sint
896 3351 937 3415 de
946 3351 1177 3434 functionibus
1185 3331 1389 3436 parochiali-

208 3457 291 3521 bus?
310 3457 404 3523 Multi
431 3459 617 3524 canonista
639 3459 721 3524 olim
745 3460 975 3536 affirmarunt,
1006 3459 1042 3522 in
1072 3475 1219 3542 quorum
1247 3457 1389 3541 proinde

207 3565 377 3631 sententia
398 3565 575 3650 capellani,
599 3565 860 3652 eleemosynarii
879 3567 915 3630 in
936 3566 1092 3632 oratoriis
1117 3565 1175 3630 vel
1197 3565 1347 3631 ecclesiis
1370 3585 1390 3631 a

206 3674 389 3758 parochiali
404 3673 546 3739 ecclesia
562 3675 715 3751 diversis,
735 3676 824 3740 hanc
840 3674 1116 3740 benedictionem
1135 3691 1298 3757 peragere
1318 3689 1389 3738 000

206 3787 357 3866 possent.
375 3781 440 3847 Sed
457 3781 529 3847 Sao.
547 3781 668 3864 Gongr.
682 3785 747 3848 Rit.
765 3783 801 3847 10
815 3783 971 3867 pluribus
984 3781 1264 3866 responsionibus
1273 3780 1389 3864 (1000-

207 3891 315 3955 cemb.
329 3891 970 3976 1100310011.1640,13]000οι·.1011)
989 3890 1173 3956 declaravit
1185 3889 1390 3954 benedictio·

208 4017 289 4063 nem
301 4003 336 4063 et
351 3998 641 4081 dispensationem
651 3999 806 4064 cinerum
816 3999 890 4064 fleri
899 4017 1001 4082 posse
1010 3999 1046 4062 in
1057 3998 1215 4063 omnibus
1226 3997 1387 4062 ecclesiis.

207 4103 247 4170 Et
258 4107 294 4170 in
310 4107 434 4172 decret.
450 4107 489 4169 11
497 4108 632 4189 januar.
648 4107 737 4182 lltll,
752 4107 795 4172 ad
806 4109 837 4184 5,
854 4105 1126 4172 declaraturillas
1136 4105 1390 4170 benedictiones

209 4214 587 4280 etdistributionesnon
597 4233 673 4281 esse
683 4216 724 4280 de
732 4217 868 4299 juribus
878 4234 973 4280 mere
983 4214 1241 4299 parochialibus.
1253 4215 1392 4279 Verum-

209 4327 324 4388 tamen
348 4325 402 4388 hae
429 4324 639 4394 functiones,
665 4325 746 4389 11001
773 4342 843 4390 000
869 4325 938 4388 0101
957 4325 1036 4408 Jura
1063 4341 1147 4407 pure
1175 4322 1389 4407 parochialia,

208 4431 325 4514 peragi
340 4431 466 4496 debent
480 4431 638 4497 acuratis
652 4433 687 4496 in
701 4451 822 4498 eorum
837 4433 979 4499 ecclesia
989 4431 1183 4516 parochiali.
1196 4431 1233 4495 ln
1249 4430 1392 4498 ecclesia

208 4539 392 4604 cathedrali
406 4539 626 4604 candelarum
640 4541 832 4607 benedictio
852 4545 886 4606 et
903 4540 1095 4605 distributio
1109 4540 1205 4604 111011
1220 4541 1389 4625 episcope,

210 4645 267 4729 qui
281 4647 427 4730 primam
441 4647 619 4713 candelam
634 4651 755 4735 accipit
768 4667 788 4714 a
801 4650 912 4733 prima
920 4647 1084 4731 dignitate
1095 4647 1230 4731 capituli
1243 4668 1250 4724 ;
1267 4648 1389 4713 deinde

210 4753 388 4839 episcopus
403 4755 461 4822 dat
474 4756 867 4843 candelamhuicprimae
880 4756 1036 4840 dignitati
1049 4760 1127 4822 ante
1143 4773 1274 4833 omnes,
1284 4755 1387 4822 etiam
1467 4742 1469 4746 ’
