3510 5574
531 588 618 640 tisun
638 595 763 641 marrus
784 584 1003 640 ascensentur.
1227 580 1232 591 '
1300 575 1360 642 ata

186 710 345 792 patronus
361 709 417 776 ille
442 711 657 780 existimatus
681 717 734 776 est
758 713 856 797 quasi
877 712 914 775 in
934 711 1165 795 possessione.
1181 713 1213 776 2⁰
1230 711 1264 777 Si
1276 733 1362 796 pra-

186 823 335 884 sentetus
350 820 394 884 sit
405 820 538 886 habilis.
554 821 587 886 3⁰
602 821 637 886 Si
649 823 867 905 praesentatio
881 822 942 887 flat
953 821 989 886 in
1003 825 1157 906 tempore
1172 821 1298 887 debito.

222 925 278 992 llis
294 930 586 1008 concurrentibus,
608 930 800 995 ordinarius
822 935 960 995 tenetur
978 929 1157 996 instituere
1180 937 1362 1014 prasenta-

185 1038 265 1114 tum,
282 1036 331 1102 ite
344 1042 382 1102 ut
395 1037 496 1104 detur
510 1038 691 1124 appellatio
712 1044 832 1104 contra
854 1037 961 1115 illurn,
979 1038 1008 1103 si
1026 1038 1205 1105 instituere
1226 1045 1359 1117 renuat,
1461 1085 1464 1107 .

184 1148 241 1210 aut
251 1144 330 1229 plus
344 1166 443 1231 aequo
459 1147 603 1214 differat.
620 1147 749 1232 ltaque,
765 1153 805 1212 ut
817 1148 1023 1214 heneficium
1036 1153 1256 1232 patronatum
1265 1166 1363 1214 occu-

183 1255 253 1334 pari
267 1256 387 1338 possit,
402 1259 588 1341 requiritur
607 1258 827 1342 presentatio
842 1264 877 1323 et
890 1257 1070 1323 institutio.

222 1362 250 1444 b)
265 1361 349 1430 llinc
371 1365 403 1428 l·
429 1366 579 1432 invalide
599 1373 652 1432 est
671 1360 839 1432 institutio
857 1369 947 1433 lacta
965 1367 1122 1450 neglecto
1142 1373 1359 1452 praesentato,

182 1469 236 1536 vel
250 1473 380 1556 absque
395 1492 566 1540 consensu
577 1481 611 1540 et
620 1476 1043 1561 praesentatione-patroni.
1057 1474 1132 1541 Dixi
1144 1502 1159 1534 «
1172 1475 1321 1542 invalida
1333 1505 1359 1551 l,

183 1595 262 1645 narn
276 1599 346 1646 non
369 1590 422 1650 est
440 1589 574 1650 tanturn
595 1583 832 1658 rescindihilis,
849 1584 909 1649 sed
928 1585 1003 1668 ipso
1018 1587 1095 1667 jnre
1110 1586 1214 1650 irrito.
1232 1583 1363 1666 Colligi-

182 1695 237 1754 tur
251 1710 295 1756 ex
305 1695 384 1775 ,iure
396 1695 538 1778 antiquo
554 1695 593 1776 (c.
612 1693 850 1777 Decemimus).

220 1797 304 1866 ilino
313 1801 347 1866 θ’
357 1820 401 1866 ex
414 1801 522 1868 altera
535 1809 642 1887 parte,
657 1803 851 1868 necessaria
860 1809 914 1867 est
920 1803 1101 1879 institutio,
1117 1808 1156 1867 ut
1165 1804 1362 1868 nominatus

180 1909 290 1990 possit
303 1927 469 1993 occupare
484 1909 540 1977 vel
554 1911 792 1976 administrare
809 1911 1033 1988 beneficium3
1050 1929 1130 1976 nam
1143 1911 1363 1994 praesentatio

181 2035 242 2082 seu
255 2018 447 2084 nominatio
462 2020 596 2084 confert
613 2023 748 2084 lantum
757 2021 818 2102 jus
833 2020 882 2084 ael
892 2038 984 2100 reem
1005 2019 1066 2084 sed
1085 2020 1205 2084 titulus
1225 2039 1265 2084 ac
1283 2039 1364 2105 pro-

176 2129 306 2210 prietas
326 2127 477 2209 beneficii
497 2147 569 2194 non
592 2128 779 2213 acquiritur
801 2129 868 2194 nisi
895 2148 958 2212 per
980 2128 1242 2193 institutionem.
1259 2127 1363 2192 Porro

179 2237 357 2318 occupatio
382 2235 438 2300 vel
462 2235 712 2305 administratio
740 2236 901 2322 supponit
928 2237 1191 2320 proprietatem,
1220 2253 1281 2300 seu
1303 2238 1362 2318 jus

180 2361 213 2406 m
231 2363 280 2408 re.

533 2513 565 2563 ll.
582 2513 622 2564 Ite
637 2521 670 2564 ec
685 2509 734 2576 qul
747 2511 842 2575 potest
854 2509 1013 2564 instituere.

220 2679 252 2742 1⁰
267 2677 375 2764 Papa,
398 2679 434 2742 in
448 2678 611 2743 universa
624 2677 773 2744 Ecclesia
786 2683 822 2742 et
836 2679 949 2762 quoad
964 2677 1081 2743 omnia
1093 2676 1269 2746 beneficia.

218 2790 253 2853 2⁰
270 2787 350 2853 Post
363 2787 513 2876 mom,
534 2791 592 2871 jus
615 2787 817 2854 instituendi
840 2776 1003 2871 competit
1024 2787 1184 2872 episcopo
1205 2791 1240 2854 in
1264 2791 1363 2872 cujus

180 2897 320 2962 diocesi
334 2896 448 2980 aliqua
461 2897 645 2981 praebenda
666 2895 722 2960 vel
742 2895 880 2980 aliquod
895 2896 1101 2960 beneficium
1121 2898 1225 2960 situm
1240 2903 1303 2974 est,
1320 2915 1363 2960 ex

179 3023 253 3089 cap.
270 3005 376 3086 9huj.
393 3004 444 3068 tit.
465 3004 560 3074 Unde
575 3005 662 3070 alius
676 3003 889 3073 contendens
904 3004 968 3068 sibi
987 3010 1182 3088 competere
1194 3007 1252 3087 jus
1268 3005 1363 3068 insti-

180 3113 311 3189 tuendi,
334 3113 468 3194 cogitur
490 3111 575 3176 illud
597 3114 753 3202 probare.
783 3112 857 3176 Non
882 3118 935 3176 est
958 3131 1099 3176 necesse
1123 3118 1161 3175 ut
1184 3113 1362 3195 episcopus

178 3217 357 3282 institutor
370 3217 414 3280 sit
427 3220 658 3294 consecratus,
672 3233 754 3279 nam
767 3214 936 3278 institutio
952 3233 1022 3278 non
1038 3219 1091 3278 est
1109 3221 1205 3279 actus
1220 3215 1359 3290 ordinis,

179 3325 241 3389 sed
253 3322 510 3407 jurisdictionis,
524 3341 629 3406 quam
643 3323 824 3406 episcopus
835 3321 964 3388 electus
974 3323 1234 3388 confirmatione
1244 3341 1364 3389 conse-

180 3434 306 3517 quitur.
328 3431 471 3498 Nomine
492 3431 642 3514 episcopi
659 3433 756 3500 venit
773 3433 877 3497 etiarn
896 3429 1056 3514 praelatus
1073 3431 1272 3514 plenissimo
1284 3435 1361 3515 jure

178 3559 259 3607 eum
272 3541 364 3606 clero
379 3545 414 3604 et
427 3541 552 3624 populo
568 3545 760 3624 exemptus.

219 3652 253 3714 3⁰
271 3649 423 3719 Vicat-ius
445 3648 613 3734 pancratis
636 3650 784 3733 episcopi
808 3655 921 3732 potest
944 3650 1047 3714 etiam
1071 3648 1112 3713 de
1133 3653 1223 3732 jure,
1238 3669 1361 3734 nempe

179 3761 254 3825 sine
270 3757 408 3843 speciali
422 3758 596 3834 mandato,
612 3759 791 3822 instituere
805 3779 812 3835 ;
836 3777 918 3826 nam
934 3757 1102 3822 institutio
1117 3774 1187 3822 non
1207 3777 1363 3825 numeru·
1455 3743 1458 3748 ¹

181 3875 237 3933 tur
254 3867 345 3932 inter
364 3884 485 3932 causas
500 3866 625 3932 arduas
646 3866 733 3930 sicut
749 3866 938 3931 destitutio.
954 3865 1002 3928 Ex
1021 3863 1128 3930 altera
1145 3871 1251 3948 parte,
1269 3868 1363 3931 insti-

181 3969 362 4042 tutio'non
385 3980 439 4039 est
463 3978 639 4038 reservata
661 3972 831 4056 episeopo,
849 3978 887 4037 ut
908 3973 1044 4042 collatio
1067 3973 1185 4038 libera.
1212 3973 1251 4037 Et
1276 3975 1362 4040 ratio

180 4084 386 4150 discriminis
397 4086 460 4162 est,
475 4083 567 4168 quod
578 4081 713 4147 collatio
727 4081 834 4147 libera
848 4083 1017 4148 rationem
1025 4083 1361 4161 donationishabeat,

182 4193 265 4258 dum
281 4191 450 4258 institutio
473 4195 525 4255 est
550 4191 753 4256 necessaria.
771 4191 874 4256 Porro
889 4191 1036 4255 vicarius
1050 4189 1219 4272 generalis
1235 4191 1362 4256 donare

181 4303 310 4388 nequit.

221 4411 253 4474 4⁰
269 4409 480 4494 Capitulum,
497 4409 577 4474 sede
593 4413 747 4485 vacante,
764 4411 879 4492 potest
892 4407 1082 4484 instituere,
1100 4407 1180 4491 quia
1193 4408 1361 4474 institutio

182 4523 235 4583 est
258 4517 470 4583 necessitatis
493 4521 528 4581 et
548 4515 701 4599 justitiae,
723 4533 785 4580 seu
805 4512 1051 4598 iurisdictionis
1066 4516 1268 4582 necessariae
1286 4535 1362 4600 quae

183 4627 305 4692 transit
318 4625 355 4690 in
368 4623 555 4709 capitulum
566 4625 605 4708 (c.
623 4624 765 4688 unleds
778 4621 977 4704 Majore'tate
991 4629 1024 4686 et
1036 4621 1237 4706 odedientia,
1254 4624 1289 4688 in
1303 4625 1359 4708 6⁰).

184 4734 336 4802 Potestas
348 4752 432 4799 vero
443 4733 639 4800 conterendi
654 4750 724 4798 non
740 4733 862 4796 transit
874 4732 911 4795 in
924 4729 1120 4814 capitulum,
1136 4733 1215 4815 quia
1226 4733 1361 4800 collatio
