3504 5572
835 575 889 628 Jtts
911 573 1090 626 CANlllthtll.

628 757 642 834 5
662 761 696 818 11.
721 759 762 819 ile
778 759 1003 832 permutatione
1020 771 1125 817 rerum
1144 753 1293 815 Emleeise.

415 905 510 972 Nom.
528 905 595 972 Res
608 905 792 990 spiritualis
807 924 869 990 pro
887 905 1066 990 temporali
1086 923 1150 975 nee
1167 903 1258 968 licite
1277 919 1341 968 neo
1354 900 1466 968 valide
1482 919 1557 986 per-

376 1015 501 1080 mutari
514 1019 642 1098 potest3
660 1013 877 1099 exploratum
898 1019 951 1079 est
964 1013 1055 1098 apud
1069 1030 1191 1078 omnes
1210 1011 1317 1078 talem
1335 1010 1558 1095 permutatio

377 1141 457 1188 nem
477 1141 553 1189 esse
574 1123 807 1190 simoniacam.
821 1122 889 1190 Sed
905 1139 961 1187 res
982 1120 1165 1206 spiritualis
1179 1138 1241 1204 pro
1256 1119 1323 1185 alia
1335 1137 1372 1184 re
1391 1117 1557 1204 spirituali

375 1231 465 1297 licite
480 1249 520 1298 ao
534 1231 645 1300 valide
660 1232 848 1316 permutari
867 1235 992 1314 potest,
1010 1231 1091 1314 quia
1106 1247 1186 1294 oum
1205 1247 1261 1294 ros
1281 1227 1474 1312 spirituales
1489 1227 1558 1290 sint

377 1341 533 1424 ejusdem
557 1341 702 1418 ordinis,
725 1357 765 1406 ao
789 1339 854 1406 sibi
879 1339 1027 1404 invicem
1053 1339 1336 1422 proportionatae,
1360 1334 1558 1401 nullatenus

377 1449 561 1530 derogatur
575 1466 695 1514 eorum
714 1447 885 1530 dignitati,
903 1449 932 1512 si
948 1447 991 1512 od
1010 1447 1158 1512 invioem
1173 1449 1427 1531 permutantem
1444 1444 1559 1525 agitur

379 1557 420 1622 de
435 1557 499 1622 boo
515 1557 778 1641 permutatione.

416 1663 440 1729 l.
458 1665 524 1748 Res
545 1663 700 1730 Eoelesiae
722 1666 754 1728 l·
768 1663 906 1728 mobiles
922 1683 991 1728 non
1003 1663 1180 1748 pretiose,
1197 1681 1272 1748 quae
1295 1661 1466 1728 servando
1488 1678 1558 1726 ser-

376 1775 450 1841 vari
465 1791 536 1841 nou
551 1780 706 1858 possunt,
722 1773 813 1839 lioite
832 1778 1073 1858 permutantur
1086 1791 1149 1858 pro
1163 1773 1237 1839 aliis
1258 1771 1415 1857 ejusdem
1433 1769 1559 1836 valoris

378 1881 491 1968 quood
502 1883 699 1960 materiam;
712 1884 760 1949 sio
775 1882 863 1949 salix
874 1885 1035 1969 antiquus
1049 1901 1111 1967 pro
1121 1883 1189 1949 alio
1204 1899 1295 1948 novo
1308 1885 1343 1946 et
1353 1879 1438 1945 utili.
1454 1879 1560 1944 biles

381 1990 569 2056 immobiles
582 1990 639 2057 vel
652 1991 790 2057 mobiles
805 1993 975 2078 pretiose,
993 1996 1129 2056 tantum
1143 2009 1186 2055 ex
1197 1993 1297 2074 juxte
1314 2007 1417 2054 eausa
1432 1993 1560 2052 etcum

377 2097 663 2176 solemnitatibus,
686 2100 873 2184 permutari
895 2105 1108 2183 possuntne
1129 2099 1259 2164 dietum
1278 2103 1331 2162 est
1345 2099 1381 2162 in
1399 2095 1498 2162 tituto
1517 2093 1559 2160 de

376 2205 485 2273 Rebus
497 2207 587 2274 Eccl.
604 2209 720 2290 alien,
736 2209 820 2275 alias
833 2210 1039 2293 permutatio
1054 2213 1146 2274 esset
1159 2207 1270 2284 irrita3
1286 2206 1363 2272 talis
1380 2207 1472 2270 enim
1484 2221 1560 2288 per-

377 2316 522 2382 mutatio
537 2322 590 2380 est
605 2316 776 2382 alienatio.
793 2315 921 2382 Tamen
939 2317 1054 2382 minor
1072 2323 1176 2381 eausa
1192 2315 1376 2400 requiritur
1395 2331 1499 2398 quam
1517 2311 1560 2376 ad

378 2425 614 2502 vendendum
645 2425 769 2492 deiude
801 2427 936 2494 etiamsi
965 2416 1180 2509 permutatio
1191 2426 1252 2490 ssat
1273 2425 1364 2489 inter
1386 2423 1558 2500 eeclesias,

378 2538 600 2621 requiruntur
616 2536 852 2604 solemnitates
865 2538 966 2622 juris,
987 2543 1027 2604 ut
1043 2537 1118 2602 vult
1135 2533 1351 2603 communior
1372 2533 1557 2612 sententia,

379 2647 459 2729 quis
471 2646 529 2711 lex
542 2651 595 2712 est
610 2646 752 2712 omnino
766 2645 949 2728 generalis.

420 2754 673 2820 lI.Permutotio
684 2755 980 2838 beneficiorum-
990 2757 1023 2840 a)
1033 2753 1436 2840 Benetioiumpermutari
1446 2755 1560 2838 potest

378 2883 459 2930 eum
472 2866 649 2943 benelloio,
661 2865 767 2932 modo
780 2865 870 2930 adsit
882 2869 978 2950 justa
989 2885 1093 2933 eausa
1107 2873 1142 2934 et
1156 2886 1177 2933 o
1190 2865 1465 2952 permutantibus
1480 2861 1560 2928 alle-

379 2979 469 3056 gata,
483 2975 542 3056 jus
561 2973 598 3038 in
617 2991 665 3050 re,
681 2991 871 3039 consensus
893 2973 1038 3056 legitimi
1061 2975 1256 3059 superioris,
1273 2974 1416 3057 abaeque
1437 2969 1560 3036 solem·

380 3083 505 3148 nitates
526 3083 569 3148 od
590 3085 881 3150 renuntiationem
904 3085 1061 3150 beneitoii
1082 3085 1253 3170 requisitae
1276 3085 1359 3168 (oep.
1376 3081 1465 3147 unio.
1482 3081 1515 3144 b.
1533 3083 1557 3142 t.

380 3191 416 3256 in
428 3193 484 3272 6⁰).
1068 3261 1069 3264 ,

421 3300 452 3362 1·
468 3299 654 3380 Legitimos
671 3301 829 3384 superior
843 3301 1053 3386 probabilius
1073 3308 1127 3368 est
1148 3307 1282 3368 tautum
1306 3301 1486 3385 episeopus
1504 3295 1560 3363 vel

379 3407 541 3491 praelatus
562 3409 719 3492 superior
739 3409 871 3476 hebens
895 3411 1170 3492 Jurisdietiouem
1194 3411 1290 3497 quasi
1314 3407 1555 3494 episeopalem,

381 3533 451 3580 non
465 3533 549 3581 vero
563 3516 713 3594 inferior,
731 3517 864 3582 etiamsi
878 3519 1002 3584 habeat
1012 3521 1071 3602 jus
1084 3519 1282 3586 conferendi
1296 3523 1331 3584 et
1341 3515 1557 3594 instituendi3

381 3640 462 3687 nam
469 3623 651 3688 nonhabet
661 3625 720 3708 jus
733 3624 950 3690 destituendi.
966 3625 1168 3710 Capitulum,
1183 3627 1264 3692 sede
1277 3631 1430 3703 vaoante,
1448 3630 1500 3690 est
1511 3623 1559 3690 le-

381 3731 521 3814 gitimus
541 3733 696 3816 superior
715 3733 827 3818 quood
841 3751 883 3799 ea
899 3739 1031 3799 tantum
1051 3733 1218 3800 beuesseia
1232 3749 1308 3819 quae
1332 3734 1387 3800 vel
1404 3733 1448 3800 ad
1461 3750 1560 3798 suam

381 3837 488 3904 solius
510 3839 566 3906 vel
589 3840 632 3906 ad
656 3859 755 3908 suam
779 3841 883 3906 simul
904 3847 938 3907 et
962 3841 1113 3925 episcopi
1132 3841 1350 3909 collationem
1373 3841 1557 3926 pertinent,

381 3965 452 4013 nou
465 3966 549 4014 vero
564 3948 678 4032 quoad
692 3967 734 4016 ea
746 3966 894 4034 quorum
910 3948 1045 4015 eobano
1069 3949 1114 4017 od
1132 3949 1244 4017 solum
1265 3952 1463 4035 episcopum
1484 3965 1560 4035 per-

383 4056 479 4120 tinet.
1365 4073 1368 4077 ·

421 4163 455 4226 2⁰
467 4163 637 4230 Benefioia
652 4163 826 4248 resignata
846 4165 890 4231 ob
910 4166 1199 4251 permutationem
1221 4167 1401 4253 episeopus
1422 4185 1484 4233 seu
1505 4184 1562 4232 su-

382 4273 497 4356 perior
514 4272 688 4357 legitimus
704 4275 859 4342 oonierre
882 4275 983 4343 debet
1001 4278 1288 4362 permutantibus,
1305 4296 1375 4344 uon
1389 4295 1472 4344 vero
1487 4277 1562 4345 eliis

382 4379 497 4462 (Glem.
513 4383 602 4448 unio.
619 4402 693 4468 oep.
709 4384 743 4448 h.
761 4385 809 4468 t).
829 4384 864 4450 Si
887 4405 977 4452 unus
999 4388 1202 4470 resignavit,
1225 4393 1260 4454 et
1281 4385 1368 4454 alter
1385 4387 1561 4469 resignare

382 4505 452 4552 non
471 4490 545 4554 vult
557 4491 613 4556 vel
627 4509 697 4556 non
712 4497 836 4575 potest,
852 4493 946 4576 prior
958 4495 1139 4578 resignans
1153 4496 1242 4561 redit
1255 4495 1298 4561 ad
1314 4513 1416 4560 suum
1435 4493 1561 4560 banell-

381 4596 473 4661 oium
488 4598 571 4682 (esp.
585 4599 605 4664 8
618 4599 652 4663 b.
670 4606 694 4664 t.
710 4604 746 4664 et
763 4618 836 4684 esp.
852 4601 893 4666 no
906 4601 947 4667 de
959 4601 1068 4668 Preb.
1083 4603 1119 4668 iu
1132 4605 1193 4687 6⁰);
1209 4623 1276 4688 quo
1290 4621 1372 4669 oasu
1387 4621 1458 4670 non
1474 4621 1561 4686 opus

383 4710 436 4768 est
459 4724 549 4772 noro
570 4709 749 4774 oobatione
774 4711 938 4787 hominis,
956 4729 1036 4778 nam
1057 4716 1115 4796 jus
1138 4715 1252 4796 ipsum
1272 4714 1420 4788 eonfert;
1437 4713 1560 4777 deinde
