3504 5568
575 582 660 630 unas
683 580 807 630 rannus
828 581 1046 630 recurramus.
1337 569 1397 634 505

225 695 548 776 sccr.,dist.l.Ratio
556 703 618 775 est,
628 699 756 784 quiaab
767 697 918 764 ecclesiis
927 698 1082 764 infideles
1093 699 1305 784 repelluntur
1314 703 1394 778 vivi,

225 809 259 866 et
271 804 412 886 proinde
427 805 545 890 repelli
560 805 685 872 debent
698 807 834 882 mortui,
851 809 950 890 juxta
964 808 1118 888 regulam
1133 827 1140 870 ε
1154 833 1169 866 «
1185 809 1313 885 Quibus
1327 829 1397 875 uon

222 913 515 978 communicamus
528 914 626 990 vivis,
644 933 756 998 neque
766 917 909 981 mortuis
922 915 1173 980 communicare
1188 915 1363 982 debemus.
1381 943 1396 976 a

223 1019 291 1084 Hoc
305 1021 446 1103 proinde
462 1020 606 1103 intelligi
621 1021 722 1086 debet
734 1023 847 1099 etiam,
866 1023 987 1087 saltem
996 1025 1096 1105 juxta
1111 1023 1309 1105 rigidiorem
1324 1043 1398 1089 sen-

223 1129 376 1204 tentiam,
392 1129 466 1194 aliis
480 1130 739 1211 refragantibus,
758 1131 799 1196 de
814 1131 1067 1196 catechumenis
1083 1131 1138 1196 vel
1153 1132 1195 1197 dc
1211 1118 1398 1199 infantibus

223 1243 403 1321 parentum
417 1238 569 1304 lldelium
589 1239 744 1304 nondum
757 1239 943 1322 baptizatis,
962 1241 1028 1303 nisi
1043 1241 1079 1304 in
1094 1244 1191 1304 utero
1208 1243 1327 1306 matris
1341 1243 1399 1307 de-

223 1345 341 1422 functi,
358 1364 437 1410 cum
450 1351 559 1412 matre
575 1347 783 1432 sepeliantur
799 1369 806 1412 :
821 1348 886 1413 hoc
900 1348 1021 1414 ultimo
1035 1366 1116 1414 casu
1137 1367 1207 1414 nou
1224 1349 1397 1433 polluitur,

225 1456 304 1538 quia
317 1455 489 1538 conjuncti
499 1456 533 1520 vi
543 1456 715 1520 charitatis
726 1459 884 1540 separari,
902 1477 944 1522 ue
953 1459 988 1522 in
999 1457 1173 1541 sepultura
1181 1459 1330 1542 quidem,
1343 1458 1400 1523 dc-

224 1563 316 1626 bent.
334 1561 461 1645 Corpus
475 1563 623 1628 defuncti
649 1563 796 1629 infidelis
819 1565 911 1630 foras
936 1565 1054 1648 proJici
1083 1564 1185 1630 debet
1215 1570 1399 1650 antequam

225 1669 366 1734 ecclesia
378 1671 624 1748 reconcilietur,
642 1675 681 1734 ut
692 1676 826 1736 constat
838 1691 880 1736 ex
892 1672 947 1737 cit.
963 1690 1036 1738 cau.
1053 1673 1103 1737 28.
1395 1682 1400 1692 ’

263 1777 295 1839 9⁰
310 1776 489 1861 Sepultura
502 1779 612 1842 ssdelis
636 1779 920 1845 excommunicati
944 1781 1085 1856 vitandi,
1113 1799 1174 1844 seu
1197 1773 1399 1846 nominatim

225 1884 429 1962 denuntiati,
452 1891 491 1950 ut
505 1889 578 1969 jam
597 1887 725 1951 dictum
746 1893 798 1952 est
819 1888 855 1951 in
878 1889 928 1951 tit.
957 1889 998 1952 de
1020 1887 1221 1970 sepulturis.
1240 1887 1310 1968 vSed
1329 1906 1399 1952 non

222 1991 384 2074 polluitur
397 1993 571 2076 sepultura
583 1995 733 2060 haeretici
747 1995 871 2060 notorii
883 1994 937 2059 vel
947 1995 1127 2074 interdicti,
1140 1996 1219 2080 quia
1229 2013 1298 2060 nou
1308 1985 1399 2060 tene-

223 2117 301 2163 mur
314 2101 350 2163 in
362 2101 432 2165 vita
447 2101 537 2166 huno
551 2103 749 2168 hereticum
763 2103 882 2167 vitare.
896 2117 898 2126 ·

262 2208 294 2271 3·
308 2205 494 2274 Homicidio
508 2209 701 2276 voluntario
717 2215 751 2275 et
765 2212 893 2294 injusto
908 2212 998 2275 intra
1010 2211 1119 2294 ipsam
1135 2212 1312 2278 ecclesiam
1327 2232 1400 2296 per-

224 2318 356 2398 petrato
374 2334 381 2376 :
398 2334 440 2380 ex
454 2334 482 2379 c.
498 2315 528 2394 4,
544 2317 578 2380 h.
594 2317 644 2380 tit.
661 2317 790 2382 Sufficit
802 2323 841 2380 ut
863 2317 939 2400 quis
965 2317 1089 2382 vulnus
1111 2318 1235 2386 lethale
1263 2337 1399 2402 accepe-

223 2423 268 2486 rit
281 2424 316 2486 in
330 2423 403 2506 ipsa
418 2422 569 2499 ecclesia,
587 2424 720 2488 etiamsi
734 2441 803 2490 non
817 2425 984 2488 moriatur
998 2425 1033 2488 in
1043 2443 1100 2490 ea:
1113 2425 1161 2490 ita
1172 2427 1400 2491 communiter

223 2531 289 2594 Du.
305 2530 494 2595 violaretur
508 2531 612 2596 etiam
625 2550 686 2614 per
699 2535 845 2596 mortem
860 2549 920 2596 reo
935 2533 1063 2598 illatam
1076 2534 1111 2598 in
1120 2533 1261 2599 ecclesia
1273 2551 1399 2598 exsen-

224 2639 330 2704 tentia
341 2637 476 2721 judicis,
495 2639 573 2722 quia
584 2637 663 2703 licet
675 2656 769 2703 mors
783 2637 841 2702 illa
853 2657 923 2703 non
939 2640 983 2703 sit
995 2640 1161 2724 injuriosa
1174 2658 1234 2704 reo
1251 2645 1399 2704 mortem

223 2750 355 2827 merito,
373 2752 426 2815 est
444 2747 609 2830 injuriosa
631 2746 706 2812 loco
731 2764 837 2812 sacro.
866 2745 932 2810 Sed
957 2747 985 2810 si
1010 2763 1091 2810 casu
1115 2747 1254 2812 fortuito
1276 2748 1331 2812 vel
1356 2750 1398 2812 ab

223 2863 370 2935 amente,
386 2857 514 2922 furioso
529 2855 585 2920 vel
607 2855 700 2921 ebrio
713 2854 834 2938 aliquis
850 2854 1070 2930 occideretur,
1087 2853 1228 2920 ecclesia
1241 2873 1310 2920 non
1330 2855 1399 2939 pol·

223 2967 384 3046 lueretur,
402 2967 565 3051 quianon
581 2969 633 3030 est
643 2965 864 3030 homicidium
879 2964 1122 3030 voluntarium.

262 3075 294 3138 4⁰
310 3074 409 3139 Gravi
424 3075 565 3138 vulnere
581 3073 707 3138 inllicto
723 3091 802 3138 eum
813 3074 951 3157 copiosa
965 3073 1142 3156 sauguinis
1155 3073 1332 3150 effusione,
1357 3092 1400 3137 ex

224 3201 253 3247 c.
266 3183 287 3246 t
299 3183 332 3246 h.
351 3183 400 3246 tit.
418 3188 452 3246 ct
467 3201 524 3246 un.
542 3182 616 3247 eod.
636 3182 685 3245 tit.
698 3182 734 3244 in
748 3182 790 3244 6⁰.
808 3181 1003 3265 Requiritur
1017 3199 1099 3262 ergo
1115 3181 1240 3246 vulnus
1251 3199 1355 3262 grave
1366 3185 1401 3244 et

226 3289 547 3372 eiiusiosanguinis,
565 3293 599 3354 et
611 3289 688 3354 ideo
703 3289 775 3353 sola
786 3291 960 3372 percussio
972 3289 1085 3370 gravis
1098 3307 1167 3353 nou
1182 3290 1400 3353 sullleeretut

227 3399 368 3464 ecclesia
383 3402 563 3462 censeatur
583 3395 731 3478 polluta3
753 3413 835 3460 uam
848 3397 905 3460 lex
919 3395 1063 3479 poenalis
1081 3400 1134 3459 est
1159 3396 1273 3460 stricte
1296 3396 1400 3458 inter-

226 3505 400 3590 pretanda.
416 3503 543 3568 Deinde
555 3502 612 3567 lex
627 3504 731 3568 etiam
745 3503 906 3586 supponit
919 3503 1092 3586 copiosam
1106 3502 1310 3568 allusionem
1325 3521 1400 3566 sau-

227 3613 359 3693 guinis:
377 3611 424 3674 sic
438 3629 470 3674 v.
483 3629 516 3692 g.
529 3610 651 3674 effusio
666 3611 842 3690 sanguinis
857 3628 876 3673 e
890 3609 1027 3673 naribus
1036 3625 1152 3691 pugno
1167 3615 1305 3674 causata
1313 3627 1400 3674 nuu-

227 3737 329 3802 quam
344 3718 449 3783 violat
461 3717 657 3792 ecclesiam;
673 3721 788 3781 tamen
803 3717 907 3800 aliqui
919 3716 1155 3782 contradicunt
1173 3719 1209 3782 in
1229 3735 1310 3782 casu
1332 3736 1399 3801 quo

226 3831 374 3911 majores
397 3825 652 3911 quatuordecim
672 3827 771 3891 annis
792 3827 941 3908 graviter
969 3825 1196 3909 percutientes
1225 3827 1399 3908 sauguinis

228 3937 430 4002 allusionem
445 3957 463 4001 e
477 3937 615 4001 naribus
627 3943 778 4002 causant.

265 4043 565 4109 Tandemnecesse
581 4049 681 4108 estut
694 4045 868 4128 percussio
888 4049 923 4108 ct
945 4045 1067 4109 effusio
1090 4045 1265 4126 sauguinis
1286 4045 1399 4110 locum

226 4151 373 4215 habeant
385 4152 420 4214 in
435 4153 509 4236 ipsa
523 4151 674 4229 ecclesia,
690 4171 760 4217 non
773 4171 857 4218 vero
880 4153 914 4216 in
935 4153 1065 4236 porticu
1090 4153 1146 4217 vel
1168 4153 1270 4229 turri;
1296 4154 1356 4217 sed
1371 4154 1399 4216 si

226 4258 399 4342 percussio
411 4259 500 4324 facta
512 4265 603 4324 esset
616 4261 651 4324 iu
663 4260 804 4326 ecclesia
818 4265 852 4324 et
866 4261 988 4326 effusio
998 4261 1173 4343 sanguinis
1182 4267 1288 4334 extra,
1301 4263 1400 4342 juxta

226 4367 496 4431 communiorem
504 4369 708 4434 seutentiam
715 4367 900 4432 violaretur
908 4367 1176 4444 ecclesia;seous
1186 4369 1214 4432 si
1226 4369 1399 4451 percussio

228 4477 323 4538 extra
338 4477 372 4536 et
384 4473 505 4538 allusio
517 4475 606 4552 intra
618 4475 795 4540 ecclesiam
811 4475 986 4540 accideret.

267 4580 545 4646 nuncupatione
560 4583 615 4648 rel
630 4583 696 4650 alia
709 4584 902 4649 voluntaria
916 4585 1057 4649 seminis
1070 4585 1211 4650 humani
1232 4587 1398 4651 effusione

226 4690 316 4754 intra
330 4689 442 4772 ipsum
455 4709 577 4775 corpus
591 4693 740 4760 ecclesiae
755 4694 854 4770 lacta,
871 4693 974 4759 modo
989 4694 1123 4759 notoria
1137 4693 1181 4758 sit
1196 4694 1398 4759 notorietate
