3504 5572
564 565 651 614 niuea
671 562 800 615 rannus
820 563 1044 618 econamum.
1334 549 1393 616 369

216 683 274 759 let,
291 683 451 760 Garrierc,
471 685 528 768 qui
543 686 752 750 contrarium
765 691 992 770 propugnant,
1010 705 1054 750 ex
1067 685 1245 752 voluntate
1258 686 1393 768 legisla-

219 793 300 857 toris
318 792 436 870 civilis,
453 793 517 871 cui,
531 795 632 877 juxta
645 794 748 877 ipsos,
766 797 930 878 subjacet,
947 792 1000 860 sin
1013 795 1128 860 minus
1144 796 1220 878 ipsa
1237 795 1392 871 materia,

218 899 339 966 saltam
359 902 483 968 modus
507 921 575 986 quo
592 902 634 966 de
648 901 706 968 illa
720 904 873 980 materia,
891 903 1055 989 spirituali
1075 903 1197 968 effecta
1213 921 1276 987 per
1293 901 1395 968 desti-

216 1011 404 1088 nationem,
421 1010 622 1094 disponitur.
638 1011 768 1076 Suiiicit
788 1031 882 1094 ergo,
900 1013 1013 1098 quoad
1035 1017 1241 1077 testamenta
1257 1011 1300 1077 ad
1318 1030 1394 1077 cau-

218 1135 273 1182 sas
292 1117 377 1202 pias,
394 1123 433 1182 ut
447 1123 582 1184 servata
594 1120 723 1184 luerint
737 1137 813 1203 quaa
831 1120 867 1184 iu
887 1117 1011 1184 talibus
1028 1120 1158 1185 actibus
1179 1119 1221 1184 de
1239 1121 1316 1202 jure
1337 1138 1395 1184 na-

218 1231 303 1290 turae
320 1227 570 1310 praecipiuntur.
1386 1219 1389 1228 '

258 1335 417 1400 Socanda
429 1335 599 1400 sententia
611 1335 710 1401 decet
720 1337 953 1402 solemnitates
967 1355 1043 1401 esse
1054 1335 1276 1412 necessarias,
1291 1341 1395 1400 utva·
1422 1347 1427 1360 ·

217 1443 287 1508 leat
308 1446 564 1518 testamentum,
582 1443 686 1508 etiam
699 1461 761 1527 pro
781 1444 855 1509 foro
874 1445 1010 1508 interno
1027 1464 1033 1507 :
1050 1445 1098 1508 ita
1109 1443 1272 1527 vasquez,
1288 1443 1393 1524 Lago,

217 1551 334 1627 Diana,
351 1555 414 1616 etc.
431 1550 527 1616 Ratio
543 1550 670 1634 duplex
682 1552 874 1634 pracsertim
889 1552 1031 1616 affertur
1047 1571 1053 1613 :
1070 1551 1165 1633 leges
1184 1551 1300 1615 civiles
1320 1569 1394 1636 quae

217 1661 396 1744 requirunt
415 1661 478 1725 has
492 1659 737 1738 solemnitates,
755 1667 837 1725 sunt
853 1665 967 1744 justu,
983 1667 1017 1725 et
1031 1660 1150 1726 nullibi
1165 1664 1273 1744 ajuro
1295 1679 1394 1726 cauo-

218 1770 294 1834 nico
310 1770 579 1852 restringuntur3
595 1787 697 1853 porro
715 1769 772 1834 lex
784 1773 878 1853 justa
896 1769 1035 1851 obligat,
1053 1770 1157 1835 etiam
1177 1787 1239 1854 pro
1258 1770 1332 1834 loro
1347 1770 1396 1832 iu·

218 1882 332 1955 tern03
349 1877 484 1956 deiude,
503 1883 654 1962 potestas
669 1879 817 1943 testandi
831 1879 926 1943 venit
940 1897 960 1942 a
972 1881 1051 1960 jure
1065 1877 1171 1954 civili;
1186 1895 1267 1959 ergo
1281 1892 1395 1941 essen-

218 1987 265 2050 tia
279 1985 369 2052 illius
383 1987 562 2070 potestatis
576 1987 703 2070 pendet
713 2007 733 2053 a
742 1987 994 2052 conditionibus
1004 1988 1125 2070 injure
1136 1987 1333 2068 designatis.

260 2095 372 2160 Tertia
405 2096 576 2160 sententia
604 2096 703 2160 docet
735 2101 889 2160 mentem
922 2095 1128 2176 legislatoris
1161 2093 1395 2160 solemnitates

216 2205 466 2287 praescribenlis
482 2205 599 2281 luisse,
616 2223 686 2269 non
709 2210 746 2268 ul
761 2204 898 2270 tollatur
912 2205 1074 2286 obligatio
1088 2204 1263 2280 naturalis,
1281 2203 1343 2268 sed
1358 2210 1396 2266 ut
1501 2225 1506 2246 ¹

218 2315 392 2378 auferatur
404 2315 492 2380 actio
511 2319 546 2380 et
563 2314 725 2396 obligatio
740 2315 863 2392 civilis;
887 2315 978 2379 unde
1001 2313 1155 2378 haeredes
1170 2313 1226 2378 vel
1241 2313 1395 2394 legatarii

217 2429 363 2505 possunt
376 2423 523 2488 retinere
538 2425 773 2490 haereditatem
783 2425 839 2490 vel
851 2425 1013 2507 legatum,
1028 2425 1136 2489 donec
1151 2427 1396 2488 testamentum

218 2551 279 2614 per
300 2532 505 2598 sententiam
527 2532 651 2616 judicis
672 2533 864 2598 infirmetur
886 2554 892 2594 :
913 2535 961 2597 ita
976 2534 1135 2615 Leyman,
1148 2531 1292 2606 Banasa,
1309 2529 1396 2592 Reit-

219 2642 320 2706 fcnst.
337 2640 414 2706 Haec
429 2642 600 2706 sententia
614 2647 667 2707 est
681 2647 755 2707 tuta
768 2643 804 2706 in
818 2643 926 2726 praxi.
942 2642 1014 2706 lmo

258 2749 291 2812 3⁰
304 2747 519 2814 Conveniunt
533 2768 665 2827 omnes,
682 2753 850 2835 cujusque
865 2749 948 2815 alias
963 2750 1032 2814 siut
1046 2748 1235 2824 sententiae,
1254 2747 1344 2832 quod
1359 2747 1395 2810 in

219 2873 298 2922 casu
315 2877 383 2942 que
400 2859 510 2923 haeres
525 2859 567 2924 ab
582 2859 744 2924 intestato
765 2859 919 2923 interluit
939 2861 1158 2933 testamento,
1175 2857 1394 2940 defunctique

175 2957 176 2962 ’
219 2964 432 3031 voluntatem
455 2967 618 3051 percepit,
640 2985 712 3032 non
735 2969 816 3030 sunt
838 2966 1038 3030 necessariae
1062 2963 1136 3030 aliae
1160 2963 1394 3028 solemnitates

217 3073 316 3156 juris,
332 3073 453 3139 adhoc
467 3075 627 3139 uthaeres
641 3075 677 3138 iu
690 3075 765 3139 foro
780 3079 922 3138 externe
938 3073 1108 3155 obligetur
1123 3071 1256 3137 solvere
1269 3071 1392 3152 legate.

220 3181 256 3245 ld
276 3181 365 3246 clare
386 3181 556 3263 colligitur
577 3201 620 3246 ex
638 3185 716 3264 jure
737 3181 903 3259 Romano,
920 3182 1011 3266 quod
1025 3182 1061 3244 in
1074 3181 1140 3245 hoc
1152 3198 1234 3246 casu
1246 3179 1395 3267 aliquam

219 3289 504 3355 vimtestamente
515 3289 686 3354 tribuebat
694 3307 756 3372 pro
766 3290 840 3355 loro
852 3287 1243 3372 externoquoadlegata.
1253 3285 1393 3360 Deinde,

220 3397 303 3463 illud
328 3401 573 3462 testamentum
593 3398 682 3481 parit
704 3397 948 3479 obligationem
970 3396 1173 3471 naturalem,
1190 3399 1229 3458 ut
1246 3395 1396 3458 latentur

220 3505 291 3570 iere
307 3523 427 3570 omues
442 3505 501 3568 ΤΤ.
519 3509 554 3568 et
568 3503 625 3568 CC.
646 3526 652 3568 :
668 3505 806 3569 named
829 3503 932 3570 talem
954 3503 1198 3584 obligationem
1213 3501 1396 3585 requiritur

222 3617 257 3677 ei
271 3613 396 3677 sullicit
407 3613 571 3677 honestas
586 3617 621 3676 et
635 3611 787 3676 debitum
801 3611 940 3677 morale.

676 3824 845 3886 SECTIO
879 3825 946 3886 ΙΙΙ.

446 3971 495 4025 De
514 3969 788 4024 institutionibus
808 3973 844 4022 ei
862 3967 1171 4022 substitutionibus.

662 4202 663 4208 ἵ
686 4137 707 4186 1.
723 4133 926 4186 institutiones.

261 4261 476 4346 cllnstitutio
496 4259 641 4326 haeredis
664 4263 717 4322 est
736 4258 845 4341 prima
866 4257 999 4322 vocatio
1023 4257 1166 4338 alicujus
1190 4255 1233 4320 ad
1256 4256 1397 4321 haeradi·

222 4375 327 4436 tatem
343 4391 350 4433 :
366 4370 476 4434 haeres
497 4375 550 4434 est
571 4367 627 4432 ille
651 4368 708 4451 qui
731 4385 776 4431 ex
796 4371 1002 4431 testamento
1023 4363 1079 4430 vel
1102 4365 1144 4428 ab
1168 4364 1330 4429 intestato
1353 4383 1396 4429 ex

221 4477 298 4561 lege
309 4479 344 4542 in
360 4477 560 4542 universum
569 4479 627 4558 J'us
641 4474 792 4570 defuncti
808 4473 967 4548 succedit,
981 4477 1015 4537 et
1027 4471 1164 4537 fictione
1175 4473 1262 4556 juris
1276 4471 1397 4536 eadem

92 4595 94 4600 ’
223 4592 276 4652 esi
288 4603 434 4671 persona
448 4601 528 4650 cum
539 4581 612 4660 illo;
631 4582 705 4667 ipsa
718 4600 802 4648 vero
821 4580 1002 4647 hareditas
1017 4585 1070 4644 est
1084 4581 1253 4646 successio
1268 4581 1304 4644 in
1321 4581 1396 4644 uni-

222 4713 363 4761 versum
374 4698 432 4777 jus
447 4692 538 4778 quod
553 4691 732 4757 defunctus
746 4690 874 4756 babuit.
892 4689 979 4754 Olim
992 4688 1050 4754 illa
1067 4689 1234 4755 institutio
1251 4689 1396 4754 haeredis

364 4823 397 4866 u.
1218 4797 1257 4864 24
