<?xml version="1.0" encoding="UTF-8"?>
<!DOCTYPE html PUBLIC "-//W3C//DTD XHTML 1.0 Transitional//EN"
    "http://www.w3.org/TR/xhtml1/DTD/xhtml1-transitional.dtd">
<html xmlns="http://www.w3.org/1999/xhtml" xml:lang="en" lang="en">
 <head>
  <title>
</title>
<meta http-equiv="Content-Type" content="text/html;charset=utf-8" />
  <meta name='ocr-system' content='tesseract 3.04.00' />
  <meta name='ocr-capabilities' content='ocr_page ocr_carea ocr_par ocr_line ocrx_word'/>
</head>
<body>
  <div class='ocr_page' id='page_1' title='image "./juscanonicumjux00grangoog_0208.png"; bbox 0 0 3510 5574; ppageno 0'>
   <div class='ocr_carea' id='block_1_1' title="bbox 853 586 1106 636">
    <p class='ocr_par' dir='ltr' id='par_1_1' title="bbox 853 586 1106 636">
     <span class='ocr_line' id='line_1_1' title="bbox 853 586 1106 636; baseline -0.008 -2"><span class='ocrx_word' id='word_1_1' title='bbox 853 587 906 636; x_wconf 78' lang='lat' dir='ltr'>ius</span> <span class='ocrx_word' id='word_1_2' title='bbox 926 586 1106 636; x_wconf 67' lang='lat' dir='ltr'>CANONICUH.</span> 
     </span>
    </p>
   </div>
   <div class='ocr_carea' id='block_1_2' title="bbox 841 980 1117 1060">
    <p class='ocr_par' dir='ltr' id='par_1_2' title="bbox 841 980 1117 1060">
     <span class='ocr_line' id='line_1_2' title="bbox 841 980 1117 1060; baseline -0.011 -1"><span class='ocrx_word' id='word_1_3' title='bbox 841 980 1028 1060; x_wconf 84' lang='lat' dir='ltr'>TITULUS</span> <span class='ocrx_word' id='word_1_4' title='bbox 1054 981 1117 1058; x_wconf 89' lang='lat'>111.</span> 
     </span>
    </p>
   </div>
   <div class='ocr_carea' id='block_1_3' title="bbox 736 1167 1224 1218">
    <p class='ocr_par' dir='ltr' id='par_1_3' title="bbox 736 1167 1224 1218">
     <span class='ocr_line' id='line_1_3' title="bbox 736 1167 1224 1218; baseline -0.006 -3"><span class='ocrx_word' id='word_1_5' title='bbox 736 1171 780 1216; x_wconf 80' lang='lat' dir='ltr'>bl:</span> <span class='ocrx_word' id='word_1_6' title='bbox 806 1169 971 1217; x_wconf 75' lang='lat' dir='ltr'>cccnlcrs</span> <span class='ocrx_word' id='word_1_7' title='bbox 996 1167 1224 1218; x_wconf 73' lang='lat' dir='ltr'>GOMUGA&#39;HS.</span> 
     </span>
    </p>
   </div>
   <div class='ocr_carea' id='block_1_4' title="bbox 389 1495 1631 1906">
    <p class='ocr_par' dir='ltr' id='par_1_4' title="bbox 389 1495 1631 1906">
     <span class='ocr_line' id='line_1_4' title="bbox 430 1495 1631 1586; baseline -0.005 -21"><span class='ocrx_word' id='word_1_8' title='bbox 430 1499 469 1566; x_wconf 91' lang='lat' dir='ltr'>In</span> <span class='ocrx_word' id='word_1_9' title='bbox 482 1500 688 1586; x_wconf 77' lang='lat' dir='ltr'>praecedenti</span> <span class='ocrx_word' id='word_1_10' title='bbox 702 1499 801 1566; x_wconf 87' lang='lat' dir='ltr'>titulo</span> <span class='ocrx_word' id='word_1_11' title='bbox 816 1505 930 1567; x_wconf 86' lang='lat' dir='ltr'>sctum</span> <span class='ocrx_word' id='word_1_12' title='bbox 945 1505 998 1567; x_wconf 87' lang='lat' dir='ltr'>est</span> <span class='ocrx_word' id='word_1_13' title='bbox 1010 1501 1053 1566; x_wconf 90' lang='lat' dir='ltr'>de</span> <span class='ocrx_word' id='word_1_14' title='bbox 1068 1499 1184 1565; x_wconf 77' lang='lat' dir='ltr'>illicite</span> <span class='ocrx_word' id='word_1_15' title='bbox 1203 1497 1453 1565; x_wconf 79' lang='lat' dir='ltr'><strong>cohabitatione</strong></span> <span class='ocrx_word' id='word_1_16' title='bbox 1475 1495 1569 1564; x_wconf 88' lang='lat' dir='ltr'>cleri·</span> <span class='ocrx_word' id='word_1_17' title='bbox 1626 1543 1631 1550; x_wconf 86' lang='lat'>.</span> 
     </span>
     <span class='ocr_line' id='line_1_5' title="bbox 390 1605 1570 1690; baseline -0.004 -17"><span class='ocrx_word' id='word_1_18' title='bbox 390 1627 509 1675; x_wconf 90' lang='lat' dir='ltr'>corum</span> <span class='ocrx_word' id='word_1_19' title='bbox 524 1627 602 1674; x_wconf 92' lang='lat' dir='ltr'>cum</span> <span class='ocrx_word' id='word_1_20' title='bbox 623 1608 839 1686; x_wconf 88' lang='lat' dir='ltr'>mulieribus;</span> <span class='ocrx_word' id='word_1_21' title='bbox 856 1626 948 1674; x_wconf 88' lang='lat' dir='ltr'>nunc</span> <span class='ocrx_word' id='word_1_22' title='bbox 962 1607 1005 1674; x_wconf 89' lang='lat' dir='ltr'>de</span> <span class='ocrx_word' id='word_1_23' title='bbox 1022 1606 1119 1674; x_wconf 69' lang='lat' dir='ltr'>&#39;licita</span> <span class='ocrx_word' id='word_1_24' title='bbox 1136 1607 1386 1676; x_wconf 76' lang='lat' dir='ltr'>cohabitatione</span> <span class='ocrx_word' id='word_1_25' title='bbox 1405 1623 1468 1690; x_wconf 89' lang='lat' dir='ltr'>per</span> <span class='ocrx_word' id='word_1_26' title='bbox 1486 1605 1570 1688; x_wconf 78' lang='lat' dir='ltr'>legi-</span> 
     </span>
     <span class='ocr_line' id='line_1_6' title="bbox 390 1713 1570 1799; baseline -0.003 -20"><span class='ocrx_word' id='word_1_27' title='bbox 390 1717 513 1780; x_wconf 90' lang='lat' dir='ltr'>timum</span> <span class='ocrx_word' id='word_1_28' title='bbox 525 1717 794 1782; x_wconf 81' lang='lat' dir='ltr'>matrimonium.</span> <span class='ocrx_word' id='word_1_29' title='bbox 812 1716 897 1782; x_wconf 88' lang='lat' dir='ltr'>Nam</span> <span class='ocrx_word' id='word_1_30' title='bbox 907 1715 988 1782; x_wconf 90' lang='lat' dir='ltr'>licet</span> <span class='ocrx_word' id='word_1_31' title='bbox 1008 1715 1267 1781; x_wconf 86' lang='lat' dir='ltr'>matrimonium</span> <span class='ocrx_word' id='word_1_32' title='bbox 1290 1713 1500 1799; x_wconf 87' lang='lat' dir='ltr'>prohibitum</span> <span class='ocrx_word' id='word_1_33' title='bbox 1525 1713 1570 1777; x_wconf 88' lang='lat' dir='ltr'>sit</span> 
     </span>
     <span class='ocr_line' id='line_1_7' title="bbox 389 1819 1566 1906; baseline -0.003 -18"><span class='ocrx_word' id='word_1_34' title='bbox 389 1822 530 1901; x_wconf 82' lang='lat' dir='ltr'>clericis,</span> <span class='ocrx_word' id='word_1_35' title='bbox 544 1839 615 1890; x_wconf 90' lang='lat' dir='ltr'>non</span> <span class='ocrx_word' id='word_1_36' title='bbox 630 1829 745 1890; x_wconf 78' lang='lat' dir='ltr'>tomen</span> <span class='ocrx_word' id='word_1_37' title='bbox 761 1824 921 1890; x_wconf 91' lang='lat' dir='ltr'>omnibus</span> <span class='ocrx_word' id='word_1_38' title='bbox 942 1823 1065 1890; x_wconf 90' lang='lat' dir='ltr'>eodem</span> <span class='ocrx_word' id='word_1_39' title='bbox 1083 1823 1197 1906; x_wconf 77' lang='lat' dir='ltr'>rigore</span> <span class='ocrx_word' id='word_1_40' title='bbox 1212 1827 1246 1888; x_wconf 90' lang='lat' dir='ltr'>et</span> <span class='ocrx_word' id='word_1_41' title='bbox 1261 1819 1566 1888; x_wconf 87' lang='lat' dir='ltr'>indiscriminatim.</span> 
     </span>
    </p>
   </div>
   <div class='ocr_carea' id='block_1_5' title="bbox 807 2043 1148 2110">
    <p class='ocr_par' dir='ltr' id='par_1_5' title="bbox 807 2043 1148 2110">
     <span class='ocr_line' id='line_1_8' title="bbox 807 2043 1148 2110; baseline 0.003 -2"><span class='ocrx_word' id='word_1_42' title='bbox 807 2043 966 2108; x_wconf 75' lang='lat' dir='ltr'>suerio</span> <span class='ocrx_word' id='word_1_43' title='bbox 995 2043 1148 2110; x_wconf 74' lang='lat' dir='ltr'><strong>PRIMA.</strong></span> 
     </span>
    </p>
   </div>
   <div class='ocr_carea' id='block_1_6' title="bbox 385 2187 1475 2328">
    <p class='ocr_par' dir='ltr' id='par_1_6' title="bbox 385 2187 1475 2328">
     <span class='ocr_line' id='line_1_9' title="bbox 385 2187 1475 2256; baseline -0.003 -12"><span class='ocrx_word' id='word_1_44' title='bbox 385 2253 387 2256; x_wconf 18' lang='lat'>¹</span> <span class='ocrx_word' id='word_1_45' title='bbox 483 2192 530 2246; x_wconf 81' lang='lat' dir='ltr'>lis</span> <span class='ocrx_word' id='word_1_46' title='bbox 552 2191 728 2246; x_wconf 76' lang='lat' dir='ltr'>contractu</span> <span class='ocrx_word' id='word_1_47' title='bbox 750 2191 993 2246; x_wconf 70' lang='lat' dir='ltr'>matrimoniali</span> <span class='ocrx_word' id='word_1_48' title='bbox 1014 2191 1212 2246; x_wconf 78' lang='lat' dir='ltr'>clericorum</span> <span class='ocrx_word' id='word_1_49' title='bbox 1233 2189 1271 2242; x_wconf 85' lang='lat' dir='ltr'>in</span> <span class='ocrx_word' id='word_1_50' title='bbox 1290 2187 1475 2256; x_wconf 76' lang='lat' dir='ltr'>majoribus</span> 
     </span>
     <span class='ocr_line' id='line_1_10' title="bbox 844 2273 1396 2328; baseline 0.005 -2"><span class='ocrx_word' id='word_1_51' title='bbox 844 2273 1116 2328; x_wconf 77' lang='lat' dir='ltr'>comtltntorum.</span> <span class='ocrx_word' id='word_1_52' title='bbox 1395 2295 1396 2298; x_wconf 40' lang='lat'>¹</span> 
     </span>
    </p>
   </div>
   <div class='ocr_carea' id='block_1_7' title="bbox 663 2435 1243 2504">
    <p class='ocr_par' dir='ltr' id='par_1_7' title="bbox 663 2435 1243 2504">
     <span class='ocr_line' id='line_1_11' title="bbox 663 2435 1243 2504; baseline -0.005 -14"><span class='ocrx_word' id='word_1_53' title='bbox 663 2439 666 2444; x_wconf 83' lang='lat'>&#39;</span> <span class='ocrx_word' id='word_1_54' title='bbox 713 2440 733 2490; x_wconf 86' lang='lat'>1.</span> <span class='ocrx_word' id='word_1_55' title='bbox 751 2440 790 2492; x_wconf 82' lang='lat' dir='ltr'>be</span> <span class='ocrx_word' id='word_1_56' title='bbox 806 2437 868 2504; x_wconf 74' lang='lat' dir='ltr'>iege</span> <span class='ocrx_word' id='word_1_57' title='bbox 884 2435 1032 2492; x_wconf 73' lang='lat' dir='ltr'>coelibatus</span> <span class='ocrx_word' id='word_1_58' title='bbox 1049 2435 1243 2492; x_wconf 85' lang='lat' dir='ltr'>ecclesiastici.</span> 
     </span>
    </p>
   </div>
   <div class='ocr_carea' id='block_1_8' title="bbox 388 2565 1566 2654">
    <p class='ocr_par' dir='ltr' id='par_1_8' title="bbox 388 2565 1566 2654">
     <span class='ocr_line' id='line_1_12' title="bbox 388 2565 1566 2654; baseline -0.003 -20"><span class='ocrx_word' id='word_1_59' title='bbox 388 2589 391 2595; x_wconf 46' lang='lat'><em>¹</em></span> <span class='ocrx_word' id='word_1_60' title='bbox 429 2569 462 2654; x_wconf 81' lang='lat' dir='ltr'>a)</span> <span class='ocrx_word' id='word_1_61' title='bbox 477 2567 587 2636; x_wconf 78' lang='lat' dir='ltr'>Sacris</span> <span class='ocrx_word' id='word_1_62' title='bbox 604 2565 780 2634; x_wconf 87' lang='lat' dir='ltr'>ordinibus</span> <span class='ocrx_word' id='word_1_63' title='bbox 794 2585 950 2633; x_wconf 85' lang='lat' dir='ltr'>annexus</span> <span class='ocrx_word' id='word_1_64' title='bbox 968 2573 1021 2633; x_wconf 88' lang='lat' dir='ltr'>est</span> <span class='ocrx_word' id='word_1_65' title='bbox 1035 2565 1212 2634; x_wconf 87' lang='lat' dir='ltr'>coelibatus</span> <span class='ocrx_word' id='word_1_66' title='bbox 1227 2565 1262 2632; x_wconf 93' lang='lat' dir='ltr'>in</span> <span class='ocrx_word' id='word_1_67' title='bbox 1271 2565 1419 2632; x_wconf 83' lang='lat' dir='ltr'>Ecclesia</span> <span class='ocrx_word' id='word_1_68' title='bbox 1438 2566 1566 2642; x_wconf 83' lang='lat' dir='ltr'>Latine,</span> 
     </span>
    </p>
   </div>
   <div class='ocr_carea' id='block_1_9' title="bbox 349 2673 1569 4168">
    <p class='ocr_par' dir='ltr' id='par_1_9' title="bbox 349 2673 1569 3948">
     <span class='ocr_line' id='line_1_13' title="bbox 389 2673 1568 2760; baseline -0.002 -20"><span class='ocrx_word' id='word_1_69' title='bbox 389 2693 459 2741; x_wconf 94' lang='lat' dir='ltr'>non</span> <span class='ocrx_word' id='word_1_70' title='bbox 472 2681 589 2742; x_wconf 83' lang='lat' dir='ltr'>tamen</span> <span class='ocrx_word' id='word_1_71' title='bbox 598 2677 676 2760; x_wconf 86' lang='lat' dir='ltr'>jure</span> <span class='ocrx_word' id='word_1_72' title='bbox 691 2675 836 2741; x_wconf 86' lang='lat' dir='ltr'>naturali</span> <span class='ocrx_word' id='word_1_73' title='bbox 853 2681 914 2741; x_wconf 92' lang='lat' dir='ltr'>aut</span> <span class='ocrx_word' id='word_1_74' title='bbox 927 2675 1055 2754; x_wconf 86' lang='lat' dir='ltr'>divino,</span> <span class='ocrx_word' id='word_1_75' title='bbox 1071 2676 1133 2740; x_wconf 88' lang='lat' dir='ltr'>scd</span> <span class='ocrx_word' id='word_1_76' title='bbox 1147 2674 1221 2742; x_wconf 92' lang='lat' dir='ltr'>soio</span> <span class='ocrx_word' id='word_1_77' title='bbox 1232 2677 1310 2758; x_wconf 76' lang='lat' dir='ltr'>iure</span> <span class='ocrx_word' id='word_1_78' title='bbox 1327 2673 1483 2740; x_wconf 79' lang='lat' dir='ltr'>Ecclesiae</span> <span class='ocrx_word' id='word_1_79' title='bbox 1495 2675 1568 2758; x_wconf 86' lang='lat' dir='ltr'>jam</span> 
     </span>
     <span class='ocr_line' id='line_1_14' title="bbox 349 2783 1569 2869; baseline -0.002 -21"><span class='ocrx_word' id='word_1_80' title='bbox 349 2801 352 2810; x_wconf 87' lang='lat'>·</span> <span class='ocrx_word' id='word_1_81' title='bbox 388 2785 430 2848; x_wconf 91' lang='lat' dir='ltr'>ab</span> <span class='ocrx_word' id='word_1_82' title='bbox 449 2783 611 2869; x_wconf 87' lang='lat' dir='ltr'>apostolis</span> <span class='ocrx_word' id='word_1_83' title='bbox 624 2784 759 2849; x_wconf 88' lang='lat' dir='ltr'>tradito.</span> <span class='ocrx_word' id='word_1_84' title='bbox 775 2783 1020 2849; x_wconf 80' lang='lat' dir='ltr'>Verumtamen</span> <span class='ocrx_word' id='word_1_85' title='bbox 1041 2783 1198 2850; x_wconf 91' lang='lat' dir='ltr'>nonnulii</span> <span class='ocrx_word' id='word_1_86' title='bbox 1226 2783 1309 2849; x_wconf 89' lang='lat' dir='ltr'>clim</span> <span class='ocrx_word' id='word_1_87' title='bbox 1330 2783 1569 2850; x_wconf 86' lang='lat' dir='ltr'>existimarunt</span> 
     </span>
     <span class='ocr_line' id='line_1_15' title="bbox 386 2891 1565 2977; baseline -0.001 -20"><span class='ocrx_word' id='word_1_88' title='bbox 386 2894 421 2958; x_wconf 92' lang='lat' dir='ltr'>id</span> <span class='ocrx_word' id='word_1_89' title='bbox 435 2911 511 2959; x_wconf 88' lang='lat' dir='ltr'>esse</span> <span class='ocrx_word' id='word_1_90' title='bbox 527 2895 614 2977; x_wconf 80' lang='lat' dir='ltr'>juris</span> <span class='ocrx_word' id='word_1_91' title='bbox 637 2893 753 2970; x_wconf 90' lang='lat' dir='ltr'>divini,</span> <span class='ocrx_word' id='word_1_92' title='bbox 777 2893 856 2977; x_wconf 91' lang='lat' dir='ltr'>quia</span> <span class='ocrx_word' id='word_1_93' title='bbox 881 2894 924 2958; x_wconf 85' lang='lat' dir='ltr'>ab</span> <span class='ocrx_word' id='word_1_94' title='bbox 948 2891 1023 2976; x_wconf 90' lang='lat' dir='ltr'>ipso</span> <span class='ocrx_word' id='word_1_95' title='bbox 1045 2895 1216 2958; x_wconf 86' lang='lat' dir='ltr'>nascentis</span> <span class='ocrx_word' id='word_1_96' title='bbox 1238 2891 1395 2958; x_wconf 73' lang='lat' dir='ltr'>Ecclesiae</span> <span class='ocrx_word' id='word_1_97' title='bbox 1414 2892 1565 2971; x_wconf 84' lang='lat' dir='ltr'>exordio,</span> 
     </span>
     <span class='ocr_line' id='line_1_16' title="bbox 387 2999 1567 3084; baseline -0.002 -18"><span class='ocrx_word' id='word_1_98' title='bbox 387 3002 606 3068; x_wconf 72' lang='lat' dir='ltr'>continentias</span> <span class='ocrx_word' id='word_1_99' title='bbox 631 2999 743 3066; x_wconf 86' lang='lat' dir='ltr'>lexin</span> <span class='ocrx_word' id='word_1_100' title='bbox 766 3001 932 3065; x_wconf 86' lang='lat' dir='ltr'>ministris</span> <span class='ocrx_word' id='word_1_101' title='bbox 955 3001 1030 3084; x_wconf 80' lang='lat' dir='ltr'>eJ&#39;us</span> <span class='ocrx_word' id='word_1_102' title='bbox 1050 3001 1115 3066; x_wconf 88' lang='lat' dir='ltr'>luit</span> <span class='ocrx_word' id='word_1_103' title='bbox 1138 3001 1329 3067; x_wconf 83' lang='lat' dir='ltr'>observata.</span> <span class='ocrx_word' id='word_1_104' title='bbox 1345 2999 1432 3066; x_wconf 85' lang='lat' dir='ltr'>Vera</span> <span class='ocrx_word' id='word_1_105' title='bbox 1451 3003 1567 3065; x_wconf 85' lang='lat' dir='ltr'>cutem</span> 
     </span>
     <span class='ocr_line' id='line_1_17' title="bbox 387 3107 1566 3176; baseline -0.002 0"><span class='ocrx_word' id='word_1_106' title='bbox 387 3110 557 3176; x_wconf 85' lang='lat' dir='ltr'>sententis</span> <span class='ocrx_word' id='word_1_107' title='bbox 585 3113 681 3174; x_wconf 90' lang='lat' dir='ltr'>tenet</span> <span class='ocrx_word' id='word_1_108' title='bbox 706 3107 904 3175; x_wconf 86' lang='lat' dir='ltr'>coelibatum</span> <span class='ocrx_word' id='word_1_109' title='bbox 927 3109 1031 3175; x_wconf 87' lang='lat' dir='ltr'>sacris</span> <span class='ocrx_word' id='word_1_110' title='bbox 1065 3109 1241 3175; x_wconf 84' lang='lat' dir='ltr'>ordinibus</span> <span class='ocrx_word' id='word_1_111' title='bbox 1270 3108 1383 3175; x_wconf 92' lang='lat' dir='ltr'>solum</span> <span class='ocrx_word' id='word_1_112' title='bbox 1413 3109 1566 3174; x_wconf 88' lang='lat' dir='ltr'>humano</span> 
     </span>
     <span class='ocr_line' id='line_1_18' title="bbox 386 3216 1567 3303; baseline -0.001 -20"><span class='ocrx_word' id='word_1_113' title='bbox 386 3219 541 3286; x_wconf 83' lang='lat' dir='ltr'>Eccle&#39;siae</span> <span class='ocrx_word' id='word_1_114' title='bbox 559 3221 637 3303; x_wconf 86' lang='lat' dir='ltr'>jure</span> <span class='ocrx_word' id='word_1_115' title='bbox 662 3217 835 3284; x_wconf 84' lang='lat' dir='ltr'>adnexum</span> <span class='ocrx_word' id='word_1_116' title='bbox 848 3218 966 3283; x_wconf 87' lang='lat' dir='ltr'>fuisse.</span> <span class='ocrx_word' id='word_1_117' title='bbox 984 3216 1123 3282; x_wconf 83' lang='lat' dir='ltr'>Constat</span> <span class='ocrx_word' id='word_1_118' title='bbox 1137 3218 1346 3283; x_wconf 79' lang='lat' dir='ltr'>sufficienter</span> <span class='ocrx_word' id='word_1_119' title='bbox 1360 3234 1403 3280; x_wconf 85' lang='lat' dir='ltr'>ex</span> <span class='ocrx_word' id='word_1_120' title='bbox 1418 3235 1460 3282; x_wconf 90' lang='lat' dir='ltr'>eo</span> <span class='ocrx_word' id='word_1_121' title='bbox 1476 3216 1567 3302; x_wconf 87' lang='lat' dir='ltr'>quod</span> 
     </span>
     <span class='ocr_line' id='line_1_19' title="bbox 386 3323 1567 3410; baseline -0.002 -20"><span class='ocrx_word' id='word_1_122' title='bbox 386 3325 533 3393; x_wconf 79' lang='lat' dir='ltr'>Ecclesia</span> <span class='ocrx_word' id='word_1_123' title='bbox 547 3325 742 3410; x_wconf 80' lang='lat' dir='ltr'>permiserit</span> <span class='ocrx_word' id='word_1_124' title='bbox 764 3325 991 3391; x_wconf 86' lang='lat' dir='ltr'>Orientalibus</span> <span class='ocrx_word' id='word_1_125' title='bbox 1013 3343 1115 3392; x_wconf 90' lang='lat' dir='ltr'>usum</span> <span class='ocrx_word' id='word_1_126' title='bbox 1140 3325 1368 3402; x_wconf 91' lang='lat' dir='ltr'>matrimonii;</span> <span class='ocrx_word' id='word_1_127' title='bbox 1393 3323 1515 3390; x_wconf 91' lang='lat' dir='ltr'>deinde</span> <span class='ocrx_word' id='word_1_128' title='bbox 1538 3325 1567 3389; x_wconf 90' lang='lat' dir='ltr'>si</span> 
     </span>
     <span class='ocr_line' id='line_1_20' title="bbox 354 3433 1567 3518; baseline 0 -22"><span class='ocrx_word' id='word_1_129' title='bbox 354 3489 358 3496; x_wconf 91' lang='lat'>.</span> <span class='ocrx_word' id='word_1_130' title='bbox 383 3436 462 3518; x_wconf 86' lang='lat' dir='ltr'>jure</span> <span class='ocrx_word' id='word_1_131' title='bbox 477 3435 592 3499; x_wconf 90' lang='lat' dir='ltr'>divino</span> <span class='ocrx_word' id='word_1_132' title='bbox 607 3433 784 3499; x_wconf 81' lang='lat' dir='ltr'>coelibatus</span> <span class='ocrx_word' id='word_1_133' title='bbox 798 3433 1012 3499; x_wconf 86' lang='lat' dir='ltr'>introductus</span> <span class='ocrx_word' id='word_1_134' title='bbox 1027 3437 1129 3512; x_wconf 85' lang='lat' dir='ltr'>osset,</span> <span class='ocrx_word' id='word_1_135' title='bbox 1143 3433 1178 3497; x_wconf 93' lang='lat' dir='ltr'>id</span> <span class='ocrx_word' id='word_1_136' title='bbox 1198 3433 1511 3518; x_wconf 85' lang='lat' dir='ltr'>deprehenderetur</span> <span class='ocrx_word' id='word_1_137' title='bbox 1524 3452 1567 3497; x_wconf 81' lang='lat' dir='ltr'>ex</span> 
     </span>
     <span class='ocr_line' id='line_1_21' title="bbox 377 3521 1567 3627; baseline -0.004 -18"><span class='ocrx_word' id='word_1_138' title='bbox 377 3521 500 3627; x_wconf 69' lang='lat' dir='ltr'>¹aliquo</span> <span class='ocrx_word' id='word_1_139' title='bbox 514 3545 611 3606; x_wconf 81' lang='lat' dir='ltr'>textu</span> <span class='ocrx_word' id='word_1_140' title='bbox 623 3539 804 3625; x_wconf 82' lang='lat' dir='ltr'>Scripturae</span> <span class='ocrx_word' id='word_1_141' title='bbox 817 3539 874 3606; x_wconf 86' lang='lat' dir='ltr'>vel</span> <span class='ocrx_word' id='word_1_142' title='bbox 887 3541 1204 3607; x_wconf 83' lang='lat' dir='ltr'>conciliorum&#39;Nec</span> <span class='ocrx_word' id='word_1_143' title='bbox 1219 3543 1272 3606; x_wconf 86' lang='lat' dir='ltr'>est</span> <span class='ocrx_word' id='word_1_144' title='bbox 1286 3541 1390 3606; x_wconf 88' lang='lat' dir='ltr'>etiam</span> <span class='ocrx_word' id='word_1_145' title='bbox 1404 3539 1494 3625; x_wconf 78' lang='lat' dir='ltr'>juris</span> <span class='ocrx_word' id='word_1_146' title='bbox 1508 3557 1567 3605; x_wconf 88' lang='lat' dir='ltr'>na·</span> 
     </span>
     <span class='ocr_line' id='line_1_22' title="bbox 386 3647 1568 3734; baseline -0.001 -22"><span class='ocrx_word' id='word_1_147' title='bbox 386 3649 505 3715; x_wconf 85' lang='lat' dir='ltr'>turalia</span> <span class='ocrx_word' id='word_1_148' title='bbox 520 3669 527 3713; x_wconf 92' lang='lat'>:</span> <span class='ocrx_word' id='word_1_149' title='bbox 544 3667 625 3715; x_wconf 84' lang='lat' dir='ltr'>nam</span> <span class='ocrx_word' id='word_1_150' title='bbox 647 3649 712 3714; x_wconf 87' lang='lat' dir='ltr'>etsi</span> <span class='ocrx_word' id='word_1_151' title='bbox 725 3647 809 3714; x_wconf 93' lang='lat' dir='ltr'>ordo</span> <span class='ocrx_word' id='word_1_152' title='bbox 834 3667 930 3715; x_wconf 88' lang='lat' dir='ltr'>sacer</span> <span class='ocrx_word' id='word_1_153' title='bbox 950 3654 1069 3734; x_wconf 90' lang='lat' dir='ltr'>suapte</span> <span class='ocrx_word' id='word_1_154' title='bbox 1091 3655 1215 3715; x_wconf 86' lang='lat' dir='ltr'>natura</span> <span class='ocrx_word' id='word_1_155' title='bbox 1238 3649 1423 3734; x_wconf 81' lang='lat' dir='ltr'>quamdam</span> <span class='ocrx_word' id='word_1_156' title='bbox 1445 3649 1568 3714; x_wconf 79' lang='lat' dir='ltr'>afferet</span> 
     </span>
     <span class='ocr_line' id='line_1_23' title="bbox 385 3745 1567 3842; baseline -0.002 -18"><span class='ocrx_word' id='word_1_157' title='bbox 385 3745 647 3841; x_wconf 79' lang='lat' dir='ltr'>congruentiam</span> <span class='ocrx_word' id='word_1_158' title='bbox 660 3757 848 3834; x_wconf 79' lang='lat' dir='ltr'>coelibatus,</span> <span class='ocrx_word' id='word_1_159' title='bbox 863 3776 934 3824; x_wconf 88' lang='lat' dir='ltr'>non</span> <span class='ocrx_word' id='word_1_160' title='bbox 945 3762 1062 3824; x_wconf 83' lang='lat' dir='ltr'>tamon</span> <span class='ocrx_word' id='word_1_161' title='bbox 1076 3757 1231 3842; x_wconf 89' lang='lat' dir='ltr'>sequitur</span> <span class='ocrx_word' id='word_1_162' title='bbox 1245 3757 1336 3841; x_wconf 87' lang='lat' dir='ltr'>quod</span> <span class='ocrx_word' id='word_1_163' title='bbox 1351 3757 1434 3822; x_wconf 91' lang='lat' dir='ltr'>ordo</span> <span class='ocrx_word' id='word_1_164' title='bbox 1450 3763 1485 3822; x_wconf 89' lang='lat' dir='ltr'>et</span> <span class='ocrx_word' id='word_1_165' title='bbox 1495 3773 1567 3822; x_wconf 84' lang='lat' dir='ltr'>ma-</span> 
     </span>
     <span class='ocr_line' id='line_1_24' title="bbox 386 3865 1088 3948; baseline 0.003 -19"><span class='ocrx_word' id='word_1_166' title='bbox 386 3867 586 3932; x_wconf 86' lang='lat' dir='ltr'>trimonium</span> <span class='ocrx_word' id='word_1_167' title='bbox 599 3867 691 3931; x_wconf 90' lang='lat' dir='ltr'>inter</span> <span class='ocrx_word' id='word_1_168' title='bbox 703 3884 740 3930; x_wconf 89' lang='lat' dir='ltr'>se</span> <span class='ocrx_word' id='word_1_169' title='bbox 755 3865 911 3932; x_wconf 85' lang='lat' dir='ltr'>absolute</span> <span class='ocrx_word' id='word_1_170' title='bbox 924 3871 1088 3948; x_wconf 77' lang='lat' dir='ltr'>pugnent.</span> 
     </span>
    </p>

    <p class='ocr_par' dir='ltr' id='par_1_10' title="bbox 384 3971 1566 4168">
     <span class='ocr_line' id='line_1_25' title="bbox 425 3971 1566 4058; baseline -0.004 -18"><span class='ocrx_word' id='word_1_171' title='bbox 425 3973 630 4058; x_wconf 66' lang='lat' dir='ltr'>misequitur</span> <span class='ocrx_word' id='word_1_172' title='bbox 653 3973 840 4039; x_wconf 72' lang='lat' dir='ltr'>colemus</span> <span class='ocrx_word' id='word_1_173' title='bbox 869 3974 906 4038; x_wconf 90' lang='lat' dir='ltr'>in</span> <span class='ocrx_word' id='word_1_174' title='bbox 934 3974 1038 4039; x_wconf 83' lang='lat' dir='ltr'>sacris</span> <span class='ocrx_word' id='word_1_175' title='bbox 1066 3975 1270 4040; x_wconf 89' lang='lat' dir='ltr'>constitutos</span> <span class='ocrx_word' id='word_1_176' title='bbox 1298 3991 1362 4039; x_wconf 89' lang='lat' dir='ltr'>nec</span> <span class='ocrx_word' id='word_1_177' title='bbox 1388 3971 1478 4038; x_wconf 89' lang='lat' dir='ltr'>licite</span> <span class='ocrx_word' id='word_1_178' title='bbox 1503 3985 1566 4037; x_wconf 91' lang='lat' dir='ltr'>nec</span> 
     </span>
     <span class='ocr_line' id='line_1_26' title="bbox 384 4081 1565 4168; baseline -0.004 -19"><span class='ocrx_word' id='word_1_179' title='bbox 384 4081 496 4149; x_wconf 80' lang='lat' dir='ltr'>valide</span> <span class='ocrx_word' id='word_1_180' title='bbox 513 4081 714 4147; x_wconf 83' lang='lat' dir='ltr'>contrahere</span> <span class='ocrx_word' id='word_1_181' title='bbox 728 4099 830 4165; x_wconf 88' lang='lat' dir='ltr'>posse</span> <span class='ocrx_word' id='word_1_182' title='bbox 842 4081 1118 4162; x_wconf 64' lang='lat' dir='ltr'>matrimonium</span> <span class='ocrx_word' id='word_1_183' title='bbox 1145 4083 1235 4168; x_wconf 88' lang='lat' dir='ltr'>quod</span> <span class='ocrx_word' id='word_1_184' title='bbox 1254 4101 1298 4147; x_wconf 88' lang='lat' dir='ltr'>ex</span> <span class='ocrx_word' id='word_1_185' title='bbox 1318 4081 1421 4148; x_wconf 83' lang='lat' dir='ltr'>variis</span> <span class='ocrx_word' id='word_1_186' title='bbox 1435 4099 1464 4146; x_wconf 93' lang='lat' dir='ltr'>c.</span> <span class='ocrx_word' id='word_1_187' title='bbox 1478 4082 1565 4165; x_wconf 84' lang='lat' dir='ltr'>juris</span> 
     </span>
    </p>
   </div>
   <div class='ocr_carea' id='block_1_10' title="bbox 385 4171 1746 4273">
    <p class='ocr_par' dir='ltr' id='par_1_11' title="bbox 385 4171 1746 4273">
     <span class='ocr_line' id='line_1_27' title="bbox 385 4171 1746 4273; baseline -0.007 -18"><span class='ocrx_word' id='word_1_188' title='bbox 385 4190 586 4267; x_wconf 86' lang='lat' dir='ltr'>desumitur,</span> <span class='ocrx_word' id='word_1_189' title='bbox 603 4194 638 4254; x_wconf 90' lang='lat' dir='ltr'>et</span> <span class='ocrx_word' id='word_1_190' title='bbox 651 4189 734 4255; x_wconf 85' lang='lat' dir='ltr'>alias</span> <span class='ocrx_word' id='word_1_191' title='bbox 750 4209 911 4273; x_wconf 88' lang='lat' dir='ltr'>expresse</span> <span class='ocrx_word' id='word_1_192' title='bbox 937 4189 1116 4256; x_wconf 86' lang='lat' dir='ltr'>delinitum</span> <span class='ocrx_word' id='word_1_193' title='bbox 1131 4196 1184 4256; x_wconf 89' lang='lat' dir='ltr'>est</span> <span class='ocrx_word' id='word_1_194' title='bbox 1198 4190 1393 4269; x_wconf 75' lang='lat' dir='ltr'>allident,</span> <span class='ocrx_word' id='word_1_195' title='bbox 1411 4209 1495 4256; x_wconf 89' lang='lat' dir='ltr'>sess.</span> <span class='ocrx_word' id='word_1_196' title='bbox 1512 4187 1563 4266; x_wconf 67' lang='grc'>24,</span> <span class='ocrx_word' id='word_1_197' title='bbox 1629 4191 1638 4206; x_wconf 87' lang='grc'>’</span> <span class='ocrx_word' id='word_1_198' title='bbox 1745 4171 1746 4198; x_wconf 59' lang='lat'>*</span> 
     </span>
    </p>
   </div>
   <div class='ocr_carea' id='block_1_11' title="bbox 384 4297 1567 4817">
    <p class='ocr_par' dir='ltr' id='par_1_12' title="bbox 384 4297 1567 4817">
     <span class='ocr_line' id='line_1_28' title="bbox 384 4297 1567 4384; baseline -0.002 -19"><span class='ocrx_word' id='word_1_199' title='bbox 384 4317 458 4366; x_wconf 85' lang='lat' dir='ltr'>can.</span> <span class='ocrx_word' id='word_1_200' title='bbox 484 4299 514 4377; x_wconf 81' lang='lat'>9,</span> <span class='ocrx_word' id='word_1_201' title='bbox 546 4303 581 4364; x_wconf 89' lang='lat' dir='ltr'>ct</span> <span class='ocrx_word' id='word_1_202' title='bbox 608 4297 683 4364; x_wconf 82' lang='lat' dir='ltr'>haec</span> <span class='ocrx_word' id='word_1_203' title='bbox 706 4299 821 4383; x_wconf 85' lang='lat' dir='ltr'>praxis</span> <span class='ocrx_word' id='word_1_204' title='bbox 843 4299 925 4365; x_wconf 84' lang='lat' dir='ltr'>olim</span> <span class='ocrx_word' id='word_1_205' title='bbox 955 4305 1028 4366; x_wconf 90' lang='lat' dir='ltr'>erat</span> <span class='ocrx_word' id='word_1_206' title='bbox 1059 4302 1163 4366; x_wconf 86' lang='lat' dir='ltr'>etium</span> <span class='ocrx_word' id='word_1_207' title='bbox 1190 4305 1327 4384; x_wconf 86' lang='lat' dir='ltr'>recepta</span> <span class='ocrx_word' id='word_1_208' title='bbox 1356 4300 1392 4364; x_wconf 92' lang='lat' dir='ltr'>in</span> <span class='ocrx_word' id='word_1_209' title='bbox 1420 4297 1567 4364; x_wconf 84' lang='lat' dir='ltr'>Ecclesia</span> 
     </span>
     <span class='ocr_line' id='line_1_29' title="bbox 387 4407 1565 4492; baseline -0.002 -20"><span class='ocrx_word' id='word_1_210' title='bbox 387 4407 509 4484; x_wconf 77' lang='lat' dir='ltr'>Graeca,</span> <span class='ocrx_word' id='word_1_211' title='bbox 526 4411 566 4471; x_wconf 90' lang='lat' dir='ltr'>ut</span> <span class='ocrx_word' id='word_1_212' title='bbox 578 4412 674 4491; x_wconf 85' lang='lat' dir='ltr'>patet</span> <span class='ocrx_word' id='word_1_213' title='bbox 688 4427 731 4473; x_wconf 87' lang='lat' dir='ltr'>ox</span> <span class='ocrx_word' id='word_1_214' title='bbox 753 4425 828 4473; x_wconf 87' lang='lat' dir='ltr'>can.</span> <span class='ocrx_word' id='word_1_215' title='bbox 845 4408 866 4472; x_wconf 86' lang='grc'><strong>6</strong></span> <span class='ocrx_word' id='word_1_216' title='bbox 886 4407 1018 4475; x_wconf 88' lang='lat' dir='ltr'>concilii</span> <span class='ocrx_word' id='word_1_217' title='bbox 1035 4407 1194 4474; x_wconf 83' lang='lat' dir='ltr'>Trulleni.</span> <span class='ocrx_word' id='word_1_218' title='bbox 1217 4407 1315 4476; x_wconf 87' lang='lat' dir='ltr'>Ratio</span> <span class='ocrx_word' id='word_1_219' title='bbox 1340 4412 1403 4486; x_wconf 88' lang='lat' dir='ltr'>est,</span> <span class='ocrx_word' id='word_1_220' title='bbox 1428 4407 1508 4492; x_wconf 87' lang='lat' dir='ltr'>quia</span> <span class='ocrx_word' id='word_1_221' title='bbox 1529 4407 1565 4470; x_wconf 93' lang='lat' dir='ltr'>in</span> 
     </span>
     <span class='ocr_line' id='line_1_30' title="bbox 384 4515 1565 4602; baseline 0.001 -23"><span class='ocrx_word' id='word_1_222' title='bbox 384 4517 572 4599; x_wconf 78' lang='lat' dir='ltr'>majoribus</span> <span class='ocrx_word' id='word_1_223' title='bbox 589 4515 776 4595; x_wconf 87' lang='lat' dir='ltr'>constituti,</span> <span class='ocrx_word' id='word_1_224' title='bbox 795 4535 875 4582; x_wconf 93' lang='lat' dir='ltr'>cum</span> <span class='ocrx_word' id='word_1_225' title='bbox 890 4517 1115 4602; x_wconf 90' lang='lat' dir='ltr'>propinquius</span> <span class='ocrx_word' id='word_1_226' title='bbox 1135 4517 1179 4583; x_wconf 87' lang='lat' dir='ltr'>ad</span> <span class='ocrx_word' id='word_1_227' title='bbox 1202 4517 1317 4582; x_wconf 80' lang='lat' dir='ltr'>altaris</span> <span class='ocrx_word' id='word_1_228' title='bbox 1337 4515 1565 4582; x_wconf 89' lang='lat' dir='ltr'>ministerium</span> 
     </span>
     <span class='ocr_line' id='line_1_31' title="bbox 384 4623 1565 4709; baseline 0 -21"><span class='ocrx_word' id='word_1_229' title='bbox 384 4623 556 4700; x_wconf 82' lang='lat' dir='ltr'>accedant,</span> <span class='ocrx_word' id='word_1_230' title='bbox 573 4623 878 4709; x_wconf 86' lang='lat' dir='ltr'>debentmejorem</span> <span class='ocrx_word' id='word_1_231' title='bbox 889 4625 1016 4691; x_wconf 89' lang='lat' dir='ltr'>habere</span> <span class='ocrx_word' id='word_1_232' title='bbox 1028 4625 1258 4703; x_wconf 83' lang='lat' dir='ltr'>sanctitatem3</span> <span class='ocrx_word' id='word_1_233' title='bbox 1272 4623 1395 4690; x_wconf 92' lang='lat' dir='ltr'>deinde</span> <span class='ocrx_word' id='word_1_234' title='bbox 1408 4623 1565 4689; x_wconf 90' lang='lat' dir='ltr'>ordinem</span> 
     </span>
     <span class='ocr_line' id='line_1_32' title="bbox 385 4731 1562 4817; baseline 0.003 -22"><span class='ocrx_word' id='word_1_235' title='bbox 385 4749 520 4796; x_wconf 81' lang='lat' dir='ltr'>sucrum</span> <span class='ocrx_word' id='word_1_236' title='bbox 539 4731 702 4808; x_wconf 87' lang='lat' dir='ltr'>ineundo,</span> <span class='ocrx_word' id='word_1_237' title='bbox 731 4737 898 4817; x_wconf 88' lang='lat' dir='ltr'>perpetuo</span> <span class='ocrx_word' id='word_1_238' title='bbox 922 4752 958 4798; x_wconf 90' lang='lat' dir='ltr'>se</span> <span class='ocrx_word' id='word_1_239' title='bbox 981 4733 1052 4798; x_wconf 89' lang='lat' dir='ltr'>Deo</span> <span class='ocrx_word' id='word_1_240' title='bbox 1073 4739 1317 4800; x_wconf 87' lang='lat' dir='ltr'>consecrarunt</span> <span class='ocrx_word' id='word_1_241' title='bbox 1330 4753 1338 4796; x_wconf 81' lang='grc' dir='ltr'><em>τ</em></span> <span class='ocrx_word' id='word_1_242' title='bbox 1352 4751 1456 4816; x_wconf 92' lang='lat' dir='ltr'>porro</span> <span class='ocrx_word' id='word_1_243' title='bbox 1476 4749 1562 4798; x_wconf 83' lang='lat' dir='ltr'>uxo-</span> 
     </span>
    </p>
   </div>
   <div class='ocr_carea' id='block_1_12' title="bbox 0 0 1760 5574">
    <p class='ocr_par' dir='ltr' id='par_1_13' title="bbox 0 0 1760 5574">
     <span class='ocr_line' id='line_1_33' title="bbox 0 0 1760 5574; baseline 0 2"><span class='ocrx_word' id='word_1_244' title='bbox 0 0 1760 5574; x_wconf 95' lang='lat' dir='ltr'> </span> 
     </span>
    </p>
   </div>
  </div>
 </body>
</html>
