3504 5566
370 534 426 598 152
827 549 879 596 rus
901 547 1080 596 canonicus.

367 689 438 737 nan
451 667 709 753 comprehendit
723 668 920 750 episcopum
937 687 944 729 :
961 683 1041 754 nani
1056 684 1099 730 ex
1112 665 1290 749 privilegio
1305 665 1345 747 (o.
1359 663 1379 727 l
1391 663 1432 728 de
1443 663 1538 729 Seni.

367 797 506 860 eneam„
522 777 558 841 in
572 777 625 854 6⁰),
641 775 933 859 episcopipoenam
949 774 1182 857 suspensionis
1192 790 1262 838 nou
1274 773 1462 845 incurrunt,
1476 768 1541 834 nisi

368 887 410 950 de
431 883 498 948 illis
520 903 681 968 expressa
700 885 760 948 ilat
779 884 919 948 mentio.
936 882 1013 946 llaeo
1029 901 1131 966 poena
1145 899 1215 946 non
1229 878 1423 946 extenditur
1437 876 1541 942 etiam

368 993 410 1058 ad
431 993 595 1058 arbitrum
614 991 959 1075 compromissam,
977 991 1033 1073 qui
1056 1007 1124 1054 uon
1149 994 1202 1054 est
1220 987 1328 1072 judex
1351 985 1541 1052 ordinarius

369 1120 431 1165 nec
446 1099 622 1182 delegatus
638 1119 644 1162 :
658 1097 754 1180 leges
769 1100 861 1162 enim
874 1097 1028 1181 poenales
1042 1102 1123 1161 sunt
1136 1096 1251 1162 stricte
1266 1092 1539 1178 interpretandae.

369 1208 461 1272 idem
477 1207 657 1280 dicendum
673 1211 725 1272 est
740 1206 781 1270 de
795 1223 891 1270 mero
910 1209 1120 1270 exsecutore.

741 1587 955 1663 TITULUS
988 1587 1167 1662 XXVIII.

463 1768 500 1812 oe
522 1765 804 1824 APPELLATIONIEUS,
829 1765 1079 1812 neccsarrourncs
1100 1767 1137 1812 ar
1158 1767 1371 1814 nscirrorurus
1393 1749 1445 1831 (1).

411 2073 498 2138 Parti
509 2091 570 2155 per
580 2071 786 2137 seutentiam
797 2071 887 2136 laesae
895 2076 1095 2154 competunt
1105 2072 1200 2138 varia
1208 2072 1377 2139 remedia:
1394 2074 1426 2136 1ο
1437 2091 1543 2140 reme-

372 2183 465 2246 dium
489 2179 663 2256 nuditatis,
681 2181 710 2244 si
736 2180 906 2246 sententia
928 2179 1102 2264 exaliqua
1124 2179 1233 2264 capite
1253 2181 1356 2245 fuerit
1378 2181 1541 2258 invalida;

370 2292 402 2354 2ο
423 2290 612 2355 remedium
637 2288 846 2352 ordinarium
870 2287 1105 2371 appellationis
1130 2295 1165 2352 et
1186 2289 1339 2354 remedia
1360 2290 1543 2355 extraordi-

371 2400 483 2470 naria,
513 2401 551 2461 ut
581 2396 805 2460 restitutionis
833 2395 868 2458 iu
894 2396 1084 2479 integrum,
1116 2397 1370 2481 supplicationis
1401 2399 1542 2482 principi

371 2504 477 2578 loom,
496 2505 571 2576 etc,
590 2500 618 2562 si
642 2501 812 2564 sententia
832 2500 935 2564 tuerit
957 2500 1094 2584 injusta.
1112 2500 1150 2565 ln
1176 2502 1309 2566 ruhn'oa
1327 2503 1430 2586 hujus
1457 2503 1542 2566 tituli

373 2608 546 2693 speciatim
565 2605 732 2670 indicatur
750 2607 873 2672 modus
895 2626 962 2691 quo
984 2609 1145 2692 suspendi
1167 2614 1284 2693 posset
1302 2611 1443 2674 eiiaotus
1464 2629 1540 2674 sen-

373 2718 497 2792 tentiae,
510 2735 553 2781 ne
568 2715 603 2777 in
616 2733 690 2778 rem
700 2715 885 2797 J'udioatam
899 2721 1065 2782 transeat:
1077 2717 1261 2799 impeditur
1273 2717 1364 2794 enim
1376 2715 1431 2781 ille
1447 2718 1544 2782 etiec-

372 2831 426 2889 tus
447 2827 518 2890 sive
541 2825 766 2910 appellatione
785 2825 827 2890 ad
843 2825 993 2909 judicem
1008 2826 1231 2908 superiorem,
1248 2827 1320 2890 sive
1336 2829 1543 2892 recreatione

368 2934 491 3016 judicis
520 2934 792 3018 incompetentis‚
818 2935 976 3017 suspecti,
1008 2939 1084 3012 eto,
1108 2935 1180 3000 sive
1204 2933 1355 3019 denique
1380 2935 1543 3000 relatione

371 3060 482 3107 causae
496 3042 539 3107 ad
551 3042 772 3125 superiorem.

776 3250 944 3312 SEGTIO
978 3251 1138 3314 PRIMA.

808 3391 855 3444 De
872 3391 1105 3457 appellatione.

406 3556 423 3628 5
441 3557 461 3611 1Ι
481 3555 520 3614 lle
534 3559 648 3613 natnra
661 3553 870 3628 appellationis
885 3559 914 3613 et
928 3553 1113 3627 depersoner
1128 3569 1194 3629 qnae
1207 3555 1359 3628 appellare
1371 3561 1506 3629 poscant.

695 3705 713 3754 1.
732 3703 837 3756 Natura
854 3703 883 3756 et
898 3701 998 3756 divisio
1015 3703 1220 3768 appellationis.

412 3821 444 3903 a)
469 3819 656 3904 Appellatio
688 3827 741 3886 est
761 3824 958 3907 praoowtia
989 3823 1030 3887 ab
1061 3823 1216 3905 inferiori
1245 3823 1293 3888 ad
1323 3825 1542 3909 superiorem,

371 3930 501 3992 ratione
514 3931 722 4012 precaminis
737 3930 827 3994 illati
837 3931 893 3994 cel
905 3929 1082 4012 inserendi.

411 4037 531 4101 Differt
544 4057 565 4102 a
579 4038 834 4120 supplicatione,
852 4057 919 4122 qua
931 4036 1034 4102 laesus
1051 4057 1112 4102 seu
1128 4043 1290 4120 gravatus
1311 4039 1396 4123 petit
1415 4058 1435 4105 a
1455 4039 1545 4123 prin-
1628 4049 1633 4056 '

372 4145 498 4227 cipejut
511 4163 553 4208 ex
568 4145 775 4226 benignitate
790 4146 942 4210 resideat
956 4165 996 4211 ao
1009 4152 1169 4215 retractet
1183 4149 1398 4212 sententiam.
1469 4149 1472 4155 '

412 4254 442 4329 b)
465 4252 651 4335 Appellatio
673 4257 725 4316 est
747 4252 872 4336 duplex
902 4274 908 4316 :
934 4254 1119 4336 judicialia,
1152 4274 1227 4338 quae
1246 4256 1477 4339 interponitur
1502 4257 1544 4319 ab

372 4361 501 4426 actibus
513 4359 740 4443 judicialibus,
753 4359 808 4425 vel
818 4365 896 4426 ante
907 4360 1002 4426 litem
1019 4366 1274 4428 contestatama
1287 4363 1382 4426 brevi
1398 4364 1543 4426 termino

405 4525 437 4588 (1)
453 4525 489 4575 De
501 4525 550 4576 hac
562 4525 672 4576 materia
686 4526 773 4591 agitur
786 4530 812 4576 1ο
824 4529 852 4578 in
866 4527 999 4590 Paudect.‚
1011 4528 1059 4578 lib.
1070 4528 1154 4590 XLIX,
1166 4529 1207 4580 tit.
1219 4527 1478 4593 1-xur;inGad.‚lib.
1492 4529 1545 4589 Vll,

372 4609 411 4658 tit.
428 4619 494 4672 cxii,
511 4609 642 4672 usquead
658 4609 737 4660 fluam
753 4611 844 4660 Norat.
863 4614 904 4672 ¹33
921 4613 947 4661 2ο
963 4611 989 4662 iu
1008 4610 1071 4663 cod.
1087 4611 1147 4676 oin,
1163 4625 1188 4662 a.
1202 4613 1242 4675 99,
1258 4614 1382 4676 118,118,
1398 4613 1470 4674 2221,
1485 4613 1545 4672 atc.;

372 4689 400 4739 in
416 4689 479 4740 cad.
495 4703 610 4754 process.
623 4689 685 4750 cin,
701 4689 746 4742 lib.
761 4691 794 4744 111
808 4694 834 4742 et
848 4693 888 4747 tV.
