3504 5568
321 537 325 545 ⁴
373 555 433 618 500
831 571 881 618 rus
902 571 1080 619 cruorrcuu.

374 697 449 768 tus;
470 691 534 756 hoc
549 690 706 754 ultimum
728 692 919 767 haberetur,
946 691 973 754 si
1000 691 1076 775 quis
1101 689 1277 756 ecclesiam
1296 689 1480 756 aedificaret
1501 707 1542 754 eo

374 801 443 863 line
459 803 497 862 ut
509 799 673 864 medietas
685 797 896 864 oblationum
910 798 953 863 ad
971 817 1051 862 eum
1065 797 1260 881 pertineret,
1284 802 1321 861 ut
1339 799 1483 862 habetur
1508 797 1543 860 in

373 924 403 971 c.
422 908 470 984 lli,
484 906 560 971 dist.
573 907 602 982 l,
618 907 659 972 de
672 907 823 972 Consecr.

732 1097 774 1148 111.
791 1097 831 1150 De
845 1095 978 1150 facultate
993 1094 1187 1150 cousecraudl.

419 1232 449 1295 l⁰
465 1229 611 1296 Ecclesia
628 1231 859 1296 consecranda
877 1235 930 1294 est
954 1231 996 1294 ab
1021 1229 1190 1312 episcope,
1207 1233 1242 1293 et
1269 1230 1407 1314 quidem
1425 1228 1481 1295 illo
1509 1228 1543 1296 in

373 1341 472 1422 cujus
487 1339 624 1404 diaecesi
639 1344 751 1404 erecta
765 1343 837 1404 est:
854 1339 910 1414 ila,
926 1343 1004 1421 post
1014 1341 1072 1420 jus
1086 1339 1275 1422 antiquum,
1291 1339 1415 1404 Bened.
1429 1337 1498 1402 xlv
1508 1339 1544 1402 in

372 1451 481 1514 const.
498 1448 635 1512 Ertaia
651 1447 813 1534 precibus.
845 1446 914 1511 Hoc
939 1464 1067 1510 munus
1092 1447 1140 1512 ita
1165 1447 1328 1530 competit
1352 1446 1544 1512 dioecesauo

374 1557 544 1639 episcope,
572 1561 610 1620 ut
636 1557 763 1639 absque
792 1558 867 1638 ejus
903 1553 1115 1634 delegatione
1152 1559 1315 1618 extraneo
1343 1554 1544 1636 cuicumque

374 1664 533 1748 episcopo
548 1682 618 1728 non
632 1663 740 1740 liceat,
758 1663 820 1727 sub
835 1680 936 1745 poena
951 1663 1184 1745 suspensionis
1197 1681 1218 1726 a
1233 1661 1547 1744 pontissmliumper

375 1771 548 1854 integrum
563 1789 692 1836 annum
708 1771 879 1846 exercitia,
897 1787 1000 1853 quam
1014 1769 1091 1831 tulit
1104 1786 1198 1834 conc.
1216 1768 1302 1832 Trid.
1318 1769 1356 1850 (s.
1372 1769 1402 1845 6,
1416 1785 1444 1832 c.
1462 1767 1493 1842 5,
1505 1765 1547 1829 de

372 1877 461 1959 iles.)
475 1883 593 1943 contra
608 1881 804 1942 exercentes
819 1876 1025 1960 pontificalia
1051 1875 1087 1939 in
1115 1875 1226 1940 aliena
1250 1875 1397 1940 dioecesi.
1419 1873 1546 1938 Tamen

374 1985 583 2050 consecratio
608 1989 699 2049 esset
730 1984 851 2060 valida,
882 1985 961 2068 quia
987 1988 1039 2047 est
1061 1988 1157 2048 actus
1181 1982 1309 2047 ordinis
1335 1980 1545 2064 episcopalis.

373 2091 586 2158 consecratio
608 2094 654 2158 ita
672 2097 866 2157 reservatur
887 2091 1045 2175 episcopo
1068 2091 1249 2168 ordinario,
1272 2095 1310 2153 ut
1329 2109 1441 2174 neque
1461 2091 1549 2154 vica-

372 2201 442 2265 rius
456 2201 490 2264 id
505 2200 617 2264 valeat
628 2199 779 2283 implere,
796 2199 930 2264 etiamsi
946 2203 1041 2263 esset
1054 2199 1247 2263 charactere
1268 2197 1449 2281 episcopali
1470 2196 1548 2262 insi·

371 2309 507 2389 gnitus3
523 2309 609 2373 ratio
625 2312 686 2384 est,
702 2307 781 2390 quia
788 2307 822 2368 in
830 2305 982 2387 generali
993 2307 1235 2371 commissione
1246 2323 1316 2370 non
1326 2305 1549 2370 includuntur

375 2433 504 2499 eaquae
521 2419 674 2499 spectant
694 2415 968 2480 consecrationes
987 2413 1217 2479 ecclesiarum.
1233 2413 1276 2476 At
1290 2413 1551 2495 notandumest

376 2523 465 2606 quod
483 2543 524 2587 ex
540 2522 765 2588 declaratione
781 2521 1061 2604 Congregaticnis
1079 2521 1257 2605 peculiaris
1272 2541 1292 2586 a
1306 2521 1447 2584 Summo
1464 2520 1550 2584 Pon·

375 2631 462 2695 tiflce
478 2631 588 2695 Leone
602 2629 674 2692 xlll
689 2629 885 2711 designata,
902 2631 1090 2695 cardinales
1105 2631 1233 2694 habent
1253 2633 1310 2713 jus
1329 2625 1550 2694 consecrandi

374 2737 493 2803 altaria
506 2738 541 2801 in
556 2737 661 2802 titulis
676 2737 894 2802 cardinalitiis
909 2739 974 2802 sita
986 2739 1117 2821 (idjam
1136 2738 1236 2820 1878).

413 2847 446 2908 Ψ
464 2845 590 2911 Tamen
604 2845 718 2929 plures
741 2846 878 2910 ordines
899 2846 1073 2928 regulares
1099 2865 1142 2910 ex
1163 2845 1341 2930 privilegio
1364 2843 1549 2929 pontificali

374 2957 518 3036 possunt
532 2972 592 3036 pro
616 2953 869 3019 consecratione
897 2973 1036 3020 suarum
1061 2953 1280 3019 ecclesiarum
1305 2973 1480 3019 recurrere
1505 2951 1549 3018 ad

374 3079 623 3144 quemcumque
632 3061 838 3146 episcopum,
849 3061 971 3126 saltem
984 3063 1119 3146 quando
1133 3063 1312 3146 episcopus
1322 3063 1547 3138 dioecesanus,

374 3169 666 3234 consecrationem
679 3169 853 3234 humiliter
874 3187 913 3234 ac
929 3171 1017 3235 trina
1032 3171 1105 3236 viee
1127 3171 1343 3254 postulatam,
1360 3169 1448 3234 ultra
1464 3187 1547 3252 qua-

375 3283 453 3345 tuor
466 3298 613 3356 menses,
632 3281 704 3344 sine
720 3297 824 3345 causa
839 3279 978 3358 distulit,
996 3300 1040 3345 ex
1050 3286 1157 3345 const.
1174 3281 1263 3345 Dum
1279 3281 1370 3344 intra
1382 3281 1484 3344 Leon.
1497 3277 1548 3356 ll;

329 3459 340 3474 .
375 3387 435 3451 sed
454 3387 596 3452 ecclesia
615 3407 829 3472 quocumque
848 3389 951 3454 modo
980 3394 1139 3472 exempta
1164 3389 1266 3454 debet
1290 3385 1480 3453 consecrari
1506 3387 1550 3452 ah

375 3497 532 3580 episcopo
547 3497 750 3574 decessus,
771 3499 906 3582 quando
925 3499 1100 3580 regulares
1117 3499 1266 3581 exempti
1288 3497 1426 3562 laudato
1448 3496 1551 3579 priri-

374 3603 464 3686 legio
479 3623 548 3670 non
561 3607 729 3670 fruuntur.
747 3604 829 3682 Imo,
842 3608 942 3688 juxta
955 3605 1081 3688 plures,
1100 3605 1182 3669 illud
1195 3605 1414 3688 privilegium
1428 3604 1551 3668 luisset

376 3717 573 3778 revocatum
588 3731 608 3777 a
621 3732 714 3777 conc.
731 3711 818 3776 Trid.
836 3732 898 3796 per
910 3711 994 3776 illud
1008 3713 1181 3777 decretum
1197 3714 1235 3795 (s.
1253 3713 1282 3789 6,
1299 3731 1327 3776 c.
1342 3712 1373 3788 5,
1397 3710 1439 3773 de
1460 3709 1550 3792 Res.)

378 3837 444 3900 quo
472 3821 661 3901 generatim
681 3821 854 3904 prohibuit
879 3821 1078 3884 exercitium
1099 3819 1344 3904 pontificalium
1364 3819 1428 3882 sub
1448 3835 1551 3901 prena

378 3929 620 4010 suspensionis.
650 3929 713 3993 Sed
741 3929 797 3993 alii
826 3929 924 3992 multi
949 3935 1077 4010 negant
1103 3928 1318 4012 privilegium
1340 3925 1550 4007 regularium

376 4035 481 4099 luisse
497 4041 693 4100 revocatum
717 4055 737 4101 a
757 4055 851 4102 conc.
878 4035 964 4100 Trid.
989 4036 1081 4118 (Vide
1097 4035 1220 4100 Bened.
1238 4035 1318 4112 xlv,
1336 4033 1421 4116 Syn.
1439 4033 1549 4110 dimo,

377 4141 732 4225 l.lllll,e.15.).lbbas
747 4161 828 4208 vere
837 4141 1354 4226 nulliuspossetsineprivilegio
1367 4139 1551 4224 pontificali

377 4267 498 4316 vocare
520 4269 769 4334 quemcumque
791 4251 1011 4334 episcopum;
1034 4269 1114 4316 nam
1136 4255 1189 4314 est
1204 4250 1300 4334 quasi
1321 4247 1551 4334 episcopusin

376 4375 438 4423 suo
454 4357 632 4423 territorio.

415 4467 447 4527 3⁹
462 4463 676 4530 consecratio
692 4466 841 4532 ecclesiae
856 4465 898 4531 alr
914 4466 1073 4550 episcopo
1089 4467 1254 4533 committi
1269 4467 1388 4551 nequit
1408 4461 1551 4548 simplici

377 4571 553 4648 sacerdoti,
569 4577 608 4637 ut
625 4573 774 4639 decrevit
787 4575 912 4639 Bened.
937 4573 1007 4636 XIV
1030 4573 1065 4638 in
1089 4579 1197 4640 const.
1220 4573 1363 4640 Eutaia
1382 4571 1548 4657 precibus.

375 4681 472 4746 Ratio
488 4685 550 4760 est,
568 4682 646 4766 quia
660 4683 869 4750 consecratio
886 4686 938 4748 est
951 4687 1046 4748 actus
1065 4681 1193 4748 ordinis
1208 4680 1425 4764 episcopalis;
1447 4697 1550 4762 porro
