3510 5574
569 587 656 631 ursae
678 587 803 632 userius
825 587 1045 632 oueasrnmuu.
1338 577 1398 640 bitti

217 707 425 790 praevidetur
438 711 573 790 emptor
581 707 762 772 abusurus.
773 705 800 768 Α
816 709 978 771 testatore
990 710 1050 772 aut
1062 726 1105 771 ex
1114 713 1213 792 paeto
1224 727 1281 773 res
1294 709 1398 773 etiam

217 815 320 879 vendi
333 815 538 899 quandoque
551 813 793 897 probibentur;
812 832 869 878 res
890 814 995 878 etiem
1014 813 1086 878 dari
1100 819 1213 900 potest
1228 835 1306 881 oum
1320 835 1400 882 oon-

218 923 346 988 ditione
361 942 405 986 ne
418 923 588 987 vendatur
600 926 661 986 aut
673 921 852 986 alienetur.

258 1033 290 1093 7·
304 1031 350 1094 lle
366 1030 539 1113 emptione
554 1033 589 1093 et
603 1028 801 1094 venditione
827 1046 952 1092 oeneus
974 1031 1079 1095 annui
1100 1033 1213 1113 egitur
1230 1033 1267 1096 in
1289 1039 1401 1099 extra-

218 1158 296 1220 vag.
313 1140 346 1202 l·
360 1141 395 1202 et
417 1138 450 1200 l·
472 1138 562 1201 inter
584 1154 709 1201 eornm.
733 1135 806 1219 huj.
825 1136 889 1212 tit.;
913 1136 967 1200 hae
988 1141 1163 1220 oxtrevag.
1185 1141 1400 1208 oonditioues

220 1249 433 1322 enumerant,
455 1249 495 1309 ut
513 1244 590 1309 talis
608 1243 762 1308 venditio
782 1248 817 1308 et
835 1245 963 1328 emptio
986 1245 1030 1308 sit
1049 1245 1151 1310 licita.
1171 1247 1218 1311 lle
1237 1249 1302 1315 hoo
1323 1269 1402 1315 oon·

220 1359 341 1431 naotu,
357 1355 412 1419 hio
433 1354 509 1418 fuse
532 1354 683 1436 disputat
704 1353 752 1417 De
776 1343 927 1435 ¹Angelis,
945 1353 1014 1436 qui,
1031 1354 1148 1420 reliota
1162 1355 1315 1422 oivilistis
1330 1362 1403 1426 tota

219 1465 290 1528 iere
311 1462 456 1528 materia
475 1462 580 1545 hujus
602 1461 703 1536 tituli,
726 1461 767 1525 de
789 1479 895 1526 oensu
914 1461 1095 1526 redimibili
1114 1463 1170 1526 vel
1190 1463 1402 1532 irredimibili

219 1572 300 1653 agit.

260 1681 291 1761 b)
301 1679 358 1744 An
371 1699 424 1744 rer
439 1679 554 1744 aliena
570 1677 674 1742 vendi
685 1677 819 1763 possit?
830 1679 862 1741 1⁰
876 1678 1049 1762 Respond.
1065 1697 1145 1744 cum
1159 1680 1376 1748 distinetione
1394 1703 1401 1746 :

221 1791 250 1854 l⁰
266 1789 300 1852 Si
315 1792 369 1852 est
379 1805 434 1852 res
449 1806 514 1852 usu
529 1785 813 1870 oousumptibilis,
832 1787 931 1868 eujus
946 1787 1156 1871 aequivalens
1171 1789 1265 1854 reddi
1279 1795 1402 1874 potest,

220 1897 304 1962 nihil
316 1896 459 1982 impedit
474 1896 556 1980 quin
578 1893 761 1970 vendatur,
779 1913 822 1959 ex
840 1900 1051 1978 praesumpto
1071 1915 1243 1962 consensu
1259 1901 1399 1976 domini,

220 2008 319 2089 ouJus
342 2005 427 2070 nibil
449 2005 595 2071 interest
618 2022 692 2069 rem
715 2004 889 2088 propriam
910 2005 1007 2070 reddi
1035 2006 1110 2081 sibi,
1134 2009 1271 2091 quando
1295 2009 1403 2076 altere

221 2113 562 2198 ejusdem-qualitatis
572 2114 702 2196 absque
715 2130 814 2177 mora
828 2117 863 2177 et
877 2113 1096 2181 incommodo
1110 2117 1274 2181 redditur.
1286 2117 1402 2200 ltejus

221 2223 317 2286 Rom.
335 2225 370 2286 et
389 2226 483 2286 reeta
503 2223 608 2298 ratio;
629 2221 742 2305 quoad
760 2223 820 2304 jus
839 2221 935 2298 Gall,
951 2221 1032 2287 lieet
1050 2229 1112 2288 art.
1135 2225 1214 2288 ttae
1236 2224 1315 2290 God.
1335 2227 1400 2290 oiv.

221 2329 378 2394 videatur
398 2329 531 2395 irritare
550 2347 802 2414 quemeumque
818 2329 1055 2396 venditionem
1071 2331 1120 2396 rei
1139 2331 1271 2408 alienae,
1289 2339 1405 2398 tamen

221 2438 412 2519 generatim
431 2437 486 2502 hio
503 2443 564 2502 art.
585 2455 655 2502 non
671 2436 860 2521 applicatur
880 2438 980 2502 bonis
1003 2439 1199 2516 mobilibus,
1217 2441 1339 2506 saltem
1361 2441 1405 2506 ad

220 2549 464 2613 oommeroium
477 2549 647 2614 ordinarie
660 2549 921 2631 pertinentibus.
936 2547 1024 2630 Ergo
1041 2548 1097 2614 ille
1113 2551 1276 2616 articulus
1290 2559 1404 2636 potest

220 2657 436 2740 interpretari
450 2657 493 2722 ed
507 2674 666 2722 normam
677 2657 767 2740 juris
781 2657 879 2722 Rom.

261 2765 294 2828 2⁰
309 2765 342 2829 Si
356 2783 412 2830 res
426 2784 497 2830 non
513 2771 566 2830 est
579 2785 645 2830 usu
658 2767 942 2849 consumptibilis,
958 2768 1082 2832 iterum
1097 2785 1182 2854 opus
1196 2775 1249 2833 est
1267 2769 1404 2834 distino-

222 2874 314 2938 tione
331 2893 338 2936 :
356 2874 384 2936 si
399 2878 533 2957 emptor
546 2875 631 2938 sciat
644 2892 719 2938 rem
734 2892 809 2938 esse
825 2874 983 2952 alienam,
1001 2877 1152 2941 venditio
1168 2882 1221 2942 est
1241 2878 1400 2954 invalide,

222 3000 333 3064 neque
353 2981 512 3046 venditor
524 2980 582 3046 tali
597 2999 679 3046 nasu
694 2986 832 3047 tenetur
854 2982 896 3046 de
911 2981 1079 3050 eviotione
1094 2990 1154 3050 aut
1177 2986 1220 3050 ad
1243 3003 1403 3070 compen-

191 3155 200 3172 ,
223 3089 329 3154 sanda
352 3089 477 3154 damna
495 3089 574 3152 inde
597 3093 729 3166 seouta;
748 3090 827 3173 quia
849 3091 1006 3156 oonsoius
1020 3092 1094 3156 vitii
1108 3093 1157 3156 rei
1179 3098 1302 3177 emptae
1327 3097 1403 3177 ejus

222 3196 411 3281 perieulum
430 3197 465 3260 in
481 3215 517 3262 se
536 3197 703 3280 suscepit;
721 3198 750 3260 si
764 3202 900 3282 emptor
920 3198 1061 3279 dubitet,
1078 3217 1121 3264 an
1143 3219 1198 3266 ras
1221 3201 1265 3264 sit
1278 3201 1401 3279 aliena,

221 3306 346 3389 poterit
361 3323 437 3370 eam
460 3324 586 3382 emere,
603 3305 707 3371 modo
724 3309 852 3372 statuet
871 3306 1044 3390 inquirere
1056 3308 1237 3372 veritatem
1252 3315 1296 3385 et,
1313 3328 1404 3374 oom-

222 3419 319 3497 perto
332 3414 482 3489 domino,
495 3431 572 3479 eam
580 3414 773 3479 restituere.
783 3413 881 3478 Ratio
892 3419 955 3491 est,
966 3416 1045 3500 quia
1053 3417 1101 3480 sio
1110 3416 1205 3506 nulle
1213 3419 1252 3480 fit
1263 3417 1403 3484 domino

222 3523 358 3606 injuria.
372 3522 522 3588 Tandem
538 3522 566 3586 si
581 3528 716 3606 emptor
728 3523 860 3607 ipnoret
873 3523 1022 3588 alienam
1034 3543 1110 3588 esse
1126 3543 1200 3589 rem
1214 3526 1400 3602 venditam,

222 3632 374 3698 venditio
383 3631 485 3708 valet,
499 3631 607 3696 doneo
622 3631 782 3696 dominus
795 3649 872 3696 eam
882 3631 1043 3708 vindioet,
1055 3637 1090 3696 et
1098 3633 1257 3698 venditor
1267 3639 1403 3700 tenetur

222 3737 263 3802 de
279 3739 446 3804 evietione
458 3744 493 3804 et
506 3739 549 3803 ad
562 3743 674 3803 totum
688 3739 866 3806 interesse.
883 3739 933 3805 lta
946 3741 1175 3806 communiter
1187 3741 1244 3805 CC.

261 3848 292 3910 3⁰
320 3847 387 3911 Res
408 3847 548 3910 vendita
570 3847 700 3912 duodus
723 3847 788 3912 diei
812 3848 916 3912 etiam
938 3851 1053 3930 potest
1072 3865 1128 3912 res
1153 3849 1266 3916 aliena
1290 3851 1401 3934 quoad

222 3972 331 4018 unum
355 3959 560 4036 emptorem;
577 3954 668 4018 unde
693 3973 748 4019 ras
771 3955 869 4020 alteri
893 3957 1038 4038 emptori
1059 3960 1133 4039 jam
1158 3957 1307 4036 vendite,
1323 3957 1403 4022 lioet

222 4061 377 4128 nondum
398 4063 532 4138 tradite,
548 4081 620 4127 non
640 4067 754 4146 potest
774 4064 889 4140 vendi,
912 4065 995 4149 quin
1015 4067 1165 4132 seeundo
1185 4067 1337 4132 venditio
1359 4067 1404 4130 sit

222 4170 325 4248 nulle,
343 4175 403 4235 aut
420 4171 551 4255 primus
568 4175 703 4254 emptor
720 4173 830 4256 possit
847 4173 1017 4237 intentare
1040 4181 1160 4240 eontra
1173 4175 1400 4240 venditorem.

222 4277 316 4344 Unde
339 4279 367 4343 si
389 4278 539 4343 seounda
556 4279 709 4344 venditio
732 4287 875 4344 nonest
897 4281 1068 4365 oompleta
1090 4301 1153 4366 per
1172 4283 1401 4360 traditionem,

222 4387 385 4470 prevalet
409 4388 538 4470 prima;
554 4388 582 4451 si
606 4387 757 4454 seeundo
773 4391 919 4473 emptori
938 4408 994 4454 res
1017 4391 1141 4456 tradite
1156 4395 1218 4466 est,
1241 4391 1405 4474 praevnlet

224 4495 374 4560 seeunda
386 4496 549 4571 venditio,
566 4499 685 4578 utpote
704 4497 874 4580 complete
891 4500 969 4581 jure
984 4499 1067 4562 reali
1084 4519 1146 4581 per
1166 4499 1402 4572 traditionem;

224 4603 284 4667 sed
308 4603 439 4685 primus
462 4607 597 4686 emptor
617 4621 719 4684 agere
734 4609 849 4686 potest
871 4605 914 4670 ad
933 4604 1099 4670 interesse
1124 4609 1159 4670 et
1172 4607 1303 4670 crimen
1325 4606 1402 4671 ialsi

223 4711 409 4786 intentare3
424 4711 495 4775 imo
509 4709 692 4794 aliquando
707 4711 853 4778 resoiudi
870 4717 984 4795 potest
998 4713 1149 4780 secunda
1160 4712 1218 4778 ille
1237 4713 1400 4789 venditio,
