3510 5574
386 587 442 654 198
843 605 896 654 sus
917 607 1097 655 eanonicus.

381 777 425 828 lll.
444 777 535 829 Poene
550 775 615 830 late
629 775 729 830 contra
742 773 860 830 clericos
871 775 901 828 ln
908 775 1001 908 pueris
1014 773 1193 908 ponstltutoa,
1209 773 1383 832 attentantes
1395 773 1562 829 contrahere

858 866 908 909 ma
921 867 1012 910 nmen
1026 865 1085 910 um.

422 986 499 1052 lstae
510 1003 622 1070 poenae
636 986 672 1050 in
682 987 760 1070 June
776 989 911 1051 surucae
927 989 1008 1051 sunt
1021 990 1204 1070 sequentes
1221 1007 1227 1050 :

423 1095 454 1158 l⁰
482 1093 546 1160 Per
576 1092 837 1178 suspensionem
862 1098 897 1158 et
918 1093 1307 1160 excommunicationem
1335 1091 1562 1180 compellendi

383 1205 465 1268 sunt
486 1204 693 1268 attentantes
716 1201 917 1268 contrahere
932 1201 1188 1268 matrimonium
1204 1201 1247 1266 ad
1267 1199 1439 1284 agendam
1458 1199 1563 1283 poni-

383 1309 542 1374 tentiam:
558 1307 628 1374 imo
643 1309 717 1394 ipso
727 1309 805 1394 jure
822 1311 857 1376 et
879 1309 968 1374 facto
990 1303 1342 1374 excommunicantur.
1366 1305 1444 1374 naeo
1460 1323 1564 1391 poena

381 1421 545 1482 renovata
565 1419 618 1480 est
642 1413 800 1482 inconst.
828 1415 1028 1502 Apostolicae
1042 1415 1152 1496 Sedis,
1177 1415 1267 1480 inter
1289 1415 1563 1481 excommunica-

382 1523 493 1590 tiones
507 1525 700 1588 reservatas
715 1523 893 1607 episcopis,
907 1527 943 1588 et
956 1523 1139 1589 incurritur
1153 1523 1286 1588 etiamsi
1304 1519 1562 1588 matrimonium

381 1650 451 1698 non
464 1633 569 1698 fuerit
581 1635 869 1698 consummatum.

420 1740 453 1804 2⁰
467 1739 710 1824 llelinquentcs
724 1741 813 1806 flunt
832 1739 1057 1823 irregularem
1073 1741 1135 1806 scd
1148 1743 1191 1806 ab
1208 1742 1272 1805 hnc
1289 1737 1515 1821 irregularite,
1531 1739 1562 1802 si

380 1847 469 1924 absit
484 1846 693 1924 scandalum,
711 1847 899 1932 dispensari
910 1851 1056 1934 possunt
1071 1848 1113 1914 ab
1134 1845 1304 1932 episcopo.
1318 1843 1560 1914 Verumtamen

381 1953 429 2019 sic
455 1958 662 2020 attentantes
690 1956 891 2021 contrahere
922 1955 1180 2022 matrimonium
1203 1955 1374 2019 habentur
1396 1957 1561 2038 tunquam

381 2063 528 2146 suspecti
551 2062 592 2126 de
616 2063 749 2140 lraeresi,
767 2063 903 2140 etideo,
917 2065 1017 2148 juxta
1037 2061 1209 2129 Giratdum
1225 2063 1295 2145 (lus
1316 2081 1406 2140 carc,
1431 2077 1458 2125 e.
1475 2061 1558 2142 339),

381 2169 562 2254 episcopus
576 2188 646 2236 non
664 2175 782 2256 posset
808 2189 868 2237 cos
892 2189 955 2236 suo
988 2171 1100 2238 cilicio
1125 2169 1317 2246 restituere,
1333 2169 1469 2235 etiamsi
1488 2167 1562 2234 lon-

380 2296 461 2360 gum
475 2279 714 2360 poenitentiam
729 2279 891 2362 egissent.

419 2385 452 2448 3⁰
467 2383 505 2449 ln
515 2403 654 2468 poenam
669 2387 753 2451 tanti
770 2387 893 2464 delicti,
908 2407 970 2471 per
984 2389 1189 2454 sententiam
1203 2387 1329 2472 privari
1346 2391 1491 2469 possunt
1504 2385 1562 2451 be-

381 2492 511 2558 ncssciis
522 2493 699 2570 omnihus;
715 2495 924 2578 probabilius
935 2495 1010 2580 ipso
1022 2497 1100 2582 jure
1116 2501 1151 2561 et
1167 2497 1256 2560 iacto
1272 2513 1343 2561 non
1362 2495 1558 2578 privantur:

302 2624 306 2632 2
381 2601 473 2671 idem
496 2599 549 2664 dic
570 2600 611 2664 de
638 2601 817 2684 privilegio
844 2602 909 2668 iori
938 2607 973 2668 et
994 2603 1145 2669 canonis.
1162 2603 1296 2668 Etenim
1317 2603 1463 2688 privatio
1485 2602 1560 2686 ipso

380 2709 469 2774 iacto
492 2725 562 2773 non
584 2709 752 2792 reperitur
766 2727 929 2794 expressa
952 2711 988 2774 in
1007 2713 1107 2796 jure;
1136 2729 1239 2796 porro
1257 2711 1314 2775 lex
1328 2709 1472 2794 pmnalis
1495 2713 1557 2774 est.

380 2815 471 2882 llanc
484 2832 623 2898 prunam
637 2815 837 2899 privationis
852 2818 895 2883 ed
914 2817 1146 2885 ltalo·Graecos
1162 2819 1316 2885 extendit
1329 2816 1456 2883 Bened.
1476 2815 1555 2891 XIV,

381 2923 414 2990 in
430 2924 586 3010 superius
597 2925 698 2992 citata
711 2926 964 2992 constitutione.

871 3149 1008 3212 SEGTIO
1030 3151 1068 3212 ll.

475 3299 524 3353 Da
545 3301 721 3354 contracta
741 3299 983 3354 matrimoniali
1002 3299 1201 3356 clericorum
1221 3300 1258 3354 tn
1278 3299 1465 3354 minoribus

831 3375 1103 3434 semirutarum.

420 3539 454 3624 α)
467 3539 584 3606 Clerici
597 3541 633 3605 in
645 3541 836 3606 canoribus
847 3539 1023 3604 constituti
1037 3539 1069 3602 1ο
1083 3555 1154 3604 non
1169 3539 1272 3605 modo
1287 3539 1410 3615 valide,
1423 3540 1485 3604 scd
1498 3558 1559 3623 per

380 3669 417 3714 se
432 3649 536 3714 etiem
548 3648 638 3714 licito
653 3647 910 3715 matrimonium
920 3647 1050 3712 ineunt.
1063 3645 1160 3713 Nullo
1175 3647 1352 3732 enimjure
1366 3647 1560 3729 obligantur

379 3757 423 3822 ad
445 3756 662 3832 coelibatum;
689 3757 759 3821 imo
789 3773 950 3840 expresse
977 3755 1027 3820 cis
1058 3755 1267 3839 permittitur
1299 3755 1557 3822 matrimonium

380 3867 418 3947 (c.
437 3867 452 3929 l
470 3867 535 3930 etl
549 3865 584 3930 h.
603 3865 676 3946 tit).
694 3865 760 3930 lieo
779 3867 893 3930 obstat
907 3865 999 3949 quod
1019 3865 1049 3928 is
1064 3863 1121 3948 qui
1137 3865 1275 3930 ordines
1289 3865 1441 3930 minores
1456 3865 1560 3930 susci-

379 3973 438 4055 pit,
450 3991 509 4038 eos
521 3973 683 4057 suscipiat
698 3971 782 4038 laiso
795 3973 995 4037 existimans
1003 3971 1176 4038 adnexum
1188 3972 1241 4036 his
1252 3991 1328 4038 esse
1338 3973 1558 4038 continentiae

378 4083 509 4146 votum.
525 4079 612 4146 Talis
628 4081 720 4148 enim
735 4079 879 4146 clericus
894 4098 965 4145 non
990 4079 1138 4145 intendit
1151 4099 1214 4164 per
1228 4099 1264 4144 se
1279 4084 1314 4146 et
1327 4081 1559 4165 principaliter

377 4193 498 4253 votum
510 4187 675 4254 castitatis
694 4189 861 4265 emittere,
879 4187 940 4253 sed
956 4186 1068 4253 solum
1088 4192 1259 4272 qnatenus
1275 4186 1359 4252 illud
1383 4187 1567 4266 adnexum

378 4295 520 4378 putabat
530 4296 706 4363 ordinibus
720 4297 921 4364 minoribus.
933 4295 1017 4362 Gum
1029 4313 1111 4380 ergo
1125 4314 1195 4362 non
1210 4297 1255 4362 sit
1266 4297 1449 4374 adnexum,
1463 4295 1558 4363 nudo

377 4408 459 4468 voto
474 4403 645 4486 obligatus
660 4403 734 4469 erit.

309 4577 313 4584 ,
416 4511 450 4575 2⁰
466 4511 533 4577 Sed
552 4512 749 4590 minoristae,
773 4517 947 4582 contracto
968 4511 1198 4591 matrimonio,
1218 4513 1410 4580 redduntur
1430 4511 1560 4578 inhabi-

377 4619 481 4686 lesad
496 4619 663 4686 beneilcia
678 4619 907 4688 ecclesiastica
919 4619 1123 4698 obtinenda;
1145 4626 1180 4686 et
1199 4623 1227 4686 si
1242 4640 1318 4707 quac
1335 4624 1456 4705 postea
1474 4620 1560 4685 obti-

380 4729 526 4804 nuerint,
545 4729 585 4792 iis
601 4729 855 4811 suntprivandi.
874 4727 1021 4794 Clericus
1037 4730 1128 4796 enim
1137 4733 1344 4813 conjugatus
1354 4729 1389 4793 in
1399 4728 1560 4796 omnibns
