3488 5568
413 620 476 683 566
875 635 927 682 rus
950 635 1130 680 canonicor.

415 759 480 829 tur,
509 754 634 818 dehent
657 771 732 818 esse
758 757 932 833 argentea,
953 753 1011 817 uhi
1032 752 1210 817 facultates
1234 752 1384 817 ecclesiae
1400 755 1598 833 suppetunt,

417 861 473 926 vel
486 861 608 926 saltem
621 867 774 937 stannea,
801 862 889 926 bene
913 865 1074 944 cooperta
1090 866 1124 924 et
1144 879 1223 925 eum
1242 860 1462 942 inscriptione
1477 877 1540 922 sua
1555 857 1598 922 de

415 970 491 1035 oleo
508 970 598 1053 quod
613 971 649 1033 in
663 988 871 1054 unoquoque
882 969 1021 1034 vasculo
1033 970 1237 1035 continetur.

454 1079 486 1140 3ο
501 1077 675 1142 Asservari
689 1078 837 1142 chrisma
850 1083 885 1141 et
897 1077 973 1142 olea
985 1076 1163 1142 benedicta
1177 1076 1304 1141 dehent
1313 1077 1348 1140 in
1360 1076 1434 1140 loco
1449 1075 1598 1139 honesto

416 1192 450 1252 et
468 1187 612 1261 decenti,
636 1203 706 1250 non
730 1190 847 1249 tamen
871 1185 905 1248 in
924 1184 1143 1249 tabernaculo
1173 1183 1205 1247 S.
1235 1183 1463 1248 Eucharistiae.
1488 1184 1597 1247 Locus

414 1294 572 1378 proprius
597 1293 652 1357 SS.
682 1292 837 1358 oleorum
863 1293 973 1357 estin
1003 1291 1145 1356 ecclesia
1170 1293 1206 1356 in
1234 1310 1341 1356 cornu
1366 1290 1517 1373 epistolae
1540 1291 1598 1354 vel

416 1401 596 1483 evangelii,
613 1405 651 1465 ut
666 1401 850 1464 declaravit
861 1401 893 1464 S.
911 1399 1033 1481 Gongr.
1051 1399 1130 1477 Bit,
1146 1400 1185 1464 16
1196 1403 1268 1484 jan.
1287 1400 1381 1474 1663ς
1397 1417 1468 1461 non
1479 1403 1598 1462 autem

414 1511 450 1573 in
466 1509 568 1573 domo
584 1507 778 1590 parochiali,
793 1515 935 1591 excepto
949 1527 1032 1572 casu
1046 1527 1181 1590 magnae
1197 1507 1366 1571 distantiae
1380 1508 1423 1570 ah
1433 1505 1596 1570 ecclesia:

414 1619 462 1680 ita
473 1615 635 1680 eademS.
649 1614 784 1695 Congu,
797 1617 836 1678 16
852 1616 922 1679 dec.
937 1615 1027 1680 1816.
1041 1615 1151 1691 Quare
1160 1613 1373 1679 consuetudo
1383 1632 1450 1696 qua
1459 1614 1598 1696 parochi
1719 1649 1720 1672 t

416 1721 1598 1809 apudseindomihussuisSS.olearetinent,nonredditillampranim

413 1831 552 1908 licitam,
570 1837 608 1894 ut
622 1831 743 1896 dicitur
756 1832 792 1894 in
804 1831 925 1895 eadem
938 1830 1176 1895 declaratione.
1192 1829 1308 1914 ltaque
1322 1829 1401 1894 lieet
1415 1829 1479 1892 Rit.
1497 1829 1596 1893 Rom.

417 1936 1466 2034 rigorosenonasaignetlocumprosacriscustodiendisoleis,
1482 1940 1598 2000 tamen
1719 2017 1720 2022 ἵ

416 2046 551 2132 quando
568 2046 647 2111 dicit
668 2045 726 2110 illa
749 2063 824 2110 esse
851 2046 1020 2110 servando
1044 2046 1108 2112 «in
1126 2045 1201 2110 loco
1223 2046 1371 2128 proprio,
1395 2047 1542 2108 honesto
1566 2049 1600 2108 et

417 2153 546 2218 mundo
563 2179 590 2229 »,
603 2155 675 2218 haec
689 2153 794 2218 verba
808 2153 993 2218 universali
1007 2153 1228 2218 ecclesiarum
1237 2152 1413 2234 disciplina
1428 2151 1598 2216 sufficien-

417 2267 469 2326 ter
481 2261 695 2327 declarantur
708 2262 743 2326 in
757 2263 821 2328 hoc
836 2281 945 2326 sensu
961 2263 1051 2346 quod
1065 2261 1161 2326 locus
1175 2260 1230 2324 ille
1250 2261 1294 2324 ait
1308 2259 1460 2324 ecclesia.
1473 2259 1510 2324 ln
1525 2261 1598 2343 qui·
1719 2249 1720 2280 1

417 2370 562 2435 busdam
582 2370 732 2435 ecclesiis
755 2374 970 2454 reponuntur
992 2370 1027 2432 in
1051 2371 1146 2433 fonte
1172 2367 1365 2450 baptismali
1387 2367 1442 2431 vel
1462 2368 1498 2430 in
1521 2367 1599 2431 reli-

417 2480 574 2562 quiarum
590 2479 736 2543 sacrario
751 2480 854 2542 autin
873 2478 1041 2554 sacristia3
1060 2477 1120 2540 sed
1133 2477 1294 2540 standum
1308 2481 1360 2540 est
1381 2473 1599 2539 declarationi

419 2589 450 2651 S.
468 2587 588 2668 Congr.
606 2587 716 2670 primo
730 2587 805 2651 loco
820 2585 947 2649 relatae.
964 2585 1115 2650 Tandem
1129 2583 1320 2648 notandum
1330 2587 1383 2647 est
1393 2583 1483 2665 qued
1499 2601 1600 2646 eacu-

419 2700 552 2760 saretur
564 2695 743 2777 parochus,
760 2694 893 2759 secluso
910 2693 1069 2758 scandalo
1083 2692 1140 2758 vel
1153 2697 1364 2772 contemptu,
1380 2691 1437 2774 qui
1454 2691 1543 2772 apud
1562 2709 1598 2753 se

418 2823 478 2886 per
492 2821 597 2866 unam
612 2807 748 2866 noctem
762 2803 798 2864 in
812 2821 893 2865 casu.
917 2801 1043 2864 infirmi
1058 2798 1289 2884 periclitantis,
1313 2798 1428 2864 oleum
1448 2798 1599 2862 infirmo·
1719 2789 1720 2860 ἶ

419 2929 496 2975 rom
511 2912 682 2984 retineret,
699 2914 738 2973 ut
749 2915 889 2988 vocatus
905 2907 1095 2991 expeditius
1108 2907 1279 2990 procedat.

460 3019 489 3100 b)
516 3017 633 3094 ercad
662 3017 803 3081 modum
831 3016 1062 3090 consecrandi,
1094 3013 1269 3079 deserendi
1296 3011 1350 3078 SS.
1385 3013 1461 3078 olea
1488 3013 1597 3098 iisque
1719 2997 1720 3018 ³

420 3125 548 3202 utendi,
572 3125 650 3189 vide
669 3124 800 3188 Rituale
822 3129 856 3188 et
881 3123 1002 3188 Pontii.
1027 3123 1125 3187 Rom.
1144 3121 1403 3186 ecruhricistas.
1432 3121 1470 3184 ln
1495 3123 1598 3185 variis

420 3233 556 3298 statutis
571 3231 783 3306 dioecesanis,
800 3229 908 3295 multa
930 3231 1033 3294 etiam
1049 3230 1280 3295 decernuntur
1293 3228 1382 3292 circa
1394 3229 1596 3306 custodiam,

418 3340 704 3414 distributionem,
723 3343 786 3402 ete.
805 3337 860 3401 SS.
878 3337 1044 3402 oleorum.
1062 3337 1172 3400 Pauca
1184 3339 1265 3398 sunt
1277 3336 1439 3400 notanda.

459 3453 489 3514 1ο
502 3448 641 3514 Parochi
658 3467 719 3511 seu
743 3453 892 3511 rectores
909 3445 1130 3512 ecclesiarum
1155 3449 1317 3510 tenentur
1336 3443 1451 3509 oleum
1472 3445 1514 3508 ah
1530 3445 1599 3528 epi·
1719 3459 1720 3540 1

419 3577 521 3642 scopo
541 3558 668 3621 111116·
684 3556 720 3618 in
738 3554 840 3619 Goena
853 3555 989 3619 Domini
1002 3557 1240 3618 consecratum
1250 3570 1435 3636 exposcere
1450 3557 1529 3617 aute
1545 3571 1598 3616 so·
1719 3563 1720 3630 ξ

417 3665 631 3730 lemnitatem
640 3663 776 3728 Paschae
786 3663 831 3745 (S.
845 3661 967 3744 Congr.
981 3661 1079 3726 (lonc.
1094 3661 1131 3724 ll
1140 3663 1211 3743 jan.
1226 3660 1327 3742 1858);
1344 3659 1466 3724 deinde
1478 3659 1599 3724 eadem
1719 3691 1720 3708 ,

374 3845 380 3857 ¹
422 3775 454 3838 S.
471 3773 607 3855 Congu,
625 3772 664 3836 16
678 3772 751 3836 dec.
768 3771 857 3848 lare,
874 3770 1106 3836 declaraverat
1120 3768 1394 3834 distributionem
1409 3787 1478 3834 non
1496 3787 1598 3850 posse

423 3881 551 3946 differri
565 3899 674 3964 usque
690 3879 732 3943 ad
748 3879 953 3943 dominicam
967 3879 1003 3942 in
1017 3877 1112 3942 albis.

461 3988 494 4050 2⁰
507 3986 700 4052 Notandum
716 3990 769 4050 est
783 3987 887 4049 etiam
897 3985 988 4069 quod
998 4005 1041 4073 ex
1050 3984 1173 4068 duplici
1189 3983 1416 4049 declaratione
1429 3985 1460 4047 S.
1474 3983 1596 4065 Gougr.

422 4096 521 4162 Cone.
539 4097 589 4176 (13
602 4097 673 4177 jan.
692 4096 781 4170 1611,
800 4095 838 4157 ld
851 4099 936 4176 sept.
954 4094 1055 4175 1841),
1071 4093 1274 4160 sacerdosin
1288 4111 1369 4157 casu
1385 4091 1599 4157 necessitatis

422 4202 678 4286 nequitatioleo
687 4219 707 4266 a
716 4221 751 4266 se
760 4203 939 4266 benedicto
951 4202 992 4266 ad
1001 4201 1211 4265 validitatem
1222 4199 1426 4266 sacramenti
1437 4205 1598 4264 extreme

420 4313 601 4377 unctionis.
957 4375 959 4382 ,

460 4420 555 4485 Nora.
582 4420 619 4484 ln
635 4438 707 4502 cap.
731 4419 836 4502 hhuj.
860 4420 909 4482 tit.
926 4420 1135 4502 prohibetur,
1157 4423 1196 4480 ut
1216 4417 1359 4500 prolana
1378 4414 1599 4500 supellectilia

423 4533 632 4610 reponantur
643 4528 679 4591 in
694 4526 856 4604 ecclesiis,
879 4527 944 4590 nisi
957 4545 1057 4590 casus
1071 4525 1282 4590 necessitatis
1298 4530 1448 4600 excuset,
1463 4527 1501 4587 ut
1516 4528 1599 4588 tem-

422 4653 504 4718 pore
521 4636 676 4699 incursus
693 4633 813 4709 bellici,
830 4631 988 4709 incendii,
1004 4637 1066 4696 etc.
