3498 5572
376 603 438 670 4911
837 625 889 674 sus
910 625 1092 673 canonicor.

375 740 530 823 mulgata
541 739 669 825 obligat
683 743 718 808 in
732 745 960 821 eonscientia;
982 761 1086 828 porro
1101 743 1187 810 tales
1201 749 1283 809 sunt
1304 743 1400 828 leges
1416 745 1561 812 tributa-

376 850 445 913 riae.
463 850 659 932 Lieetleges
676 852 861 916 tributariae
878 852 941 916 sub
953 869 1056 935 poene
1068 854 1232 928 ferantur,
1253 871 1323 917 non
1344 860 1425 918 sunt
1439 861 1558 920 tamen

374 956 469 1039 leges
485 977 578 1022 mere
597 958 760 1041 pmnales,
780 978 856 1042 quae
878 978 949 1023 non
964 959 1164 1042 obligantin
1186 962 1404 1025 conscientia.
1424 961 1560 1026 Etenim

374 1063 469 1146 leges
483 1065 609 1130 tributa
622 1066 838 1149 imponentes
854 1073 935 1130 sunt
946 1065 1043 1150 leges
1065 1069 1219 1151 poenales
1233 1069 1361 1144 mixtae,
1378 1071 1460 1153 quia
1473 1069 1559 1133 obli-

375 1178 459 1254 gant
484 1173 621 1257 dejure
646 1175 762 1241 divino
783 1182 819 1240 et
836 1177 993 1253 naturali,
1016 1181 1052 1242 et
1074 1195 1193 1242 earum
1221 1177 1384 1259 obligatio
1411 1179 1556 1244 minime

375 1281 505 1347 tollitur
523 1302 585 1366 per
603 1303 743 1366 prauam
766 1305 841 1370 quae
857 1286 888 1350 ei
902 1284 1090 1369 perlegam
1107 1285 1294 1370 humanam
1310 1285 1352 1350 de
1364 1304 1456 1352 novo
1470 1287 1556 1369 adji-

374 1391 477 1454 citur:
495 1390 587 1456 unde
608 1391 761 1474 obligant
783 1394 846 1458 sub
867 1393 968 1476 eulpa
987 1399 1022 1458 at
1043 1393 1106 1456 sub
1131 1411 1244 1476 prena.
1265 1393 1332 1458 Nee
1355 1393 1421 1458 diei
1440 1400 1558 1476 potest

374 1499 465 1582 quod
478 1500 636 1584 princeps
651 1519 720 1566 non
743 1503 891 1566 intendit
914 1501 1065 1584 obligare
1083 1502 1119 1565 in
1142 1501 1362 1578 conscientia,
1379 1503 1444 1566 nisi
1456 1503 1553 1578 aliae,

374 1609 550 1690 speciatim
573 1627 617 1673 ex
635 1610 894 1688 consuetudine,
919 1615 1054 1674 constet
1077 1611 1203 1676 tributa
1222 1609 1336 1694 aliqua
1357 1629 1433 1675 esse
1459 1629 1556 1675 mere

374 1717 532 1798 poeuaiia.

413 1823 446 1887 3⁰
460 1825 494 1890 Si
524 1826 665 1890 dubium
692 1827 746 1902 sit,
775 1846 819 1894 an
837 1831 930 1911 juste
952 1828 1008 1893 vel
1027 1830 1155 1912 inJuste
1176 1829 1245 1893 sint
1258 1829 1439 1911 impositae,
1453 1833 1556 1913 juxta

373 1930 499 2014 plures,
528 1934 726 2018 simpliciter
748 1937 926 2015 debentur,
948 1939 1029 2021 quia
1045 1937 1221 2020 legislator
1245 1939 1428 2020 imponens
1444 1943 1496 2002 est
1517 1940 1556 2002 in

373 2042 590 2122 possessione
608 2065 616 2107 :
631 2064 734 2128 porro
748 2045 871 2112 melior
885 2047 1034 2112 conditio
1049 2046 1267 2132 possidentis.
1282 2047 1344 2110 nni
1356 2046 1557 2130 simpliciter

373 2154 501 2229 negant
522 2151 649 2217 tributa
673 2153 790 2218 deberi
808 2155 845 2218 in
863 2154 1082 2232 conscientia,
1103 2153 1241 2238 quando
1264 2153 1407 2218 dubium
1433 2159 1486 2219 est
1510 2153 1556 2220 de

373 2273 492 2322 eorum
509 2277 569 2324 seu
590 2279 760 2328 novorum
782 2265 927 2348 justitia,
949 2265 1022 2328 sive
1045 2263 1187 2328 dubium
1202 2263 1247 2326 sit
1259 2263 1458 2346 positivum,
1480 2265 1555 2330 sive

372 2363 416 2426 sit
427 2367 645 2447 negativum:
661 2369 709 2434 ita
720 2371 824 2452 Lugo,
842 2371 975 2436 Melina.
990 2371 1087 2435 Ratio
1098 2375 1160 2448 est,
1177 2369 1394 2454 quiamelior
1408 2377 1556 2435 111111-

372 2471 454 2537 ditio
468 2474 594 2540 subditi
608 2477 699 2543 bona
720 2478 787 2543 nde
802 2479 913 2544 adhue
926 2479 1143 2563 possidentis.
1160 2477 1255 2542 idem
1268 2477 1397 2554 dieunt,
1414 2479 1554 2562 quaudo

372 2581 453 2644 satis
465 2583 685 2664 probabiliter
696 2591 831 2652 1111111
844 2587 902 2652 1111
922 2589 1048 2652 tribute
1068 2605 1144 2652 esse
1169 2587 1308 2669 injusta.
1331 2586 1371 2650 111
1390 2587 1455 2652 hae
1474 2605 1555 2650 sen-

371 2691 488 2767 tentia,
506 2693 632 2756 subditi
645 2713 715 2759 non
730 2701 864 2761 tantum
879 2715 921 2762 ea
935 2697 1173 2778 subterfugere
1194 2701 1230 2760 et
1257 2695 1459 2760 defraudare
1472 2715 1554 2778 pos-

371 2803 461 2874 sunt,
479 2800 540 2864 sed
558 2803 661 2867 etiam
676 2805 810 2870 oooulta
821 2807 1102 2890 compensatione
1115 2805 1176 2882 uti,
1195 2805 1275 2888 quia
1293 2822 1396 2869 nemo
1415 2809 1555 2870 tenetur

372 2905 451 2970 dare
465 2907 499 2970 id
513 2909 604 2992 quod
617 2911 660 2974 ab
676 2930 718 2976 eo
728 2912 856 2996 injuste
866 2914 1004 2997 petitur,
1022 2913 1093 2978 etsi
1105 2911 1217 2976 eidem
1227 2911 1412 2989 auferatur,
1421 2911 1556 2976 oocuita

370 3019 649 3098 compensatione
674 3017 873 3087 indemnem
893 3023 1057 3087 sefacere
1079 3025 1203 3105 potest.
1226 3020 1277 3084 lta
1296 3021 1400 3084 etiam
1416 3019 1551 3098 1111111,

321 3145 326 3154 ·
369 3119 530 3204 Leyman,
547 3123 682 3208 Sporer,
704 3132 767 3192 eto.
794 3129 944 3194 Tandem
967 3129 1024 3195 alii
1042 3128 1281 3211 distinguunt:
1298 3129 1334 3192 in
1352 3128 1455 3193 dubio
1471 3134 1553 3194 ante

368 3230 507 3306 fautum,
531 3233 696 3300 inclinant
717 3237 761 3301 ad
773 3237 981 3304 solutionem
1000 3237 1258 3322 imponendam,
1282 3236 1365 3301 dum
1381 3237 1551 3320 exigitur;

368 3343 447 3419 post
463 3340 602 3416 fartum,
631 3361 701 3408 non
724 3343 935 3429 compellunt
960 3346 1005 3410 ad
1029 3345 1285 3411 restitutionem
1307 3345 1426 3410 tributi
1444 3345 1549 3410 dubii.

368 3444 449 3510 'fres
463 3449 537 3514 istae
560 3452 739 3516 sententiaa
753 3459 835 3516 sunt
847 3471 929 3518 vere
942 3453 1146 3537 probabiles.

407 3553 509 3635 siEo
522 3555 618 3621 dictis
632 3559 739 3641 pluro
759 3561 834 3624 erui
845 3569 993 3644 possunt
1014 3561 1204 3626 corollaria.
1226 3563 1260 3626 1ο
1279 3561 1365 3626 Cum
1378 3562 1444 3626 boo
1463 3567 1548 3625 tem·

367 3678 451 3745 pore
472 3681 565 3729 nova
583 3667 710 3734 tributa
730 3668 933 3753 plerumque
952 3670 1022 3734 sint
1045 3671 1186 3734 omnino
1207 3671 1347 3754 injusta,
1374 3669 1432 3735 vel
1455 3675 1550 3734 certo

368 3771 553 3848 exoessiva,
579 3781 726 3855 possunt
753 3776 879 3841 subditi
912 3781 986 3842 tuta
1008 3778 1218 3844 conscientia
1244 3778 1327 3843 istas
1352 3777 1550 3843 exactiones

367 3875 424 3940 vel
439 3895 482 3940 ex
496 3883 568 3944 toto
583 3881 639 3944 vel
654 3889 805 3966 exparte
819 3884 1031 3960 defraudare,
1053 3890 1157 3968 prout
1178 3903 1221 3950 ex
1236 3889 1308 3950 toto
1325 3885 1381 3950 vel
1395 3889 1549 3968 exparte

367 3981 433 4047 illae
448 3985 585 4070 injustae
599 3993 830 4057 communiter
843 3993 1066 4058 aestimantur.
1086 3982 1154 4059 Ista
1168 3995 1295 4058 tributa
1306 3994 1431 4077 saepius
1440 3993 1551 4076 impo-

368 4092 434 4157 sita
446 4094 587 4160 fuerunt
599 4098 643 4163 ed
656 4100 745 4166 bella
758 4102 897 4184 injusta,
915 4102 958 4167 ad
978 4103 1191 4167 excessivam
1204 4119 1377 4186 pompam,
1395 4100 1438 4165 ad
1455 4099 1550 4164 thea-

368 4204 421 4265 tra
431 4202 641 4282 edificanda,
658 4207 791 4273 soholas
803 4209 950 4286 inutiles,
968 4217 1031 4275 111.

407 4309 440 4372 2⁰
455 4309 489 4375 Si
501 4313 557 4378 via
572 4313 793 4382 defraudandi
807 4319 935 4384 tributa
943 4321 1072 4403 injusta
1082 4319 1223 4384 omnino
1238 4317 1458 4400 praeoluditur
1469 4316 1550 4380 sub-

368 4413 458 4490 ditis,
469 4425 616 4500 possunt
627 4423 731 4488 etiam
742 4423 944 4490 defraudare
955 4425 1149 4491 moderatas
1164 4431 1199 4490 et
1209 4427 1321 4509 justas
1336 4423 1545 4498 exactiones,

367 4522 404 4586 in
418 4532 587 4608 quantum
600 4531 673 4596 baee
693 4531 904 4598 defraudatio
930 4539 983 4600 111
1006 4535 1146 4599 unicum
1162 4532 1316 4598 medium
1337 4551 1405 4617 quo
1422 4529 1548 4595 subditi

369 4649 407 4694 se
429 4633 610 4704 indemnes
633 4640 776 4706 reddere
800 4647 955 4724 possunt.
984 4642 1196 4726 Quapropter
1218 4642 1277 4704 vix
1304 4639 1406 4705 hodie
1428 4637 1548 4702 fideles

368 4743 478 4805 teneri
500 4751 647 4829 possunt
664 4747 708 4817 ad
730 4747 994 4826 restitutionem,
1010 4749 1054 4814 ob
1067 4749 1177 4833 talem
1192 4747 1489 4814 defraudationem
1511 4747 1547 4810 11
