3510 5574
553 561 641 610 urana
662 563 788 611 reactus
808 562 1030 642 oaaaaramrm.
1320 545 1379 610 141

199 683 406 761 potestatem
431 683 502 746 ‘tam
524 678 561 744 in
585 679 817 764 spiritualibus
833 698 936 772 quam
952 681 987 745 in
1003 679 1262 764 temporalibus,
1279 680 1327 746 ita
1345 689 1383 746 ut

200 787 366 852 beneflcio
390 787 547 852 vacantia
569 789 724 854 comeare
748 788 869 872 possit.
897 787 935 852 ln
966 787 1132 865 secundo,
1159 806 1201 853 ea
1222 806 1381 853 exercere
1408 873 1409 880 ἵ

197 897 322 976 potest,
339 895 412 959 sive
423 893 681 978 jurisdictionis,
698 897 772 960 sive
795 895 934 970 ordinis,
951 913 1027 979 quae
1049 897 1160 978 ajuro
1180 894 1236 960 vel
1250 896 1381 979 abipso

197 1001 358 1088 coadjuto
372 1021 443 1068 non
458 1007 539 1066 aunt
552 1008 738 1068 reservata.
755 1003 824 1068 llac
842 1003 1020 1068 occasione
1042 1003 1197 1084 exsurgit
1211 1004 1355 1088 quaestio
1373 1025 1380 1066 :

106 1155 107 1162 .
238 1111 267 1193 c)
280 1110 329 1174 Dc
352 1111 430 1176 sede
448 1119 482 1176 ct
494 1113 731 1196 prerogativa
754 1130 831 1194 quae
852 1113 888 1176 in
910 1111 1065 1186 ecclesia,
1087 1111 1235 1196 capitulo
1250 1119 1283 1176 cl
1306 1113 1383 1176 allr'c

198 1217 278 1282 locis
306 1217 500 1301 coadjutori
520 1225 722 1304 competunt.
739 1219 840 1283 Juxta
859 1219 1037 1302 quosdam,
1055 1219 1176 1283 eadem
1192 1219 1382 1302 coadjutori

196 1345 274 1410 quaa
288 1328 449 1411 coadjuto
464 1346 525 1392 seu
540 1327 718 1412 principaii
732 1328 878 1393 debetur
894 1328 1006 1404 sedes,
1021 1328 1102 1411 quia
1115 1329 1320 1409 subrogatus
1330 1333 1383 1391 est

196 1435 361 1502 inlocum
377 1440 453 1520 ejus
480 1457 487 1500 :
517 1442 553 1502 61
573 1437 640 1503 hoc
662 1437 800 1502 videtur
819 1437 1004 1502 fundatum
1017 1438 1053 1501 in
1067 1437 1169 1502 variis
1185 1435 1381 1502 declaratio·

196 1548 298 1612 nibus
320 1547 353 1610 S.
380 1545 502 1629 Congr.
529 1546 669 1612 Rituum
697 1546 967 1630 (11]1111111611,
992 1548 1017 1610 5·
1037 1544 1226 1628 1111111631,
1251 1545 1382 1628 ejunii

196 1656 289 1734 1651,
315 1656 404 1737 etc).
431 1654 496 1720 Sed
519 1655 712 1720 communis
738 1655 910 1720 sententia
931 1654 1031 1719 docet
1052 1653 1289 1736 coadjutorem
1312 1672 1383 1720 non

194 1761 401 1844 praecedere,
419 1761 542 1828 saltem
556 1763 592 1826 in
607 1762 771 1837 sedendo,
792 1773 892 1845 pares
916 1763 953 1826 in
972 1761 1148 1842 dignitate,
1166 1760 1383 1845 1166161966-

195 1870 255 1934 dat
271 1887 393 1935 omnes
407 1871 578 1936 inferioris
604 1871 744 1935 ordinis.
768 1869 822 1934 Sic
835 1888 868 1934 v.
885 1889 919 1950 g.
936 1868 1116 1952 coadjutor
1141 1869 1291 1952 episcopi
1312 1887 1383 1933 non

195 1977 360 2060 praecedit
379 1979 567 2062 episcopos,
585 1979 647 2044 sed
660 1995 782 2044 omnes
798 1977 949 2042 abbates.
972 1975 1100 2060 ltaque,
1119 1977 1183 2040 etsi
1202 1975 1383 2060 coadjutus

194 2086 406 2168 procederat
420 2091 563 2152 caeteros
577 2087 755 2171 episcopos
771 2085 967 2170 provinciae,
983 2084 1164 2168 coadjutor
1187 2090 1303 2148 tamen
1324 2103 1384 2147 ve-

193 2195 286 2258 niret
297 2199 376 2278 post
399 2194 475 2260 illos
499 2213 631 2262 omnes.
654 2195 762 2272 Ratio,
788 2193 867 2278 quia
888 2193 1020 2258 cacteris
1042 2195 1192 2277 paribus,
1208 2193 1243 2256 in
1259 2191 1383 2258 eodem

194 2302 316 2367 ordine
338 2305 410 2368 sive
435 2303 544 2386 gradu
568 2304 744 2388 dignitatis
760 2321 897 2386 semper
910 2303 1034 2368 clarior
1049 2290 1118 2378 est,
1130 2307 1169 2366 ut
1182 2301 1330 2382 legimus
1346 2301 1381 2364 in

176 2431 179 2438 ⁴
192 2413 284 2492 jure,
302 2411 360 2495 qui
374 2413 520 2497 propriis
533 2413 636 2478 radiis
644 2412 763 2494 fulget,
776 2431 880 2496 quam
889 2412 948 2496 qui
957 2410 1087 2489 alienis,
1100 2415 1134 2474 91
1145 2411 1320 2494 potentius
1329 2415 1382 2474 est
1481 2481 1483 2485 ¹

192 2521 251 2600 jus
274 2520 365 2604 quod
385 2521 462 2604 quis
480 2523 617 2612 proprio
640 2522 744 2587 babet
763 2522 915 2598 nomine,
942 2539 1045 2604 quam
1065 2519 1157 2604 quod
1175 2518 1299 2584 alieno.
1320 2519 1381 2582 Ve-

193 2633 392 2694 rumtamen
406 2629 442 2693 in
457 2631 625 2695 obeundis
639 2631 841 2696 muneribus
852 2647 929 2712 quae
944 2633 1099 2713 spectant
1111 2628 1155 2694 ad
1168 2628 1377 2711 coadjutum,

193 2736 374 2819 coadjutor
395 2739 587 2818 generatim
612 2738 846 2822 praeferendus
881 2741 934 2802 est
964 2736 1038 2802 aliis
1067 2737 1307 2818 dignitatibus,
1337 2755 1380 2800 ex

194 2845 299 2908 variis
325 2844 611 2914 declarationibus
630 2847 663 2912 S.
684 2847 807 2930 Gongr.
831 2847 970 2912 Ritunm
986 2847 1018 2929 (9
1034 2846 1124 2931 junii
1142 2847 1232 2922 leat,
1251 2851 1285 2910 et
1304 2844 1378 2909 aliae

193 2969 297 3034 supra
312 2954 423 3018 citatae
441 2955 477 3018 in
491 2955 647 3021 favorem
661 2955 784 3038 prioris
799 2955 1003 3037 sententia).

233 3061 268 3141 d)
285 3060 453 3146 Oblipctr'c
472 3063 681 3146 coadjutoris
696 3062 820 3146 triplex
833 3068 886 3128 est
901 3084 908 3127 :
925 3065 956 3126 1⁰
970 3067 1008 3128 ut
1023 3063 1205 3144 diligenter
1219 3065 1379 3126 exerceat

192 3171 345 3236 osticium
372 3191 485 3236 suum.
509 3173 637 3238 Tamen
665 3173 828 3256 inhujus
856 3173 959 3238 6111611
985 3171 1157 3248 exercitio,
1185 3191 1255 3236 non
1279 3171 1380 3235 debet

192 3279 386 3362 transgredi
408 3281 516 3345 linem
537 3281 691 3348 mandati
716 3299 783 3366 quo
808 3281 907 3345 datus
923 3284 976 3346 est
990 3279 1179 3362 coadjutor.
1196 3278 1325 3362 ltaque,
1350 3279 1378 3342 si

193 3387 295 3452 datur
309 3386 410 3452 alicui
423 3389 626 3455 beneficiato
641 3407 712 3455 non
727 3407 868 3474 prorsus
886 3389 1038 3464 inhabili,
1055 3388 1113 3454 illa
1127 3392 1262 3452 tantum
1275 3405 1378 3468 agere

192 3495 285 3561 valet
309 3515 385 3580 quac
405 3497 588 3591 coadjutus
609 3497 666 3563 vel
689 3515 758 3564 non
781 3501 904 3582 potest,
930 3497 985 3560 vel
1010 3515 1081 3561 non
1099 3495 1173 3560 vult
1191 3496 1264 3579 ipse
1286 3513 1379 3558 com-

192 3602 300 3686 plere.

232 3713 265 3776 2⁰
279 3711 447 3796 Obligatio
466 3719 519 3779 est
540 3719 580 3778 ut
598 3714 748 3780 resideat
759 3714 795 3778 in
809 3713 885 3780 loco
898 3713 1066 3791 beneficii,
1083 3713 1147 3776 etsi
1159 3711 1308 3776 resideat
1319 3711 1378 3774 ibi-

194 3819 274 3885 dem
296 3821 489 3904 coadjutus.
511 3822 702 3888 Declaravit
716 3823 808 3886 611116
823 3822 944 3904 Congr.
962 3821 1062 3886 Gonc.
1079 3839 1141 3904 per
1156 3819 1378 3884 residentiam

193 3928 343 4011 coadjuti
363 3947 434 3994 non
454 3929 590 3994 liberari
613 3929 851 4012 coadjutorem
874 3931 917 3994 ab
939 3947 1043 3993 onere
1062 3927 1256 4002 residendi;
1279 3932 1314 3990 ct
1334 3945 1378 3989 ex

193 4034 299 4101 altera
321 4037 516 4121 parte,ipse
541 4037 722 4120 coadjutus
746 4038 788 4100 ab
815 4037 1022 4118 obligatione
1047 4035 1220 4106 residendi
1245 4052 1316 4098 non
1339 4035 1379 4096 sst

193 4139 278 4208 liber
297 4162 360 4226 per
378 4145 413 4208 id
431 4145 522 4230 quod
535 4145 572 4209 in
587 4164 628 4210 eo
646 4145 813 4210 beneflcio
830 4144 979 4208 resideat
997 4143 1186 4226 coadjutor.
1207 4141 1379 4226 Excipitur

194 4253 363 4318 trimestre
376 4254 466 4336 quod
482 4254 615 4338 dejure
631 4253 801 4338 episcopis
818 4257 871 4318 est
884 4270 1099 4318 concessum.

231 4360 465 4428 allationem
487 4362 793 4428 administrationis
820 4381 892 4426 suae
914 4361 1057 4425 reddere
1080 4359 1182 4424 debet
1200 4358 1256 4423 vel
1278 4357 1378 4422 coad-

191 4467 279 4546 juto,
297 4469 327 4532 si
346 4487 438 4534 sanae
454 4471 581 4534 mentis
598 4470 653 4548 sit,
676 4469 733 4536 vel
751 4469 899 4554 capitulo
923 4475 982 4534 aut
1005 4467 1193 4532 successori
1214 4465 1374 4548 coadjuti.

194 4571 340 4639 Possunt
357 4577 431 4641 istae
449 4577 599 4642 rationes
618 4580 660 4643 ab
683 4597 725 4644 66
745 4579 825 4662 peti,
849 4578 952 4642 etiam
973 4575 1116 4641 durante
1139 4574 1250 4639 adhuc
1271 4573 1376 4656 ipsius

195 4683 317 4749 oiflcio.

354 4817 387 4859 11.
1177 4794 1216 4858 rc
