<?xml version="1.0" encoding="UTF-8"?>
<!DOCTYPE html PUBLIC "-//W3C//DTD XHTML 1.0 Transitional//EN"
    "http://www.w3.org/TR/xhtml1/DTD/xhtml1-transitional.dtd">
<html xmlns="http://www.w3.org/1999/xhtml" xml:lang="en" lang="en">
 <head>
  <title>
</title>
<meta http-equiv="Content-Type" content="text/html;charset=utf-8" />
  <meta name='ocr-system' content='tesseract 3.04.00' />
  <meta name='ocr-capabilities' content='ocr_page ocr_carea ocr_par ocr_line ocrx_word'/>
</head>
<body>
  <div class='ocr_page' id='page_1' title='image "./juscanonicumjux00grangoog_0087.png"; bbox 0 0 3488 5564; ppageno 0'>
   <div class='ocr_carea' id='block_1_1' title="bbox 550 591 1397 656">
    <p class='ocr_par' dir='ltr' id='par_1_1' title="bbox 550 591 1397 656">
     <span class='ocr_line' id='line_1_1' title="bbox 550 591 1397 656; baseline 0.004 -4"><span class='ocrx_word' id='word_1_1' title='bbox 550 608 638 653; x_wconf 78' lang='lat' dir='ltr'><strong>urens</strong></span> <span class='ocrx_word' id='word_1_2' title='bbox 659 607 814 654; x_wconf 77' lang='lat' dir='ltr'><strong>suesanus</strong></span> <span class='ocrx_word' id='word_1_3' title='bbox 834 609 1057 655; x_wconf 74' lang='lat' dir='ltr'><strong>uacuarutruu.</strong></span> <span class='ocrx_word' id='word_1_4' title='bbox 1358 591 1397 656; x_wconf 81' lang='lat'><strong>75</strong></span> 
     </span>
    </p>
   </div>
   <div class='ocr_carea' id='block_1_2' title="bbox 212 723 1398 1134">
    <p class='ocr_par' dir='ltr' id='par_1_2' title="bbox 212 723 1398 914">
     <span class='ocr_line' id='line_1_2' title="bbox 213 723 1398 810; baseline 0.004 -25"><span class='ocrx_word' id='word_1_5' title='bbox 213 739 312 786; x_wconf 87' lang='lat' dir='ltr'><strong>suam</strong></span> <span class='ocrx_word' id='word_1_6' title='bbox 335 725 451 806; x_wconf 86' lang='lat' dir='ltr'><strong>potius</strong></span> <span class='ocrx_word' id='word_1_7' title='bbox 477 724 672 790; x_wconf 78' lang='lat' dir='ltr'><strong>defendisse</strong></span> <span class='ocrx_word' id='word_1_8' title='bbox 696 739 802 810; x_wconf 83' lang='lat' dir='ltr'><strong>quam</strong></span> <span class='ocrx_word' id='word_1_9' title='bbox 832 723 979 790; x_wconf 83' lang='lat' dir='ltr'><strong>alterum</strong></span> <span class='ocrx_word' id='word_1_10' title='bbox 1004 725 1181 809; x_wconf 83' lang='lat' dir='ltr'><strong>dejecisse,</strong></span> <span class='ocrx_word' id='word_1_11' title='bbox 1208 743 1279 791; x_wconf 93' lang='lat' dir='ltr'><strong>non</strong></span> <span class='ocrx_word' id='word_1_12' title='bbox 1305 732 1398 792; x_wconf 89' lang='lat' dir='ltr'><strong>esset</strong></span> 
     </span>
     <span class='ocr_line' id='line_1_3' title="bbox 212 827 776 914; baseline 0.005 -22"><span class='ocrx_word' id='word_1_13' title='bbox 212 827 368 895; x_wconf 82' lang='lat' dir='ltr'><strong>iacienda</strong></span> <span class='ocrx_word' id='word_1_14' title='bbox 382 832 552 897; x_wconf 70' lang='lat' dir='ltr'><strong>restitutio</strong></span> <span class='ocrx_word' id='word_1_15' title='bbox 568 834 608 914; x_wconf 87' lang='lat' dir='ltr'><strong>(c.</strong></span> <span class='ocrx_word' id='word_1_16' title='bbox 626 833 776 914; x_wconf 70' lang='grc'><strong>11111).</strong></span> 
     </span>
    </p>

    <p class='ocr_par' dir='ltr' id='par_1_3' title="bbox 213 937 1395 1134">
     <span class='ocr_line' id='line_1_4' title="bbox 252 937 1395 1025; baseline 0.006 -25"><span class='ocrx_word' id='word_1_17' title='bbox 252 937 476 1006; x_wconf 87' lang='lat' dir='ltr'><strong>Interdictum</strong></span> <span class='ocrx_word' id='word_1_18' title='bbox 490 941 581 1004; x_wconf 81' lang='lat' dir='ltr'><strong>unde</strong></span> <span class='ocrx_word' id='word_1_19' title='bbox 596 942 634 1004; x_wconf 84' lang='lat' dir='ltr'><strong>oi</strong></span> <span class='ocrx_word' id='word_1_20' title='bbox 642 942 807 1025; x_wconf 91' lang='lat' dir='ltr'><strong>competit</strong></span> <span class='ocrx_word' id='word_1_21' title='bbox 821 941 926 1007; x_wconf 89' lang='lat' dir='ltr'><strong>etiam</strong></span> <span class='ocrx_word' id='word_1_22' title='bbox 939 939 988 1006; x_wconf 82' lang='lat' dir='ltr'><strong>iili</strong></span> <span class='ocrx_word' id='word_1_23' title='bbox 1006 941 1064 1024; x_wconf 86' lang='lat' dir='ltr'><strong>qui</strong></span> <span class='ocrx_word' id='word_1_24' title='bbox 1084 940 1164 1005; x_wconf 90' lang='lat' dir='ltr'><strong>licet</strong></span> <span class='ocrx_word' id='word_1_25' title='bbox 1177 944 1395 1025; x_wconf 79' lang='lat' dir='ltr'><strong>possessione</strong></span> 
     </span>
     <span class='ocr_line' id='line_1_5' title="bbox 213 1039 1395 1134; baseline 0.003 -25"><span class='ocrx_word' id='word_1_26' title='bbox 213 1047 338 1110; x_wconf 89' lang='lat' dir='ltr'><strong>nonsit</strong></span> <span class='ocrx_word' id='word_1_27' title='bbox 351 1047 526 1130; x_wconf 88' lang='lat' dir='ltr'><strong>spoliatus,</strong></span> <span class='ocrx_word' id='word_1_28' title='bbox 539 1039 704 1132; x_wconf 89' lang='lat' dir='ltr'><strong>spoliatus</strong></span> <span class='ocrx_word' id='word_1_29' title='bbox 718 1053 772 1113; x_wconf 89' lang='lat' dir='ltr'><strong>est</strong></span> <span class='ocrx_word' id='word_1_30' title='bbox 783 1053 900 1113; x_wconf 82' lang='lat' dir='ltr'><strong>temen</strong></span> <span class='ocrx_word' id='word_1_31' title='bbox 913 1048 1015 1134; x_wconf 92' lang='lat' dir='ltr'><strong>plena</strong></span> <span class='ocrx_word' id='word_1_32' title='bbox 1027 1047 1185 1114; x_wconf 84' lang='lat' dir='ltr'><strong>libertate</strong></span> <span class='ocrx_word' id='word_1_33' title='bbox 1198 1047 1395 1133; x_wconf 89' lang='lat' dir='ltr'><strong>possidendi</strong></span> 
     </span>
    </p>
   </div>
   <div class='ocr_carea' id='block_1_3' title="bbox 212 1155 1396 1340">
    <p class='ocr_par' dir='ltr' id='par_1_4' title="bbox 212 1155 1396 1340">
     <span class='ocr_line' id='line_1_6' title="bbox 212 1155 1395 1242; baseline 0.003 -24"><span class='ocrx_word' id='word_1_34' title='bbox 212 1155 360 1236; x_wconf 77' lang='lat' dir='ltr'><strong>(ponstat</strong></span> <span class='ocrx_word' id='word_1_35' title='bbox 373 1174 417 1218; x_wconf 88' lang='lat' dir='ltr'><strong>ex</strong></span> <span class='ocrx_word' id='word_1_36' title='bbox 431 1175 503 1239; x_wconf 89' lang='lat' dir='ltr'><strong>cap.</strong></span> <span class='ocrx_word' id='word_1_37' title='bbox 519 1158 578 1220; x_wconf 89' lang='lat' dir='ltr'><strong>ssn.</strong></span> <span class='ocrx_word' id='word_1_38' title='bbox 595 1157 629 1220; x_wconf 90' lang='lat' dir='ltr'><strong>h.</strong></span> <span class='ocrx_word' id='word_1_39' title='bbox 647 1157 695 1240; x_wconf 82' lang='grc'><strong>1.).</strong></span> <span class='ocrx_word' id='word_1_40' title='bbox 713 1157 811 1222; x_wconf 86' lang='lat' dir='ltr'><strong>Retio</strong></span> <span class='ocrx_word' id='word_1_41' title='bbox 827 1162 889 1234; x_wconf 88' lang='lat' dir='ltr'><strong>est,</strong></span> <span class='ocrx_word' id='word_1_42' title='bbox 918 1157 999 1242; x_wconf 83' lang='lat' dir='ltr'><strong>quia</strong></span> <span class='ocrx_word' id='word_1_43' title='bbox 1019 1157 1192 1224; x_wconf 82' lang='lat' dir='ltr'><strong>restitutio</strong></span> <span class='ocrx_word' id='word_1_44' title='bbox 1207 1162 1260 1222; x_wconf 90' lang='lat' dir='ltr'><strong>est</strong></span> <span class='ocrx_word' id='word_1_45' title='bbox 1273 1158 1395 1241; x_wconf 82' lang='lat' dir='ltr'><strong>prioris</strong></span> 
     </span>
     <span class='ocr_line' id='line_1_7' title="bbox 213 1257 1396 1340; baseline 0.005 -20"><span class='ocrx_word' id='word_1_46' title='bbox 213 1261 323 1320; x_wconf 86' lang='lat' dir='ltr'><strong>status</strong></span> <span class='ocrx_word' id='word_1_47' title='bbox 337 1257 592 1340; x_wconf 78' lang='lat' dir='ltr'><strong>redintegratio,</strong></span> <span class='ocrx_word' id='word_1_48' title='bbox 610 1259 701 1324; x_wconf 90' lang='lat' dir='ltr'><strong>unde</strong></span> <span class='ocrx_word' id='word_1_49' title='bbox 717 1260 889 1327; x_wconf 85' lang='lat' dir='ltr'><strong>restitutio</strong></span> <span class='ocrx_word' id='word_1_50' title='bbox 901 1260 977 1324; x_wconf 88' lang='lat' dir='ltr'><strong>sseri</strong></span> <span class='ocrx_word' id='word_1_51' title='bbox 992 1259 1094 1324; x_wconf 91' lang='lat' dir='ltr'><strong>dehet</strong></span> <span class='ocrx_word' id='word_1_52' title='bbox 1108 1259 1152 1324; x_wconf 88' lang='lat' dir='ltr'><strong>ad</strong></span> <span class='ocrx_word' id='word_1_53' title='bbox 1167 1277 1309 1325; x_wconf 86' lang='lat' dir='ltr'><strong>omnem</strong></span> <span class='ocrx_word' id='word_1_54' title='bbox 1322 1279 1396 1327; x_wconf 88' lang='lat' dir='ltr'><strong>mo—</strong></span> 
     </span>
    </p>
   </div>
   <div class='ocr_carea' id='block_1_4' title="bbox 206 1365 1479 4814">
    <p class='ocr_par' dir='ltr' id='par_1_5' title="bbox 213 1365 1332 1451">
     <span class='ocr_line' id='line_1_8' title="bbox 213 1365 1332 1451; baseline 0.003 -23"><span class='ocrx_word' id='word_1_55' title='bbox 213 1365 308 1442; x_wconf 87' lang='lat' dir='ltr'><strong>dum,</strong></span> <span class='ocrx_word' id='word_1_56' title='bbox 323 1383 463 1432; x_wconf 87' lang='lat' dir='ltr'><strong>causam</strong></span> <span class='ocrx_word' id='word_1_57' title='bbox 475 1366 647 1444; x_wconf 85' lang='lat' dir='ltr'><strong>stlocum,</strong></span> <span class='ocrx_word' id='word_1_58' title='bbox 665 1385 727 1432; x_wconf 87' lang='lat' dir='ltr'><strong>seu</strong></span> <span class='ocrx_word' id='word_1_59' title='bbox 741 1367 785 1433; x_wconf 88' lang='lat' dir='ltr'><strong>ad</strong></span> <span class='ocrx_word' id='word_1_60' title='bbox 796 1369 986 1451; x_wconf 77' lang='lat' dir='ltr'><strong>perfectum</strong></span> <span class='ocrx_word' id='word_1_61' title='bbox 998 1371 1126 1433; x_wconf 90' lang='lat' dir='ltr'><strong>statum</strong></span> <span class='ocrx_word' id='word_1_62' title='bbox 1139 1369 1332 1450; x_wconf 89' lang='lat' dir='ltr'><strong>pristinum.</strong></span> 
     </span>
    </p>

    <p class='ocr_par' dir='ltr' id='par_1_6' title="bbox 209 1469 1395 1994">
     <span class='ocr_line' id='line_1_9' title="bbox 255 1469 1395 1560; baseline 0.002 -22"><span class='ocrx_word' id='word_1_63' title='bbox 255 1473 284 1558; x_wconf 82' lang='lat' dir='ltr'><strong>d)</strong></span> <span class='ocrx_word' id='word_1_64' title='bbox 307 1474 436 1540; x_wconf 79' lang='lat' dir='ltr'><strong>Contra</strong></span> <span class='ocrx_word' id='word_1_65' title='bbox 463 1494 565 1558; x_wconf 83' lang='lat' dir='ltr'><strong>quem</strong></span> <span class='ocrx_word' id='word_1_66' title='bbox 588 1483 757 1560; x_wconf 85' lang='lat' dir='ltr'><strong>competat</strong></span> <span class='ocrx_word' id='word_1_67' title='bbox 781 1469 997 1541; x_wconf 77' lang='lat' dir='ltr'><strong>interdictum</strong></span> <span class='ocrx_word' id='word_1_68' title='bbox 1018 1475 1110 1540; x_wconf 86' lang='lat' dir='ltr'><strong>unde</strong></span> <span class='ocrx_word' id='word_1_69' title='bbox 1130 1476 1191 1540; x_wconf 82' lang='lat' dir='ltr'><strong>vi?</strong></span> <span class='ocrx_word' id='word_1_70' title='bbox 1225 1475 1395 1558; x_wconf 82' lang='lat' dir='ltr'><strong>Competit</strong></span> 
     </span>
     <span class='ocr_line' id='line_1_10' title="bbox 212 1580 1394 1667; baseline 0.001 -21"><span class='ocrx_word' id='word_1_71' title='bbox 212 1585 244 1646; x_wconf 82' lang='lat' dir='ltr'><strong>t⁸</strong></span> <span class='ocrx_word' id='word_1_72' title='bbox 258 1582 383 1648; x_wconf 88' lang='lat' dir='ltr'><strong>Gontre</strong></span> <span class='ocrx_word' id='word_1_73' title='bbox 394 1601 475 1647; x_wconf 89' lang='lat' dir='ltr'><strong>eum</strong></span> <span class='ocrx_word' id='word_1_74' title='bbox 491 1582 549 1666; x_wconf 87' lang='lat' dir='ltr'><strong>qui</strong></span> <span class='ocrx_word' id='word_1_75' title='bbox 562 1580 668 1648; x_wconf 89' lang='lat' dir='ltr'><strong>alium</strong></span> <span class='ocrx_word' id='word_1_76' title='bbox 680 1583 897 1666; x_wconf 86' lang='lat' dir='ltr'><strong>possessione</strong></span> <span class='ocrx_word' id='word_1_77' title='bbox 913 1601 975 1648; x_wconf 88' lang='lat' dir='ltr'><strong>sua</strong></span> <span class='ocrx_word' id='word_1_78' title='bbox 990 1582 1114 1666; x_wconf 90' lang='lat' dir='ltr'><strong>dejecit</strong></span> <span class='ocrx_word' id='word_1_79' title='bbox 1127 1601 1188 1667; x_wconf 85' lang='lat' dir='ltr'><strong>per</strong></span> <span class='ocrx_word' id='word_1_80' title='bbox 1202 1583 1283 1660; x_wconf 89' lang='lat' dir='ltr'><strong>vim,</strong></span> <span class='ocrx_word' id='word_1_81' title='bbox 1302 1581 1394 1666; x_wconf 88' lang='lat' dir='ltr'><strong>quod</strong></span> 
     </span>
     <span class='ocr_line' id='line_1_11' title="bbox 211 1689 1395 1782; baseline -0.002 -28"><span class='ocrx_word' id='word_1_82' title='bbox 211 1691 391 1755; x_wconf 84' lang='lat' dir='ltr'><strong>evidenter</strong></span> <span class='ocrx_word' id='word_1_83' title='bbox 413 1694 548 1755; x_wconf 83' lang='lat' dir='ltr'><strong>constet</strong></span> <span class='ocrx_word' id='word_1_84' title='bbox 564 1709 607 1754; x_wconf 86' lang='lat' dir='ltr'><strong>ex</strong></span> <span class='ocrx_word' id='word_1_85' title='bbox 623 1689 737 1766; x_wconf 88' lang='lat' dir='ltr'><strong>dictis;</strong></span> <span class='ocrx_word' id='word_1_86' title='bbox 762 1691 846 1755; x_wconf 90' lang='lat' dir='ltr'><strong>item</strong></span> <span class='ocrx_word' id='word_1_87' title='bbox 869 1695 989 1756; x_wconf 87' lang='lat' dir='ltr'><strong>contra</strong></span> <span class='ocrx_word' id='word_1_88' title='bbox 1003 1708 1083 1755; x_wconf 91' lang='lat' dir='ltr'><strong>eum</strong></span> <span class='ocrx_word' id='word_1_89' title='bbox 1096 1691 1154 1773; x_wconf 87' lang='lat' dir='ltr'><strong>qui</strong></span> <span class='ocrx_word' id='word_1_90' title='bbox 1167 1689 1345 1782; x_wconf 78' lang='lat' dir='ltr'><strong>mandavit</strong></span> <span class='ocrx_word' id='word_1_91' title='bbox 1356 1692 1395 1752; x_wconf 89' lang='lat' dir='ltr'><strong>ut</strong></span> 
     </span>
     <span class='ocr_line' id='line_1_12' title="bbox 210 1797 1394 1884; baseline -0.001 -20"><span class='ocrx_word' id='word_1_92' title='bbox 210 1798 334 1884; x_wconf 87' lang='lat' dir='ltr'><strong>aliquis</strong></span> <span class='ocrx_word' id='word_1_93' title='bbox 349 1798 562 1882; x_wconf 77' lang='lat' dir='ltr'><strong>dejiceretur,</strong></span> <span class='ocrx_word' id='word_1_94' title='bbox 588 1799 775 1865; x_wconf 88' lang='lat' dir='ltr'><strong>dummodo</strong></span> <span class='ocrx_word' id='word_1_95' title='bbox 796 1799 938 1864; x_wconf 83' lang='lat' dir='ltr'><strong>effectus</strong></span> <span class='ocrx_word' id='word_1_96' title='bbox 952 1799 996 1862; x_wconf 90' lang='lat' dir='ltr'><strong>sit</strong></span> <span class='ocrx_word' id='word_1_97' title='bbox 1010 1803 1159 1875; x_wconf 89' lang='lat' dir='ltr'><strong>secutus,</strong></span> <span class='ocrx_word' id='word_1_98' title='bbox 1174 1797 1230 1864; x_wconf 86' lang='lat' dir='ltr'><strong>vel</strong></span> <span class='ocrx_word' id='word_1_99' title='bbox 1245 1798 1303 1882; x_wconf 87' lang='lat' dir='ltr'><strong>qui</strong></span> <span class='ocrx_word' id='word_1_100' title='bbox 1318 1815 1394 1882; x_wconf 92' lang='lat' dir='ltr'><strong>spo-</strong></span> 
     </span>
     <span class='ocr_line' id='line_1_13' title="bbox 209 1907 1282 1994; baseline 0 -24"><span class='ocrx_word' id='word_1_101' title='bbox 209 1907 387 1973; x_wconf 88' lang='lat' dir='ltr'><strong>liationem</strong></span> <span class='ocrx_word' id='word_1_102' title='bbox 401 1925 465 1973; x_wconf 91' lang='lat' dir='ltr'><strong>suo</strong></span> <span class='ocrx_word' id='word_1_103' title='bbox 479 1907 619 1972; x_wconf 89' lang='lat' dir='ltr'><strong>nomine</strong></span> <span class='ocrx_word' id='word_1_104' title='bbox 633 1909 759 1974; x_wconf 88' lang='lat' dir='ltr'><strong>tactam</strong></span> <span class='ocrx_word' id='word_1_105' title='bbox 773 1913 884 1994; x_wconf 89' lang='lat' dir='ltr'><strong>ratam</strong></span> <span class='ocrx_word' id='word_1_106' title='bbox 898 1909 1027 1985; x_wconf 88' lang='lat' dir='ltr'><strong>habuit,</strong></span> <span class='ocrx_word' id='word_1_107' title='bbox 1044 1927 1088 1972; x_wconf 83' lang='lat' dir='ltr'><strong>er</strong></span> <span class='ocrx_word' id='word_1_108' title='bbox 1102 1928 1131 1972; x_wconf 93' lang='lat' dir='ltr'><strong>c.</strong></span> <span class='ocrx_word' id='word_1_109' title='bbox 1154 1909 1192 1972; x_wconf 78' lang='lat'><strong>15</strong></span> <span class='ocrx_word' id='word_1_110' title='bbox 1205 1908 1240 1971; x_wconf 91' lang='lat' dir='ltr'><strong>h.</strong></span> <span class='ocrx_word' id='word_1_111' title='bbox 1258 1911 1282 1971; x_wconf 85' lang='lat' dir='ltr'><strong>t.</strong></span> 
     </span>
    </p>

    <p class='ocr_par' dir='ltr' id='par_1_7' title="bbox 209 2013 1394 2417">
     <span class='ocr_line' id='line_1_14' title="bbox 252 2013 1394 2101; baseline 0 -22"><span class='ocrx_word' id='word_1_112' title='bbox 252 2017 285 2079; x_wconf 67' lang='lat'><strong>2·</strong></span> <span class='ocrx_word' id='word_1_113' title='bbox 299 2015 424 2081; x_wconf 83' lang='lat' dir='ltr'><strong>Contra</strong></span> <span class='ocrx_word' id='word_1_114' title='bbox 446 2015 664 2100; x_wconf 90' lang='lat' dir='ltr'><strong>dejicientem</strong></span> <span class='ocrx_word' id='word_1_115' title='bbox 685 2015 774 2081; x_wconf 91' lang='lat' dir='ltr'><strong>clam</strong></span> <span class='ocrx_word' id='word_1_116' title='bbox 797 2017 1023 2098; x_wconf 79' lang='lat' dir='ltr'><strong>ingrediendo</strong></span> <span class='ocrx_word' id='word_1_117' title='bbox 1043 2017 1299 2101; x_wconf 87' lang='lat' dir='ltr'><strong>possessionem</strong></span> <span class='ocrx_word' id='word_1_118' title='bbox 1312 2013 1394 2079; x_wconf 88' lang='lat' dir='ltr'><strong>alte-</strong></span> 
     </span>
     <span class='ocr_line' id='line_1_15' title="bbox 209 2121 1392 2208; baseline -0.002 -21"><span class='ocrx_word' id='word_1_119' title='bbox 209 2125 304 2187; x_wconf 85' lang='lat' dir='ltr'><strong>rius:</strong></span> <span class='ocrx_word' id='word_1_120' title='bbox 320 2123 368 2188; x_wconf 87' lang='lat' dir='ltr'><strong>ita</strong></span> <span class='ocrx_word' id='word_1_121' title='bbox 378 2125 572 2188; x_wconf 88' lang='lat' dir='ltr'><strong>communis</strong></span> <span class='ocrx_word' id='word_1_122' title='bbox 585 2125 777 2200; x_wconf 86' lang='lat' dir='ltr'><strong>sententia;</strong></span> <span class='ocrx_word' id='word_1_123' title='bbox 793 2143 875 2189; x_wconf 88' lang='lat' dir='ltr'><strong>nam</strong></span> <span class='ocrx_word' id='word_1_124' title='bbox 889 2125 917 2188; x_wconf 91' lang='lat' dir='ltr'><strong>si</strong></span> <span class='ocrx_word' id='word_1_125' title='bbox 939 2125 1103 2208; x_wconf 88' lang='lat' dir='ltr'><strong>dejiciens</strong></span> <span class='ocrx_word' id='word_1_126' title='bbox 1115 2127 1174 2207; x_wconf 82' lang='lat' dir='ltr'><strong>jus</strong></span> <span class='ocrx_word' id='word_1_127' title='bbox 1193 2121 1392 2207; x_wconf 88' lang='lat' dir='ltr'><strong>possidendi</strong></span> 
     </span>
     <span class='ocr_line' id='line_1_16' title="bbox 210 2230 1394 2320; baseline -0.001 -25"><span class='ocrx_word' id='word_1_128' title='bbox 210 2233 248 2296; x_wconf 89' lang='lat' dir='ltr'><strong>in</strong></span> <span class='ocrx_word' id='word_1_129' title='bbox 261 2251 298 2296; x_wconf 87' lang='lat' dir='ltr'><strong>re</strong></span> <span class='ocrx_word' id='word_1_130' title='bbox 314 2231 458 2315; x_wconf 87' lang='lat' dir='ltr'><strong>spoliata</strong></span> <span class='ocrx_word' id='word_1_131' title='bbox 472 2230 609 2317; x_wconf 82' lang='lat' dir='ltr'><strong>aliquod</strong></span> <span class='ocrx_word' id='word_1_132' title='bbox 621 2234 739 2299; x_wconf 80' lang='lat' dir='ltr'><strong>forsan</strong></span> <span class='ocrx_word' id='word_1_133' title='bbox 759 2233 929 2310; x_wconf 83' lang='lat' dir='ltr'><strong>habuerit,</strong></span> <span class='ocrx_word' id='word_1_134' title='bbox 946 2231 1030 2320; x_wconf 88' lang='lat' dir='ltr'><strong>illud</strong></span> <span class='ocrx_word' id='word_1_135' title='bbox 1043 2237 1160 2316; x_wconf 89' lang='lat' dir='ltr'><strong>petere</strong></span> <span class='ocrx_word' id='word_1_136' title='bbox 1175 2232 1320 2314; x_wconf 87' lang='lat' dir='ltr'><strong>ajudice</strong></span> <span class='ocrx_word' id='word_1_137' title='bbox 1336 2231 1394 2294; x_wconf 92' lang='lat' dir='ltr'><strong>de-</strong></span> 
     </span>
     <span class='ocr_line' id='line_1_17' title="bbox 210 2340 1079 2417; baseline -0.003 -12"><span class='ocrx_word' id='word_1_138' title='bbox 210 2342 324 2417; x_wconf 88' lang='lat' dir='ltr'><strong>behat,</strong></span> <span class='ocrx_word' id='word_1_139' title='bbox 341 2345 376 2404; x_wconf 91' lang='lat' dir='ltr'><strong>et</strong></span> <span class='ocrx_word' id='word_1_140' title='bbox 389 2360 460 2406; x_wconf 92' lang='lat' dir='ltr'><strong>non</strong></span> <span class='ocrx_word' id='word_1_141' title='bbox 478 2359 522 2405; x_wconf 83' lang='lat' dir='ltr'><strong>ex</strong></span> <span class='ocrx_word' id='word_1_142' title='bbox 536 2359 624 2417; x_wconf 89' lang='lat' dir='ltr'><strong>sese,</strong></span> <span class='ocrx_word' id='word_1_143' title='bbox 642 2343 746 2408; x_wconf 88' lang='lat' dir='ltr'><strong>etiem</strong></span> <span class='ocrx_word' id='word_1_144' title='bbox 760 2340 855 2406; x_wconf 88' lang='lat' dir='ltr'><strong>nulla</strong></span> <span class='ocrx_word' id='word_1_145' title='bbox 869 2341 903 2404; x_wconf 91' lang='lat' dir='ltr'><strong>vi</strong></span> <span class='ocrx_word' id='word_1_146' title='bbox 918 2341 1079 2406; x_wconf 84' lang='lat' dir='ltr'><strong>adhibita.</strong></span> 
     </span>
    </p>

    <p class='ocr_par' dir='ltr' id='par_1_8' title="bbox 209 2447 1479 2840">
     <span class='ocr_line' id='line_1_18' title="bbox 251 2447 1392 2534; baseline -0.003 -21"><span class='ocrx_word' id='word_1_147' title='bbox 251 2450 284 2513; x_wconf 87' lang='lat'><strong>3·</strong></span> <span class='ocrx_word' id='word_1_148' title='bbox 298 2448 467 2534; x_wconf 88' lang='lat' dir='ltr'><strong>Competit</strong></span> <span class='ocrx_word' id='word_1_149' title='bbox 489 2450 594 2514; x_wconf 90' lang='lat' dir='ltr'><strong>etiam</strong></span> <span class='ocrx_word' id='word_1_150' title='bbox 620 2455 740 2516; x_wconf 86' lang='lat' dir='ltr'><strong>contra</strong></span> <span class='ocrx_word' id='word_1_151' title='bbox 770 2450 949 2514; x_wconf 88' lang='lat' dir='ltr'><strong>dominum</strong></span> <span class='ocrx_word' id='word_1_152' title='bbox 976 2451 1075 2531; x_wconf 85' lang='lat' dir='ltr'><strong>cujus</strong></span> <span class='ocrx_word' id='word_1_153' title='bbox 1099 2447 1219 2512; x_wconf 73' lang='lat' dir='ltr'><strong>innuli</strong></span> <span class='ocrx_word' id='word_1_154' title='bbox 1242 2447 1392 2531; x_wconf 84' lang='lat' dir='ltr'><strong>aliquem</strong></span> 
     </span>
     <span class='ocr_line' id='line_1_19' title="bbox 210 2556 1479 2642; baseline -0.004 -20"><span class='ocrx_word' id='word_1_155' title='bbox 210 2559 412 2642; x_wconf 88' lang='lat' dir='ltr'><strong>spoliarunt,</strong></span> <span class='ocrx_word' id='word_1_156' title='bbox 426 2557 548 2623; x_wconf 85' lang='lat' dir='ltr'><strong>saitem</strong></span> <span class='ocrx_word' id='word_1_157' title='bbox 563 2559 591 2622; x_wconf 87' lang='lat' dir='ltr'><strong>si</strong></span> <span class='ocrx_word' id='word_1_158' title='bbox 605 2560 670 2623; x_wconf 90' lang='lat' dir='ltr'><strong>hoc</strong></span> <span class='ocrx_word' id='word_1_159' title='bbox 683 2559 816 2623; x_wconf 82' lang='lat' dir='ltr'><strong>iactum</strong></span> <span class='ocrx_word' id='word_1_160' title='bbox 833 2562 887 2622; x_wconf 88' lang='lat' dir='ltr'><strong>est</strong></span> <span class='ocrx_word' id='word_1_161' title='bbox 900 2560 1001 2641; x_wconf 79' lang='lat' dir='ltr'><strong>Jussn</strong></span> <span class='ocrx_word' id='word_1_162' title='bbox 1016 2556 1163 2631; x_wconf 80' lang='lat' dir='ltr'><strong>domini3</strong></span> <span class='ocrx_word' id='word_1_163' title='bbox 1180 2573 1290 2632; x_wconf 89' lang='lat' dir='ltr'><strong>secus,</strong></span> <span class='ocrx_word' id='word_1_164' title='bbox 1307 2556 1336 2618; x_wconf 88' lang='lat' dir='ltr'><strong>si</strong></span> <span class='ocrx_word' id='word_1_165' title='bbox 1351 2573 1392 2618; x_wconf 91' lang='lat' dir='ltr'><strong>eo</strong></span> <span class='ocrx_word' id='word_1_166' title='bbox 1475 2613 1479 2627; x_wconf 86' lang='grc'>,</span> 
     </span>
     <span class='ocr_line' id='line_1_20' title="bbox 210 2663 1392 2752; baseline -0.002 -22"><span class='ocrx_word' id='word_1_167' title='bbox 210 2668 391 2748; x_wconf 81' lang='lat' dir='ltr'><strong>ignorante</strong></span> <span class='ocrx_word' id='word_1_168' title='bbox 413 2671 472 2732; x_wconf 89' lang='lat' dir='ltr'><strong>aut</strong></span> <span class='ocrx_word' id='word_1_169' title='bbox 493 2665 613 2744; x_wconf 88' lang='lat' dir='ltr'><strong>invito,</strong></span> <span class='ocrx_word' id='word_1_170' title='bbox 640 2667 719 2752; x_wconf 82' lang='lat' dir='ltr'><strong>quia</strong></span> <span class='ocrx_word' id='word_1_171' title='bbox 732 2665 893 2732; x_wconf 88' lang='lat' dir='ltr'><strong>dominus</strong></span> <span class='ocrx_word' id='word_1_172' title='bbox 912 2684 984 2731; x_wconf 90' lang='lat' dir='ltr'><strong>non</strong></span> <span class='ocrx_word' id='word_1_173' title='bbox 998 2668 1135 2730; x_wconf 86' lang='lat' dir='ltr'><strong>tenetur</strong></span> <span class='ocrx_word' id='word_1_174' title='bbox 1149 2683 1193 2730; x_wconf 84' lang='lat' dir='ltr'><strong>ex</strong></span> <span class='ocrx_word' id='word_1_175' title='bbox 1207 2664 1329 2729; x_wconf 89' lang='lat' dir='ltr'><strong>delicto</strong></span> <span class='ocrx_word' id='word_1_176' title='bbox 1343 2663 1392 2728; x_wconf 84' lang='lat' dir='ltr'><strong>ta·</strong></span> 
     </span>
     <span class='ocr_line' id='line_1_21' title="bbox 209 2774 375 2840; baseline 0 0"><span class='ocrx_word' id='word_1_177' title='bbox 209 2774 295 2840; x_wconf 88' lang='lat' dir='ltr'><strong>muli</strong></span> <span class='ocrx_word' id='word_1_178' title='bbox 311 2776 375 2840; x_wconf 89' lang='lat' dir='ltr'><strong>sui.</strong></span> 
     </span>
    </p>

    <p class='ocr_par' dir='ltr' id='par_1_9' title="bbox 208 2882 1392 3406">
     <span class='ocr_line' id='line_1_22' title="bbox 249 2882 1389 2968; baseline -0.002 -20"><span class='ocrx_word' id='word_1_179' title='bbox 249 2883 283 2948; x_wconf 69' lang='lat'><strong>4⁰</strong></span> <span class='ocrx_word' id='word_1_180' title='bbox 306 2883 476 2968; x_wconf 84' lang='lat' dir='ltr'><strong>Competit</strong></span> <span class='ocrx_word' id='word_1_181' title='bbox 490 2883 595 2950; x_wconf 88' lang='lat' dir='ltr'><strong>etiam</strong></span> <span class='ocrx_word' id='word_1_182' title='bbox 616 2887 735 2949; x_wconf 90' lang='lat' dir='ltr'><strong>contra</strong></span> <span class='ocrx_word' id='word_1_183' title='bbox 755 2882 909 2966; x_wconf 87' lang='lat' dir='ltr'><strong>judicem</strong></span> <span class='ocrx_word' id='word_1_184' title='bbox 932 2883 1060 2966; x_wconf 80' lang='lat' dir='ltr'><strong>injuste</strong></span> <span class='ocrx_word' id='word_1_185' title='bbox 1083 2883 1298 2966; x_wconf 86' lang='lat' dir='ltr'><strong>spoliantem,</strong></span> <span class='ocrx_word' id='word_1_186' title='bbox 1321 2883 1389 2966; x_wconf 84' lang='lat' dir='ltr'><strong>qui,</strong></span> 
     </span>
     <span class='ocr_line' id='line_1_23' title="bbox 208 2991 1391 3076; baseline 0 -20"><span class='ocrx_word' id='word_1_187' title='bbox 208 2991 266 3056; x_wconf 84' lang='lat' dir='ltr'><strong>vel</strong></span> <span class='ocrx_word' id='word_1_188' title='bbox 280 2991 588 3076; x_wconf 76' lang='lat' dir='ltr'><strong>extrajudicieiiter,</strong></span> <span class='ocrx_word' id='word_1_189' title='bbox 600 2991 656 3058; x_wconf 82' lang='lat' dir='ltr'><strong>vel</strong></span> <span class='ocrx_word' id='word_1_190' title='bbox 663 2991 869 3076; x_wconf 85' lang='lat' dir='ltr'><strong>judicialiter</strong></span> <span class='ocrx_word' id='word_1_191' title='bbox 881 2991 1030 3075; x_wconf 82' lang='lat' dir='ltr'><strong>quidem,</strong></span> <span class='ocrx_word' id='word_1_192' title='bbox 1044 2991 1150 3056; x_wconf 87' lang='lat' dir='ltr'><strong>sedin</strong></span> <span class='ocrx_word' id='word_1_193' title='bbox 1164 3009 1201 3056; x_wconf 89' lang='lat' dir='ltr'><strong>re</strong></span> <span class='ocrx_word' id='word_1_194' title='bbox 1212 2993 1391 3074; x_wconf 83' lang='lat' dir='ltr'><strong>extreejus</strong></span> 
     </span>
     <span class='ocr_line' id='line_1_24' title="bbox 208 3099 1388 3185; baseline -0.003 -21"><span class='ocrx_word' id='word_1_195' title='bbox 208 3101 475 3185; x_wconf 79' lang='lat' dir='ltr'><strong>competentiam</strong></span> <span class='ocrx_word' id='word_1_196' title='bbox 500 3101 630 3184; x_wconf 85' lang='lat' dir='ltr'><strong>posita,</strong></span> <span class='ocrx_word' id='word_1_197' title='bbox 662 3099 812 3185; x_wconf 86' lang='lat' dir='ltr'><strong>aliquem</strong></span> <span class='ocrx_word' id='word_1_198' title='bbox 845 3099 960 3182; x_wconf 79' lang='lat' dir='ltr'><strong>dejicit</strong></span> <span class='ocrx_word' id='word_1_199' title='bbox 984 3100 1204 3184; x_wconf 86' lang='lat' dir='ltr'><strong>possessione</strong></span> <span class='ocrx_word' id='word_1_200' title='bbox 1228 3101 1278 3164; x_wconf 89' lang='lat' dir='ltr'><strong>rei</strong></span> <span class='ocrx_word' id='word_1_201' title='bbox 1307 3119 1388 3164; x_wconf 81' lang='lat' dir='ltr'><strong>suae.</strong></span> 
     </span>
     <span class='ocr_line' id='line_1_25' title="bbox 210 3209 1392 3296; baseline -0.003 -19"><span class='ocrx_word' id='word_1_202' title='bbox 210 3209 351 3277; x_wconf 83' lang='lat' dir='ltr'><strong>Constet</strong></span> <span class='ocrx_word' id='word_1_203' title='bbox 370 3230 414 3276; x_wconf 89' lang='lat' dir='ltr'><strong>ex</strong></span> <span class='ocrx_word' id='word_1_204' title='bbox 435 3229 508 3295; x_wconf 90' lang='lat' dir='ltr'><strong>cap.</strong></span> <span class='ocrx_word' id='word_1_205' title='bbox 525 3213 544 3276; x_wconf 81' lang='lat'><strong>7</strong></span> <span class='ocrx_word' id='word_1_206' title='bbox 560 3213 632 3296; x_wconf 83' lang='lat' dir='ltr'><strong>huj.</strong></span> <span class='ocrx_word' id='word_1_207' title='bbox 655 3211 755 3288; x_wconf 89' lang='lat' dir='ltr'><strong>tituli,</strong></span> <span class='ocrx_word' id='word_1_208' title='bbox 772 3215 807 3277; x_wconf 88' lang='lat' dir='ltr'><strong>et</strong></span> <span class='ocrx_word' id='word_1_209' title='bbox 821 3211 954 3276; x_wconf 87' lang='lat' dir='ltr'><strong>ratione</strong></span> <span class='ocrx_word' id='word_1_210' title='bbox 970 3209 1137 3288; x_wconf 89' lang='lat' dir='ltr'><strong>evidenti;</strong></span> <span class='ocrx_word' id='word_1_211' title='bbox 1153 3229 1235 3276; x_wconf 87' lang='lat' dir='ltr'><strong>nam</strong></span> <span class='ocrx_word' id='word_1_212' title='bbox 1249 3213 1392 3292; x_wconf 86' lang='lat' dir='ltr'><strong>tuncja-</strong></span> 
     </span>
     <span class='ocr_line' id='line_1_26' title="bbox 210 3317 770 3406; baseline 0.005 -23"><span class='ocrx_word' id='word_1_213' title='bbox 210 3317 277 3383; x_wconf 82' lang='lat' dir='ltr'><strong>dex</strong></span> <span class='ocrx_word' id='word_1_214' title='bbox 289 3324 450 3384; x_wconf 87' lang='lat' dir='ltr'><strong>censetur</strong></span> <span class='ocrx_word' id='word_1_215' title='bbox 465 3337 614 3404; x_wconf 91' lang='lat' dir='ltr'><strong>persona</strong></span> <span class='ocrx_word' id='word_1_216' title='bbox 627 3321 770 3406; x_wconf 79' lang='lat' dir='ltr'><strong>privata.</strong></span> 
     </span>
    </p>

    <p class='ocr_par' dir='ltr' id='par_1_10' title="bbox 206 3427 1393 4814">
     <span class='ocr_line' id='line_1_27' title="bbox 248 3427 1392 3513; baseline 0.002 -21"><span class='ocrx_word' id='word_1_217' title='bbox 248 3429 283 3492; x_wconf 65' lang='grc' dir='ltr'><strong>δ’</strong></span> <span class='ocrx_word' id='word_1_218' title='bbox 301 3427 470 3513; x_wconf 81' lang='lat' dir='ltr'><strong>Competit</strong></span> <span class='ocrx_word' id='word_1_219' title='bbox 494 3434 615 3495; x_wconf 88' lang='lat' dir='ltr'><strong>contra</strong></span> <span class='ocrx_word' id='word_1_220' title='bbox 634 3431 789 3495; x_wconf 82' lang='lat' dir='ltr'><strong>haeredes</strong></span> <span class='ocrx_word' id='word_1_221' title='bbox 803 3437 864 3497; x_wconf 89' lang='lat' dir='ltr'><strong>aut</strong></span> <span class='ocrx_word' id='word_1_222' title='bbox 878 3447 1095 3498; x_wconf 87' lang='lat' dir='ltr'><strong>successores</strong></span> <span class='ocrx_word' id='word_1_223' title='bbox 1110 3429 1313 3513; x_wconf 87' lang='lat' dir='ltr'><strong>spoliatoris‚</strong></span> <span class='ocrx_word' id='word_1_224' title='bbox 1330 3429 1392 3494; x_wconf 86' lang='lat' dir='ltr'><strong>ssl-</strong></span> 
     </span>
     <span class='ocr_line' id='line_1_28' title="bbox 211 3537 1392 3624; baseline 0.003 -25"><span class='ocrx_word' id='word_1_225' title='bbox 211 3541 282 3602; x_wconf 87' lang='lat' dir='ltr'><strong>tem</strong></span> <span class='ocrx_word' id='word_1_226' title='bbox 305 3537 334 3600; x_wconf 87' lang='lat' dir='ltr'><strong>si</strong></span> <span class='ocrx_word' id='word_1_227' title='bbox 358 3537 439 3622; x_wconf 85' lang='lat' dir='ltr'><strong>quid</strong></span> <span class='ocrx_word' id='word_1_228' title='bbox 460 3539 503 3603; x_wconf 91' lang='lat' dir='ltr'><strong>ad</strong></span> <span class='ocrx_word' id='word_1_229' title='bbox 526 3555 586 3604; x_wconf 90' lang='lat' dir='ltr'><strong>eos</strong></span> <span class='ocrx_word' id='word_1_230' title='bbox 611 3539 825 3623; x_wconf 79' lang='lat' dir='ltr'><strong>pervenen&#39;t3</strong></span> <span class='ocrx_word' id='word_1_231' title='bbox 845 3541 925 3605; x_wconf 88' lang='lat' dir='ltr'><strong>licet</strong></span> <span class='ocrx_word' id='word_1_232' title='bbox 944 3557 1048 3624; x_wconf 84' lang='lat' dir='ltr'><strong>poena</strong></span> <span class='ocrx_word' id='word_1_233' title='bbox 1062 3537 1105 3604; x_wconf 90' lang='lat' dir='ltr'><strong>ad</strong></span> <span class='ocrx_word' id='word_1_234' title='bbox 1126 3537 1300 3602; x_wconf 84' lang='lat' dir='ltr'><strong>haeredem</strong></span> <span class='ocrx_word' id='word_1_235' title='bbox 1321 3557 1392 3602; x_wconf 90' lang='lat' dir='ltr'><strong>non</strong></span> 
     </span>
     <span class='ocr_line' id='line_1_29' title="bbox 211 3645 1391 3730; baseline 0 -20"><span class='ocrx_word' id='word_1_236' title='bbox 211 3649 373 3722; x_wconf 85' lang='lat' dir='ltr'><strong>transeat,</strong></span> <span class='ocrx_word' id='word_1_237' title='bbox 398 3650 515 3712; x_wconf 87' lang='lat' dir='ltr'><strong>temen</strong></span> <span class='ocrx_word' id='word_1_238' title='bbox 539 3645 673 3712; x_wconf 83' lang='lat' dir='ltr'><strong>nullum</strong></span> <span class='ocrx_word' id='word_1_239' title='bbox 701 3648 924 3714; x_wconf 88' lang='lat' dir='ltr'><strong>commodum</strong></span> <span class='ocrx_word' id='word_1_240' title='bbox 960 3667 1003 3712; x_wconf 84' lang='lat' dir='ltr'><strong>ex</strong></span> <span class='ocrx_word' id='word_1_241' title='bbox 1031 3647 1162 3730; x_wconf 89' lang='lat' dir='ltr'><strong>injusta</strong></span> <span class='ocrx_word' id='word_1_242' title='bbox 1190 3645 1391 3730; x_wconf 88' lang='lat' dir='ltr'><strong>spoliatione</strong></span> 
     </span>
     <span class='ocr_line' id='line_1_30' title="bbox 211 3755 1392 3839; baseline -0.002 -19"><span class='ocrx_word' id='word_1_243' title='bbox 211 3758 385 3839; x_wconf 86' lang='lat' dir='ltr'><strong>reportare</strong></span> <span class='ocrx_word' id='word_1_244' title='bbox 399 3761 513 3839; x_wconf 88' lang='lat' dir='ltr'><strong>potest</strong></span> <span class='ocrx_word' id='word_1_245' title='bbox 528 3756 732 3822; x_wconf 78' lang='lat' dir='ltr'><strong>:hereditas</strong></span> <span class='ocrx_word' id='word_1_246' title='bbox 746 3755 879 3822; x_wconf 89' lang='lat' dir='ltr'><strong>illinon</strong></span> <span class='ocrx_word' id='word_1_247' title='bbox 894 3757 1042 3832; x_wconf 88' lang='lat' dir='ltr'><strong>advenit,</strong></span> <span class='ocrx_word' id='word_1_248' title='bbox 1066 3755 1134 3820; x_wconf 91' lang='lat' dir='ltr'><strong>nisi</strong></span> <span class='ocrx_word' id='word_1_249' title='bbox 1157 3755 1316 3820; x_wconf 90' lang='lat' dir='ltr'><strong>detractis</strong></span> <span class='ocrx_word' id='word_1_250' title='bbox 1337 3755 1392 3818; x_wconf 90' lang='lat' dir='ltr'><strong>dc-</strong></span> 
     </span>
     <span class='ocr_line' id='line_1_31' title="bbox 210 3863 1392 3951; baseline 0.001 -25"><span class='ocrx_word' id='word_1_251' title='bbox 210 3863 301 3927; x_wconf 89' lang='lat' dir='ltr'><strong>bitis.</strong></span> <span class='ocrx_word' id='word_1_252' title='bbox 316 3863 382 3928; x_wconf 89' lang='lat' dir='ltr'><strong>Sed</strong></span> <span class='ocrx_word' id='word_1_253' title='bbox 396 3881 476 3929; x_wconf 90' lang='lat' dir='ltr'><strong>cum</strong></span> <span class='ocrx_word' id='word_1_254' title='bbox 494 3865 582 3932; x_wconf 87' lang='lat' dir='ltr'><strong>actio</strong></span> <span class='ocrx_word' id='word_1_255' title='bbox 601 3884 672 3932; x_wconf 87' lang='lat' dir='ltr'><strong>non</strong></span> <span class='ocrx_word' id='word_1_256' title='bbox 695 3870 867 3951; x_wconf 89' lang='lat' dir='ltr'><strong>competat</strong></span> <span class='ocrx_word' id='word_1_257' title='bbox 891 3865 957 3930; x_wconf 89' lang='lat' dir='ltr'><strong>nisi</strong></span> <span class='ocrx_word' id='word_1_258' title='bbox 980 3865 1025 3929; x_wconf 91' lang='lat' dir='ltr'><strong>ob</strong></span> <span class='ocrx_word' id='word_1_259' title='bbox 1039 3865 1168 3929; x_wconf 83' lang='lat' dir='ltr'><strong>fectum</strong></span> <span class='ocrx_word' id='word_1_260' title='bbox 1185 3869 1220 3928; x_wconf 91' lang='lat' dir='ltr'><strong>et</strong></span> <span class='ocrx_word' id='word_1_261' title='bbox 1241 3881 1392 3928; x_wconf 89' lang='lat' dir='ltr'><strong>commo-</strong></span> 
     </span>
     <span class='ocr_line' id='line_1_32' title="bbox 211 3969 1391 4058; baseline 0 -24"><span class='ocrx_word' id='word_1_262' title='bbox 211 3969 306 4046; x_wconf 91' lang='lat' dir='ltr'><strong>dum,</strong></span> <span class='ocrx_word' id='word_1_263' title='bbox 321 3971 400 4037; x_wconf 91' lang='lat' dir='ltr'><strong>ideo</strong></span> <span class='ocrx_word' id='word_1_264' title='bbox 413 3989 484 4038; x_wconf 90' lang='lat' dir='ltr'><strong>non</strong></span> <span class='ocrx_word' id='word_1_265' title='bbox 494 3979 548 4038; x_wconf 91' lang='lat' dir='ltr'><strong>est</strong></span> <span class='ocrx_word' id='word_1_266' title='bbox 555 3975 690 4058; x_wconf 89' lang='lat' dir='ltr'><strong>proprie</strong></span> <span class='ocrx_word' id='word_1_267' title='bbox 704 3975 924 4040; x_wconf 89' lang='lat' dir='ltr'><strong>interdictum</strong></span> <span class='ocrx_word' id='word_1_268' title='bbox 938 3971 1029 4039; x_wconf 82' lang='lat' dir='ltr'><strong>unde</strong></span> <span class='ocrx_word' id='word_1_269' title='bbox 1043 3973 1088 4036; x_wconf 83' lang='lat' dir='ltr'><strong>ci.</strong></span> <span class='ocrx_word' id='word_1_270' title='bbox 1099 3971 1195 4036; x_wconf 88' lang='lat' dir='ltr'><strong>idem</strong></span> <span class='ocrx_word' id='word_1_271' title='bbox 1208 3971 1391 4035; x_wconf 89' lang='lat' dir='ltr'><strong>dicendum</strong></span> 
     </span>
     <span class='ocr_line' id='line_1_33' title="bbox 210 4077 1390 4168; baseline -0.002 -24"><span class='ocrx_word' id='word_1_272' title='bbox 210 4082 265 4144; x_wconf 89' lang='lat' dir='ltr'><strong>est</strong></span> <span class='ocrx_word' id='word_1_273' title='bbox 288 4077 331 4144; x_wconf 92' lang='lat' dir='ltr'><strong>de</strong></span> <span class='ocrx_word' id='word_1_274' title='bbox 354 4081 487 4146; x_wconf 89' lang='lat' dir='ltr'><strong>actione</strong></span> <span class='ocrx_word' id='word_1_275' title='bbox 512 4101 587 4168; x_wconf 80' lang='lat' dir='ltr'><strong>quae</strong></span> <span class='ocrx_word' id='word_1_276' title='bbox 614 4082 758 4168; x_wconf 86' lang='lat' dir='ltr'><strong>spoliato</strong></span> <span class='ocrx_word' id='word_1_277' title='bbox 781 4084 945 4168; x_wconf 91' lang='lat' dir='ltr'><strong>competit</strong></span> <span class='ocrx_word' id='word_1_278' title='bbox 957 4082 1123 4148; x_wconf 79' lang='lat' dir='ltr'><strong>adversus</strong></span> <span class='ocrx_word' id='word_1_279' title='bbox 1139 4097 1219 4144; x_wconf 89' lang='lat' dir='ltr'><strong>eum</strong></span> <span class='ocrx_word' id='word_1_280' title='bbox 1238 4080 1295 4164; x_wconf 88' lang='lat' dir='ltr'><strong>qui</strong></span> <span class='ocrx_word' id='word_1_281' title='bbox 1315 4098 1390 4143; x_wconf 88' lang='lat' dir='ltr'><strong>rem</strong></span> 
     </span>
     <span class='ocr_line' id='line_1_34' title="bbox 209 4185 1391 4277; baseline 0 -26"><span class='ocrx_word' id='word_1_282' title='bbox 209 4205 273 4270; x_wconf 91' lang='lat' dir='ltr'><strong>per</strong></span> <span class='ocrx_word' id='word_1_283' title='bbox 286 4185 358 4252; x_wconf 88' lang='lat' dir='ltr'><strong>vim</strong></span> <span class='ocrx_word' id='word_1_284' title='bbox 371 4189 536 4272; x_wconf 85' lang='lat' dir='ltr'><strong>injustam</strong></span> <span class='ocrx_word' id='word_1_285' title='bbox 550 4193 593 4256; x_wconf 90' lang='lat' dir='ltr'><strong>ab</strong></span> <span class='ocrx_word' id='word_1_286' title='bbox 607 4191 674 4256; x_wconf 85' lang='lat' dir='ltr'><strong>aiio</strong></span> <span class='ocrx_word' id='word_1_287' title='bbox 689 4198 842 4277; x_wconf 88' lang='lat' dir='ltr'><strong>ereptam</strong></span> <span class='ocrx_word' id='word_1_288' title='bbox 859 4191 968 4267; x_wconf 88' lang='lat' dir='ltr'><strong>alteri,</strong></span> <span class='ocrx_word' id='word_1_289' title='bbox 993 4191 1141 4255; x_wconf 89' lang='lat' dir='ltr'><strong>scienter</strong></span> <span class='ocrx_word' id='word_1_290' title='bbox 1164 4192 1199 4253; x_wconf 90' lang='lat' dir='ltr'><strong>et</strong></span> <span class='ocrx_word' id='word_1_291' title='bbox 1211 4188 1303 4252; x_wconf 90' lang='lat' dir='ltr'><strong>mala</strong></span> <span class='ocrx_word' id='word_1_292' title='bbox 1322 4189 1391 4252; x_wconf 87' lang='lat' dir='ltr'><strong>tide</strong></span> 
     </span>
     <span class='ocr_line' id='line_1_35' title="bbox 208 4276 1393 4384; baseline 0 -24"><span class='ocrx_word' id='word_1_293' title='bbox 208 4295 357 4378; x_wconf 87' lang='lat' dir='ltr'><strong>accepit:</strong></span> <span class='ocrx_word' id='word_1_294' title='bbox 373 4295 517 4380; x_wconf 86' lang='lat' dir='ltr'><strong>spoliato</strong></span> <span class='ocrx_word' id='word_1_295' title='bbox 526 4300 699 4384; x_wconf 89' lang='lat' dir='ltr'><strong>competit,</strong></span> <span class='ocrx_word' id='word_1_296' title='bbox 709 4317 780 4366; x_wconf 92' lang='lat' dir='ltr'><strong>non</strong></span> <span class='ocrx_word' id='word_1_297' title='bbox 789 4300 925 4384; x_wconf 88' lang='lat' dir='ltr'><strong>proprie</strong></span> <span class='ocrx_word' id='word_1_298' title='bbox 935 4298 1154 4363; x_wconf 85' lang='lat' dir='ltr'><strong>interdictum</strong></span> <span class='ocrx_word' id='word_1_299' title='bbox 1169 4293 1259 4360; x_wconf 82' lang='lat' dir='ltr'><strong>unde</strong></span> <span class='ocrx_word' id='word_1_300' title='bbox 1272 4297 1317 4372; x_wconf 81' lang='lat' dir='ltr'><strong>ci,</strong></span> <span class='ocrx_word' id='word_1_301' title='bbox 1332 4276 1393 4360; x_wconf 69' lang='lat' dir='ltr'><strong>sed&#39;</strong></span> 
     </span>
     <span class='ocr_line' id='line_1_36' title="bbox 208 4395 1392 4482; baseline 0.001 -15"><span class='ocrx_word' id='word_1_302' title='bbox 208 4395 389 4482; x_wconf 82' lang='lat' dir='ltr'><strong>condictio,</strong></span> <span class='ocrx_word' id='word_1_303' title='bbox 407 4423 449 4470; x_wconf 85' lang='lat' dir='ltr'><strong>ex</strong></span> <span class='ocrx_word' id='word_1_304' title='bbox 464 4406 591 4472; x_wconf 79' lang='grc'><strong>(1.1811.</strong></span> <span class='ocrx_word' id='word_1_305' title='bbox 609 4413 633 4472; x_wconf 87' lang='lat' dir='ltr'><strong>t.</strong></span> <span class='ocrx_word' id='word_1_306' title='bbox 652 4407 730 4473; x_wconf 84' lang='lat' dir='ltr'><strong>Haec</strong></span> <span class='ocrx_word' id='word_1_307' title='bbox 740 4406 935 4472; x_wconf 83' lang='lat' dir='ltr'><strong>introducta</strong></span> <span class='ocrx_word' id='word_1_308' title='bbox 949 4411 1003 4472; x_wconf 89' lang='lat' dir='ltr'><strong>cst</strong></span> <span class='ocrx_word' id='word_1_309' title='bbox 1011 4407 1053 4471; x_wconf 86' lang='lat' dir='ltr'><strong>ab</strong></span> <span class='ocrx_word' id='word_1_310' title='bbox 1064 4405 1179 4470; x_wconf 88' lang='lat' dir='ltr'><strong>innoc.</strong></span> <span class='ocrx_word' id='word_1_311' title='bbox 1191 4402 1246 4480; x_wconf 89' lang='lat'>111,</span> <span class='ocrx_word' id='word_1_312' title='bbox 1262 4407 1335 4468; x_wconf 90' lang='lat' dir='ltr'><strong>tum</strong></span> <span class='ocrx_word' id='word_1_313' title='bbox 1349 4404 1392 4468; x_wconf 89' lang='lat' dir='ltr'><strong>ad</strong></span> 
     </span>
     <span class='ocr_line' id='line_1_37' title="bbox 209 4511 1393 4599; baseline 0.003 -25"><span class='ocrx_word' id='word_1_314' title='bbox 209 4513 471 4594; x_wconf 85' lang='lat' dir='ltr'><strong>temperandum</strong></span> <span class='ocrx_word' id='word_1_315' title='bbox 491 4515 643 4598; x_wconf 77' lang='lat' dir='ltr'><strong>rigorem</strong></span> <span class='ocrx_word' id='word_1_316' title='bbox 663 4515 752 4599; x_wconf 78' lang='lat' dir='ltr'><strong>Juris</strong></span> <span class='ocrx_word' id='word_1_317' title='bbox 775 4515 895 4590; x_wconf 86' lang='lat' dir='ltr'><strong>civilis,</strong></span> <span class='ocrx_word' id='word_1_318' title='bbox 914 4517 1016 4598; x_wconf 85' lang='lat' dir='ltr'><strong>juxta</strong></span> <span class='ocrx_word' id='word_1_319' title='bbox 1031 4512 1125 4598; x_wconf 88' lang='lat' dir='ltr'><strong>quod</strong></span> <span class='ocrx_word' id='word_1_320' title='bbox 1148 4511 1240 4577; x_wconf 88' lang='lat' dir='ltr'><strong>aliud</strong></span> <span class='ocrx_word' id='word_1_321' title='bbox 1254 4512 1302 4577; x_wconf 84' lang='lat' dir='ltr'><strong>ita</strong></span> <span class='ocrx_word' id='word_1_322' title='bbox 1316 4530 1393 4596; x_wconf 76' lang='lat' dir='ltr'><strong>spo</strong></span> 
     </span>
     <span class='ocr_line' id='line_1_38' title="bbox 206 4617 1393 4706; baseline 0.002 -25"><span class='ocrx_word' id='word_1_323' title='bbox 206 4617 291 4684; x_wconf 82' lang='lat' dir='ltr'><strong>licto</strong></span> <span class='ocrx_word' id='word_1_324' title='bbox 305 4637 376 4685; x_wconf 91' lang='lat' dir='ltr'><strong>non</strong></span> <span class='ocrx_word' id='word_1_325' title='bbox 397 4627 576 4704; x_wconf 86' lang='lat' dir='ltr'><strong>supererat</strong></span> <span class='ocrx_word' id='word_1_326' title='bbox 596 4623 800 4699; x_wconf 87' lang='lat' dir='ltr'><strong>remedium,</strong></span> <span class='ocrx_word' id='word_1_327' title='bbox 822 4623 888 4687; x_wconf 88' lang='lat' dir='ltr'><strong>nisi</strong></span> <span class='ocrx_word' id='word_1_328' title='bbox 902 4623 990 4688; x_wconf 89' lang='lat' dir='ltr'><strong>actio</strong></span> <span class='ocrx_word' id='word_1_329' title='bbox 1018 4623 1054 4686; x_wconf 92' lang='lat' dir='ltr'><strong>in</strong></span> <span class='ocrx_word' id='word_1_330' title='bbox 1075 4619 1245 4706; x_wconf 90' lang='lat' dir='ltr'><strong>petitorio,</strong></span> <span class='ocrx_word' id='word_1_331' title='bbox 1261 4625 1336 4684; x_wconf 90' lang='lat' dir='ltr'><strong>tum</strong></span> <span class='ocrx_word' id='word_1_332' title='bbox 1348 4618 1393 4684; x_wconf 87' lang='lat' dir='ltr'><strong>ad</strong></span> 
     </span>
     <span class='ocr_line' id='line_1_39' title="bbox 209 4723 1291 4814; baseline 0.002 -27"><span class='ocrx_word' id='word_1_333' title='bbox 209 4723 398 4810; x_wconf 86' lang='lat' dir='ltr'><strong>tollepdum</strong></span> <span class='ocrx_word' id='word_1_334' title='bbox 413 4732 590 4812; x_wconf 88' lang='lat' dir='ltr'><strong>peccatum</strong></span> <span class='ocrx_word' id='word_1_335' title='bbox 604 4731 780 4814; x_wconf 77' lang='lat' dir='ltr'><strong>inJustitiae</strong></span> <span class='ocrx_word' id='word_1_336' title='bbox 796 4749 839 4795; x_wconf 88' lang='lat' dir='ltr'><strong>ex</strong></span> <span class='ocrx_word' id='word_1_337' title='bbox 852 4730 1071 4812; x_wconf 84' lang='lat' dir='ltr'><strong>possessione</strong></span> <span class='ocrx_word' id='word_1_338' title='bbox 1085 4727 1185 4794; x_wconf 83' lang='lat' dir='ltr'><strong>malae</strong></span> <span class='ocrx_word' id='word_1_339' title='bbox 1199 4727 1291 4792; x_wconf 88' lang='lat' dir='ltr'><strong>fidei.</strong></span> 
     </span>
    </p>
   </div>
   <div class='ocr_carea' id='block_1_5' title="bbox 0 0 1748 5564">
    <p class='ocr_par' dir='ltr' id='par_1_11' title="bbox 0 0 1748 5564">
     <span class='ocr_line' id='line_1_40' title="bbox 0 0 1748 5564; baseline 0 1"><span class='ocrx_word' id='word_1_340' title='bbox 0 0 1748 5564; x_wconf 95' lang='lat' dir='ltr'><strong> </strong></span> 
     </span>
    </p>
   </div>
  </div>
 </body>
</html>
