3488 5564
535 631 621 678 uuna
643 629 794 694 succubus
815 631 1033 678 onccnmuou.
1333 617 1372 682 23

197 773 270 817 esse
287 753 323 816 in
338 753 438 834 cujus
452 747 831 834 parochiasponsusvel
847 767 973 832 sponsa
987 750 1196 816 domicilium
1207 753 1372 818 habotvel

195 857 301 954 quasi.
316 887 333 921 o
349 863 397 929 De
409 861 472 926 hac
486 861 673 944 questione
685 861 794 942 fusius
808 863 842 926 in
855 861 895 924 lV
909 861 995 926 libro
1005 879 1159 944 agemus.

365 1103 434 1179 §ll
454 1103 494 1164 De
509 1103 579 1164 crte
598 1103 693 1163 modis
713 1101 861 1163 sortiendi
880 1104 982 1176 sorum
1001 1105 1202 1164 ordinarium.

237 1298 261 1361 l.
277 1299 327 1362 De
343 1304 526 1362 contrecto.

236 1407 269 1488 α)
289 1407 495 1490 Principium
509 1402 679 1486 generale.
699 1406 847 1488 Quisque
870 1406 905 1470 in
930 1424 971 1470 eo
993 1405 1068 1471 loco
1084 1405 1142 1469 ubi
1156 1407 1374 1482 contraxerit,

195 1517 300 1580 etiam
315 1515 455 1580 sortitur
467 1517 591 1591 sorum,
608 1520 647 1579 ut
657 1520 791 1580 constat
801 1533 963 1598 expressa
973 1515 1149 1598 utriusque
1162 1517 1249 1596 juris
1269 1513 1375 1580 decla-

195 1625 340 1688 ratione.
357 1623 454 1688 Ratio
470 1629 521 1688 est
536 1629 609 1690 tum
630 1625 710 1707 quia
728 1625 792 1688 hcc
807 1624 910 1688 modo
931 1623 1054 1688 melius
1069 1621 1259 1688 consulitur
1271 1625 1376 1689 credi-

194 1735 338 1810 toribus,
357 1736 414 1818 qui
438 1736 628 1818 sumptibus
643 1754 712 1800 non
727 1739 914 1817 gravantur
929 1735 964 1798 in
979 1734 1137 1810 adeundo
1152 1738 1270 1798 contra
1285 1734 1376 1798 debi-

194 1847 288 1906 tores
315 1842 429 1926 judice
458 1842 628 1919 domicilii,
657 1847 730 1906 tum
756 1823 836 1926 quia
864 1841 989 1908 melius
1018 1845 1175 1908 constare
1202 1845 1315 1924 potest
1333 1841 1374 1906 de

193 1955 371 2014 contractu
388 1953 422 2013 et
436 1952 510 2033 ejus
527 1949 809 2015 solemnitatibus.

235 2057 315 2121 llaec
331 2057 511 2122 declaratio
526 2057 695 2138 generalis
707 2057 859 2142 procedit
873 2059 977 2123 etiam
993 2079 999 2120 :

237 2167 270 2229 1⁰
281 2166 329 2230 De
344 2165 484 2242 clericis,
501 2167 604 2230 modo
630 2165 673 2228 sit
685 2167 793 2248 juder
808 2165 1055 2230 ecclesiasticus
1069 2181 1185 2230 coram
1201 2184 1267 2249 quo
1282 2165 1375 2230 cleri-

193 2291 256 2338 cus
271 2275 474 2339 convenitur
483 2274 613 2338 ratione
627 2278 820 2339 contractus
830 2295 837 2350 ;
849 2293 929 2338 nam
939 2275 1019 2338 licet
1028 2273 1170 2338 clericus
1185 2291 1255 2340 nou
1269 2272 1377 2356 possit
1463 2296 1469 2304 ·

194 2401 358 2464 expresse
384 2383 455 2446 sine
478 2382 615 2446 licentia
640 2383 767 2464 proprii
800 2382 947 2465 episcopi
966 2400 1151 2464 prorogare
1175 2381 1209 2446 in
1226 2399 1262 2445 se
1275 2381 1375 2462 jun's-

195 2489 381 2554 dictionem
397 2490 535 2554 alterius
553 2490 712 2572 episcopi,
726 2495 840 2572 potest
854 2495 969 2554 tamen
984 2491 1082 2554 tacite
1098 2508 1141 2553 ex
1156 2488 1375 2571 dispositione

191 2599 292 2679 juris,
309 2599 440 2662 ratione
453 2601 646 2662 contractus
663 2597 701 2678 (c.
720 2599 757 2660 ll
770 2597 802 2660 h.
823 2599 868 2678 t).

235 2706 269 2768 Ψ
283 2705 368 2788 ltem
383 2705 424 2770 de
440 2706 479 2769 iis
495 2706 553 2789 qui
566 2706 693 2770 habent
709 2704 927 2788 privilegium
946 2725 988 2768 ne
1006 2703 1256 2770 conveniantur
1267 2705 1332 2768 nisi
1342 2703 1376 2768 iu

194 2817 289 2878 certo
305 2813 391 2890 loco,
407 2833 438 2876 v.
455 2833 488 2893 g.
503 2813 578 2877 loco
595 2811 772 2876 domicilii:
786 2814 1091 2895 constatexcspite
1108 2813 1146 2875 17
1157 2813 1261 2894 hujus
1273 2811 1372 2874 tituli.

194 2922 280 2986 Nam
297 2921 529 2986 contrahendo
555 2923 713 2984 consetur
727 2919 903 3002 privilegio
919 2920 1133 2984 renuntiasse
1150 2923 1235 2983 etse
1251 2919 1376 2984 submi·

196 3031 282 3094 sisse
294 3029 400 3113 judici
414 3029 504 3092 illius
518 3029 596 3093 loci.

236 3139 268 3200 3⁰
287 3136 396 3201 Etiam
414 3136 455 3200 de
475 3137 674 3220 peregrinis,
700 3135 820 3201 saltem
840 3136 868 3199 si
888 3137 923 3200 in
937 3136 1012 3200 loco
1031 3139 1225 3200 contractus
1247 3151 1375 3199 moram

195 3245 346 3330 aliquam
367 3245 511 3322 trahant,
538 3245 616 3328 quia
636 3248 717 3308 tunc
740 3244 840 3308 tacite
861 3249 1045 3310 censentur
1061 3243 1258 3327 promisisse
1274 3262 1310 3307 se
1330 3243 1376 3309 ibi

139 3399 142 3403 -
196 3354 381 3419 soluturos.
399 3352 514 3432 Secus,
532 3353 559 3416 si
575 3353 690 3418 stetim
705 3357 821 3416 essent
832 3353 1010 3428 recessuri,
1024 3371 1085 3416 seu
1095 3353 1131 3414 in
1144 3352 1287 3416 transitu
1303 3356 1377 3416 tan-

197 3467 271 3525 tum
296 3465 421 3537 essent,
437 3461 501 3524 nisi
517 3461 662 3544 suspicio
679 3460 723 3524 sit
736 3459 777 3524 de
792 3461 874 3540 fuga
891 3458 946 3523 vel
961 3479 1001 3524 ea
1016 3461 1059 3523 sit
1072 3459 1137 3524 loci
1150 3460 1373 3524 consuetudo.

195 3571 293 3637 Ratio
308 3590 383 3655 quae
399 3571 498 3635 datur
512 3573 614 3654 ajuro
629 3571 782 3634 Romano
797 3569 935 3653 estquis
948 3569 1049 3634 nimis
1065 3569 1188 3633 durum
1198 3570 1287 3633 foret
1301 3568 1375 3652 quis

195 3681 232 3744 in
247 3686 297 3746 tot
309 3681 394 3746 locis
409 3680 531 3744 debere
546 3699 582 3744 se
594 3680 786 3755 defendere,
805 3684 887 3762 quot
903 3681 1108 3745 iterfaciens
1124 3679 1253 3745 transit.

236 3791 268 3854 4⁰
283 3791 373 3856 Reus
385 3809 536 3874 praesens
556 3789 758 3871 regulariter
771 3783 947 3856 conveniri
962 3795 1076 3874 potest
1091 3791 1125 3854 in
1135 3791 1210 3856 loco
1224 3777 1375 3857 contrec-

198 3907 265 3976 tas,
285 3919 356 3964 uon
367 3902 482 3964 autem
497 3897 524 3961 si
538 3899 660 3962 absens
677 3905 743 3976 est;
761 3900 888 3964 etenim
898 3919 978 3964 reus
993 3919 1071 3964 cum
1080 3917 1142 3964 suc
1158 3901 1375 3965 incommodo

196 4028 268 4074 non
283 4013 418 4072 tenetur
432 4007 524 4071 adire
539 4006 652 4071 locum
668 4011 860 4073 contractus
882 4009 920 4090 (c.
938 4010 952 4072 l
968 4009 1000 4072 b.
1019 4013 1041 4071 t.
1059 4008 1095 4072 in
1110 4007 1164 4091 6⁰).
1185 4008 1251 4072 Nec
1265 4009 1376 4074 obstat

196 4117 299 4200 quod,
325 4121 462 4200 petente
483 4115 608 4197 judice,
631 4115 831 4200 delinquens
850 4116 1014 4198 fugitivus
1029 4115 1253 4180 remittendus
1268 4115 1311 4178 sit
1333 4117 1375 4182 ad

195 4223 311 4289 locum
323 4221 435 4287 delicti
451 4243 458 4286 :
475 4241 554 4287 nam
570 4223 682 4287 deficit
697 4226 833 4306 paritas,
849 4225 928 4309 quia
940 4225 1048 4289 inhoc
1065 4225 1185 4290 ultimo
1201 4225 1375 4290 casuretio

195 4333 279 4398 boni
291 4331 416 4416 publici
439 4331 589 4414 postulat
609 4336 647 4395 ut
665 4331 764 4396 detur
785 4333 982 4416 exemplum
994 4334 1039 4414 in
1059 4333 1133 4418 ipso
1147 4333 1222 4398 loco
1240 4333 1297 4397 ubi
1315 4335 1375 4398 cri-

194 4460 278 4505 men
292 4445 463 4524 patratum
481 4443 542 4504 est.

238 4549 268 4630 b)
285 4547 477 4628 Orraerr'tur:
492 4548 701 4630 erth‘rrder
710 4551 816 4632 possit
832 4551 866 4612 r'o
881 4568 958 4612 eum
970 4550 1030 4633 pot
1050 4549 1085 4612 r'rr
1104 4549 1173 4613 loco
1187 4557 1375 4614 contractus
1483 4544 1485 4554 '

198 4657 495 4720 corrrectreturt-
503 4656 603 4739 Resp.
619 4657 649 4720 1⁰
661 4657 693 4720 Si
704 4675 783 4722 reus
796 4657 829 4720 in
844 4656 918 4721 loeo
933 4662 995 4732 est,
1008 4656 1225 4740 potestillum
1235 4655 1376 4722 verbali-

201 4769 252 4828 ter
264 4764 380 4842 cilare,
400 4769 433 4830 et
448 4766 476 4831 si
490 4765 736 4833 contumaciter
744 4763 840 4842 absit,
853 4765 955 4831 etiam
970 4783 1090 4852 capere
1107 4770 1141 4831 et
1155 4765 1373 4831 incarcerare.
