3510 5574
565 559 650 606 urens
672 545 797 606 ratenus
819 555 1041 604 nsrurrunnu.
1332 543 1391 605 ere

215 684 327 744 tamen
338 678 447 742 innoc
458 677 660 760 plerumque
674 675 863 740 attenditur
872 663 1113 740 consuetudini
1126 678 1161 737 et
1172 676 1307 739 statutis
1318 693 1393 758 par-

213 785 408 850 ticularibus
422 785 590 868 cujusque
602 783 753 848 ecolesiae
764 783 856 866 (Vide
870 782 918 846 De
932 780 1083 862 Angelis,
1097 781 1131 844 h.
1146 787 1170 843 t.
1183 801 1216 846 n.
1233 781 1295 862 ii).
1310 781 1393 847 Nam

212 891 334 958 eiicuhi
360 891 515 957 canonici
544 891 727 956 conterunt
750 887 910 970 eligendo
940 888 1150 972 conjunctim
1179 907 1241 952 seu
1265 889 1393 972 capitu-

210 997 342 1077 lariter;
363 999 438 1066 aliis
461 1000 497 1064 in
521 997 615 1075 locis,
630 1015 693 1082 per
711 998 852 1062 turnum
875 1015 937 1061 seu
960 995 1135 1092 circulum,
1152 997 1201 1061 ita
1214 1001 1253 1060 nt
1268 994 1393 1078 singuli

211 1109 365 1174 canonici
388 1100 582 1175 'alternatim
603 1109 781 1174 conterant
801 1107 838 1170 in
861 1107 962 1172 certis
986 1106 1178 1182 mensibus
1205 1106 1288 1170 item
1315 1107 1392 1188 jure

212 1218 392 1301 singulari,
411 1219 493 1283 dum
514 1221 572 1302 jus
594 1217 794 1283 conferendi
817 1222 870 1282 est
893 1215 1067 1282 adnexum
1091 1214 1191 1280 aiioui
1218 1215 1390 1296 dignitati,
1429 1247 1431 1250 ·

212 1347 245 1391 v.
258 1345 291 1408 g.
309 1325 500 1392 decanatui.
517 1327 556 1390 In
571 1325 685 1403 Gallis,
697 1325 946 1393 consuetudine
960 1325 1147 1390 universati
1160 1323 1394 1389 introductum

213 1441 326 1500 estut
350 1435 443 1502 solus
470 1435 666 1520 episcopus,
688 1454 758 1501 non
784 1435 949 1521 requisito
972 1452 1143 1500 consensu
1168 1436 1227 1498 aut
1252 1429 1394 1498 consilio

212 1545 689 1629 capituii‚conieratcanonias
698 1549 732 1610 et
741 1541 1133 1628 dignitates-Quando
1141 1539 1395 1624 collatio,juxts

209 1651 267 1732 jus
279 1667 474 1725 commune,
490 1649 640 1731 pertinet
652 1646 756 1711 simul
769 1646 812 1712 ad
826 1647 1025 1732 episcopum
1040 1651 1075 1710 et
1088 1644 1287 1729 capitulum,
1304 1661 1394 1723 rnor-

213 1763 272 1822 tuo
291 1757 451 1841 episcopo
469 1754 527 1820 vel
546 1774 609 1839 per
628 1773 811 1824 censuram
832 1756 1012 1840 impedito,
1033 1753 1220 1838 capitulum
1245 1754 1392 1826 contert3

212 1867 306 1942 item,
330 1881 499 1949 suspenso
523 1863 683 1946 capitulo,
704 1847 837 1929 confert
858 1864 1050 1947 episeopus.
1066 1863 1153 1940 Quid
1175 1861 1284 1945 possit
1306 1861 1396 1924 vieo-

212 1975 283 2038 rius
306 1973 477 2056 generalis
500 1971 662 2054 episcopi,
679 1971 808 2036 dictum
829 1977 882 2036 est
904 1972 1062 2036 antesin
1083 1969 1170 2034 libro
1186 1969 1198 2031 1
1214 1969 1256 2032 de
1272 1967 1394 2050 Officio

211 2084 339 2146 vicarii.

253 2192 286 2274 d)
304 2193 450 2273 Legatos
475 2193 634 2270 sistere,
651 2191 717 2256 nisi
741 2208 804 2273 per
830 2188 1036 2254 concordate
1060 2187 1279 2271 impediatur,
1301 2191 1337 2252 ut
1360 2185 1394 2249 in

213 2297 328 2376 Gallia,
345 2301 381 2364 in
399 2300 580 2366 collatione
597 2299 844 2364 beneficiorum
854 2297 1026 2362 concurrit
1039 2313 1118 2361 cunr
1133 2293 1323 2372 ordinariis,
1349 2297 1396 2360 ita

213 2411 252 2470 ut
267 2404 364 2472 locus
384 2409 428 2472 sit
445 2407 672 2492 praeventioni
686 2407 727 2489 (c.
744 2406 830 2470 3111.
848 2411 872 2468 t.
888 2405 925 2470 in
943 2406 1000 2488 6⁰).
1017 2403 1212 2470 Gordinales
1233 2423 1277 2468 en
1293 2404 1395 2488 privi-

216 2513 307 2597 legio
329 2522 364 2582 et
380 2515 525 2583 limitate
549 2517 733 2583 conserunt
752 2514 919 2580 beneficia
939 2531 1080 2580 suorum
1104 2513 1298 2590 titulorum
1316 2531 1395 2578 onnr

214 2625 345 2708 dejure
363 2624 440 2690 talis
457 2625 594 2692 collatio
609 2629 740 2709 spectet
753 2623 797 2690 ad
811 2623 993 2690 Summum
1009 2622 1219 2700 Pontificem,
1238 2627 1278 2688 ut
1298 2623 1395 2687 Urbis

214 2731 428 2816 episcopum,
449 2735 488 2796 tit
509 2738 547 2797 ut
559 2731 698 2798 nonnisi
716 2749 759 2796 ex
774 2729 912 2815 speciali
924 2731 1103 2814 privilegio
1119 2731 1154 2796 id
1171 2729 1304 2814 possint
1322 2749 1394 2796 car-

214 2839 354 2906 dineies.

253 2948 352 3027 Laici,
365 2948 498 3018 secluso
511 2949 649 3034 speciali
663 2949 774 3034 privil.
787 2955 909 3033 apost,
920 2953 1001 3012 sunt
1009 2949 1188 3031 incapaces
1197 2947 1396 3032 possidendi

210 3057 269 3140 jus
285 3057 458 3142 spirituale
475 3079 483 3122 :
500 3065 709 3144 quapropter
724 3077 767 3124 ex
781 3057 875 3124 nulla
888 3057 1136 3124 consuetudine
1151 3057 1208 3124 vel
1221 3059 1396 3142 praesorip-

214 3167 306 3232 tione
321 3168 476 3234 conterre
488 3173 635 3251 possunt
648 3169 824 3234 beneficis.
1111 3163 1114 3171 ’

542 3361 573 3412 n.
590 3359 640 3412 cui
654 3359 776 3414 conferri
791 3360 902 3424 possint
915 3359 1071 3414 beneficiat

257 3493 290 3577 o)
318 3493 524 3573 Generatim,
554 3495 760 3561 heneficium
780 3497 928 3561 conferri
954 3501 1068 3579 potest
1103 3494 1226 3559 clerico
1260 3493 1398 3558 cuilibet
1455 3491 1461 3512 '

214 3603 354 3668 habenti
378 3603 557 3687 qualitates
578 3622 599 3669 a
620 3605 724 3670 sacris
743 3606 931 3671 canonibus
952 3605 1178 3688 prescriptos,
1195 3603 1243 3666 ite
1263 3606 1301 3666 ut
1317 3617 1396 3666 eum

214 3710 433 3776 commendet
452 3713 561 3778 zetam
586 3713 781 3790 maturitas,
803 3715 954 3796 gravitas
974 3729 1126 3787 morum,
1149 3715 1185 3775 et
1206 3707 1396 3774 litterarum

216 3819 358 3884 scientia
379 3819 419 3901 (c.
434 3820 452 3882 7
468 3819 509 3883 de
523 3818 630 3883 Elect.
648 3826 683 3884 et
697 3839 770 3885 can.
788 3821 819 3895 5,
836 3818 977 3902 disquis.
993 3819 1046 3882 tc·
1057 3819 1078 3902 t,
1094 3818 1152 3882 nbi
1174 3817 1260 3882 ratio
1284 3813 1396 3880 reddi-

217 3932 292 3990 tur:
307 3924 432 3992 melius
447 3932 501 3992 est
519 3927 678 4010 episcopo
692 3945 822 4010 paucos
842 3927 968 3991 habere
990 3926 1166 3990 ministros
1188 3925 1246 4008 qui
1265 3923 1399 4006 possint

216 4033 318 4115 digne
334 4051 421 4118 opus
434 4033 495 4099 Dei
509 4051 679 4110 exercere,
698 4053 802 4118 quarn
816 4033 944 4098 multos
959 4033 1097 4098 inutiles
1113 4034 1171 4117 qui
1189 4049 1278 4096 onus
1293 4048 1397 4111 grave

216 4140 403 4207 ordinatori
416 4141 587 4208 adducant
596 4145 635 4225 (o.
646 4145 688 4225 a).
700 4142 777 4208 lstae
788 4143 970 4227 qualitates
982 4147 1085 4208 antea
1095 4144 1304 4207 enumeratae
1318 4143 1399 4202 sunt

216 4251 252 4314 in
265 4249 315 4312 tit.
332 4249 373 4314 de
388 4249 489 4330 Quot.
501 4250 747 4334 etipeodorum.

256 4362 286 4445 b)
300 4361 394 4426 Girea
411 4361 555 4426 modurn
574 4362 801 4445 promovendi
822 4362 866 4428 sd
886 4361 1047 4428 ecelesias
1061 4353 1282 4444 parochiales,
1300 4353 1399 4440 plura

217 4476 297 4533 sunt
318 4468 479 4535 notanda.
496 4469 581 4534 Nam
604 4471 699 4552 viget
720 4468 778 4534 lex
798 4488 997 4546 concursus,
1012 4473 1051 4532 ut
1073 4471 1272 4533 constater
1294 4465 1396 4542 iisd,

216 4595 301 4642 sess.
317 4579 368 4654 tt,
384 4595 413 4642 o.
430 4579 480 4652 18,
502 4577 544 4640 de
555 4577 631 4660 Res.
638 4595 652 4658 ;
664 4576 723 4642 Pio
737 4577 775 4657 it,
789 4579 825 4642 in
839 4583 948 4644 const.
964 4578 1007 4642 In
1021 4574 1252 4658 conserendis
1266 4572 1339 4636 lun.
1356 4571 1399 4634 xl

216 4685 359 4750 etssiem.
370 4685 734 4768 Viperediotaiiongr.
744 4687 856 4758 Cone..
868 4687 1006 4752 tandem
1013 4683 1138 4748 Bened.
1149 4683 1229 4758 xlv,
1242 4684 1395 4745 inconst.
