<?xml version="1.0" encoding="UTF-8"?>
<!DOCTYPE html PUBLIC "-//W3C//DTD XHTML 1.0 Transitional//EN"
    "http://www.w3.org/TR/xhtml1/DTD/xhtml1-transitional.dtd">
<html xmlns="http://www.w3.org/1999/xhtml" xml:lang="en" lang="en">
 <head>
  <title>
</title>
<meta http-equiv="Content-Type" content="text/html;charset=utf-8" />
  <meta name='ocr-system' content='tesseract 3.04.00' />
  <meta name='ocr-capabilities' content='ocr_page ocr_carea ocr_par ocr_line ocrx_word'/>
</head>
<body>
  <div class='ocr_page' id='page_1' title='image "./juscanonicumjux00grangoog_0281.png"; bbox 0 0 3510 5574; ppageno 0'>
   <div class='ocr_carea' id='block_1_1' title="bbox 560 527 1387 592">
    <p class='ocr_par' dir='ltr' id='par_1_1' title="bbox 560 527 1387 592">
     <span class='ocr_line' id='line_1_1' title="bbox 560 527 1387 592; baseline 0.008 -7"><span class='ocrx_word' id='word_1_1' title='bbox 560 539 647 586; x_wconf 83' lang='lat' dir='ltr'><strong>unnn</strong></span> <span class='ocrx_word' id='word_1_2' title='bbox 668 537 792 586; x_wconf 81' lang='lat' dir='ltr'><strong>nannius</strong></span> <span class='ocrx_word' id='word_1_3' title='bbox 814 541 1033 588; x_wconf 82' lang='lat' dir='ltr'><strong>nacnnmuun.</strong></span> <span class='ocrx_word' id='word_1_4' title='bbox 1222 575 1225 582; x_wconf 90' lang='lat'><em>.</em></span> <span class='ocrx_word' id='word_1_5' title='bbox 1328 527 1387 592; x_wconf 75' lang='lat' dir='ltr'><strong>aee</strong></span> 
     </span>
    </p>
   </div>
   <div class='ocr_carea' id='block_1_2' title="bbox 205 656 1389 1174">
    <p class='ocr_par' dir='ltr' id='par_1_2' title="bbox 205 656 1389 1174">
     <span class='ocr_line' id='line_1_2' title="bbox 207 656 1386 754; baseline 0.006 -35"><span class='ocrx_word' id='word_1_6' title='bbox 207 657 353 721; x_wconf 90' lang='lat' dir='ltr'><strong>minium</strong></span> <span class='ocrx_word' id='word_1_7' title='bbox 384 656 551 739; x_wconf 84' lang='lat' dir='ltr'><strong>legatarii,</strong></span> <span class='ocrx_word' id='word_1_8' title='bbox 583 659 650 722; x_wconf 90' lang='lat' dir='ltr'><strong>nisi</strong></span> <span class='ocrx_word' id='word_1_9' title='bbox 672 661 735 723; x_wconf 89' lang='lat' dir='ltr'><strong>snb</strong></span> <span class='ocrx_word' id='word_1_10' title='bbox 758 661 953 754; x_wconf 87' lang='lat' dir='ltr'><strong>conditione</strong></span> <span class='ocrx_word' id='word_1_11' title='bbox 979 659 1070 744; x_wconf 92' lang='lat' dir='ltr'><strong>quod</strong></span> <span class='ocrx_word' id='word_1_12' title='bbox 1098 660 1283 742; x_wconf 83' lang='lat' dir='ltr'><strong>legatarius</strong></span> <span class='ocrx_word' id='word_1_13' title='bbox 1305 663 1386 728; x_wconf 86' lang='lat' dir='ltr'><strong>illud</strong></span> 
     </span>
     <span class='ocr_line' id='line_1_3' title="bbox 207 765 1389 852; baseline 0.007 -25"><span class='ocrx_word' id='word_1_14' title='bbox 207 765 443 847; x_wconf 75' lang='lat' dir='ltr'>acceptaverit.</span> <span class='ocrx_word' id='word_1_15' title='bbox 469 765 605 844; x_wconf 87' lang='lat' dir='ltr'><strong>Verum,</strong></span> <span class='ocrx_word' id='word_1_16' title='bbox 626 769 726 850; x_wconf 84' lang='lat' dir='ltr'><strong>juxta</strong></span> <span class='ocrx_word' id='word_1_17' title='bbox 743 786 875 846; x_wconf 90' lang='lat' dir='ltr'><strong>omnes,</strong></span> <span class='ocrx_word' id='word_1_18' title='bbox 902 767 930 832; x_wconf 91' lang='lat' dir='ltr'><strong>si</strong></span> <span class='ocrx_word' id='word_1_19' title='bbox 951 769 1024 834; x_wconf 87' lang='lat' dir='ltr'><strong>haeo</strong></span> <span class='ocrx_word' id='word_1_20' title='bbox 1047 769 1236 852; x_wconf 89' lang='lat' dir='ltr'><strong>repudiatio</strong></span> <span class='ocrx_word' id='word_1_21' title='bbox 1252 772 1389 836; x_wconf 89' lang='lat' dir='ltr'><strong>flereto</strong></span> 
     </span>
     <span class='ocr_line' id='line_1_4' title="bbox 205 871 1389 962; baseline 0.007 -28"><span class='ocrx_word' id='word_1_22' title='bbox 205 871 346 956; x_wconf 87' lang='lat' dir='ltr'><strong>praelato</strong></span> <span class='ocrx_word' id='word_1_23' title='bbox 361 873 436 938; x_wconf 90' lang='lat' dir='ltr'><strong>sine</strong></span> <span class='ocrx_word' id='word_1_24' title='bbox 449 891 562 951; x_wconf 86' lang='lat' dir='ltr'><strong>eausa,</strong></span> <span class='ocrx_word' id='word_1_25' title='bbox 579 879 671 939; x_wconf 90' lang='lat' dir='ltr'><strong>esset</strong></span> <span class='ocrx_word' id='word_1_26' title='bbox 682 875 810 951; x_wconf 76' lang='lat' dir='ltr'><strong>illicita,</strong></span> <span class='ocrx_word' id='word_1_27' title='bbox 823 881 858 940; x_wconf 92' lang='lat' dir='ltr'><strong>et</strong></span> <span class='ocrx_word' id='word_1_28' title='bbox 871 876 1033 958; x_wconf 73' lang='lat' dir='ltr'><strong>praelatus</strong></span> <span class='ocrx_word' id='word_1_29' title='bbox 1049 897 1111 942; x_wconf 90' lang='lat' dir='ltr'><strong>seu</strong></span> <span class='ocrx_word' id='word_1_30' title='bbox 1126 885 1238 943; x_wconf 89' lang='lat' dir='ltr'><strong>reotor</strong></span> <span class='ocrx_word' id='word_1_31' title='bbox 1251 879 1299 942; x_wconf 86' lang='lat' dir='ltr'><strong>sio</strong></span> <span class='ocrx_word' id='word_1_32' title='bbox 1311 898 1389 962; x_wconf 90' lang='lat' dir='ltr'><strong>peo-</strong></span> 
     </span>
     <span class='ocr_line' id='line_1_5' title="bbox 206 983 1389 1072; baseline 0.007 -29"><span class='ocrx_word' id='word_1_33' title='bbox 206 997 287 1044; x_wconf 90' lang='lat' dir='ltr'><strong>oans</strong></span> <span class='ocrx_word' id='word_1_34' title='bbox 303 985 423 1046; x_wconf 87' lang='lat' dir='ltr'><strong>eontra</strong></span> <span class='ocrx_word' id='word_1_35' title='bbox 436 983 587 1047; x_wconf 88' lang='lat' dir='ltr'><strong>oissoium</strong></span> <span class='ocrx_word' id='word_1_36' title='bbox 598 1002 699 1048; x_wconf 88' lang='lat' dir='ltr'><strong>suum</strong></span> <span class='ocrx_word' id='word_1_37' title='bbox 714 1001 782 1068; x_wconf 83' lang='lat' dir='ltr'><strong>qno</strong></span> <span class='ocrx_word' id='word_1_38' title='bbox 797 984 969 1064; x_wconf 83' lang='lat' dir='ltr'><strong>obligatur</strong></span> <span class='ocrx_word' id='word_1_39' title='bbox 982 985 1112 1048; x_wconf 89' lang='lat' dir='ltr'><strong>bonum</strong></span> <span class='ocrx_word' id='word_1_40' title='bbox 1127 985 1281 1050; x_wconf 71' lang='lat' dir='ltr'><strong>Ecclesiae</strong></span> <span class='ocrx_word' id='word_1_41' title='bbox 1298 1007 1389 1072; x_wconf 69' lang='lat' dir='ltr'><strong>quai-</strong></span> 
     </span>
     <span class='ocr_line' id='line_1_6' title="bbox 207 1091 1113 1174; baseline 0.006 -23"><span class='ocrx_word' id='word_1_42' title='bbox 207 1107 293 1166; x_wconf 89' lang='lat' dir='ltr'><strong>rere,</strong></span> <span class='ocrx_word' id='word_1_43' title='bbox 310 1095 486 1155; x_wconf 90' lang='lat' dir='ltr'><strong>teneretur</strong></span> <span class='ocrx_word' id='word_1_44' title='bbox 499 1091 543 1158; x_wconf 92' lang='lat' dir='ltr'><strong>ad</strong></span> <span class='ocrx_word' id='word_1_45' title='bbox 556 1092 874 1174; x_wconf 79' lang='lat' dir='ltr'><strong>compensationem</strong></span> <span class='ocrx_word' id='word_1_46' title='bbox 889 1092 1006 1158; x_wconf 86' lang='lat' dir='ltr'><strong>damni</strong></span> <span class='ocrx_word' id='word_1_47' title='bbox 1019 1092 1113 1160; x_wconf 89' lang='lat' dir='ltr'><strong>illati.</strong></span> 
     </span>
    </p>
   </div>
   <div class='ocr_carea' id='block_1_3' title="bbox 546 1281 1135 1369">
    <p class='ocr_par' dir='ltr' id='par_1_3' title="bbox 546 1281 1135 1369">
     <span class='ocr_line' id='line_1_7' title="bbox 546 1281 1135 1369; baseline 0.002 -35"><span class='ocrx_word' id='word_1_48' title='bbox 546 1285 577 1360; x_wconf 90' lang='lat' dir='ltr'><strong>li.</strong></span> <span class='ocrx_word' id='word_1_49' title='bbox 594 1285 634 1334; x_wconf 86' lang='lat' dir='ltr'><strong>De</strong></span> <span class='ocrx_word' id='word_1_50' title='bbox 645 1281 731 1347; x_wconf 87' lang='lat' dir='ltr'><strong>justis</strong></span> <span class='ocrx_word' id='word_1_51' title='bbox 745 1282 839 1335; x_wconf 82' lang='lat' dir='ltr'><strong>oensis</strong></span> <span class='ocrx_word' id='word_1_52' title='bbox 853 1282 1043 1336; x_wconf 74' lang='lat' dir='ltr'><strong>alienationis.</strong></span> <span class='ocrx_word' id='word_1_53' title='bbox 1132 1360 1135 1369; x_wconf 23' lang='grc' dir='ltr'>ι</span> 
     </span>
    </p>
   </div>
   <div class='ocr_carea' id='block_1_4' title="bbox 204 1414 1442 4538">
    <p class='ocr_par' dir='ltr' id='par_1_4' title="bbox 204 1414 1391 2784">
     <span class='ocr_line' id='line_1_8' title="bbox 246 1414 1389 1501; baseline 0.003 -21"><span class='ocrx_word' id='word_1_54' title='bbox 246 1414 497 1482; x_wconf 80' lang='lat' dir='ltr'><strong>Enumerantur</strong></span> <span class='ocrx_word' id='word_1_55' title='bbox 519 1421 666 1501; x_wconf 86' lang='lat' dir='ltr'><strong>quatuor</strong></span> <span class='ocrx_word' id='word_1_56' title='bbox 690 1435 802 1482; x_wconf 81' lang='lat' dir='ltr'><strong>oausae</strong></span> <span class='ocrx_word' id='word_1_57' title='bbox 823 1419 926 1499; x_wconf 86' lang='lat' dir='ltr'><strong>justae</strong></span> <span class='ocrx_word' id='word_1_58' title='bbox 955 1436 999 1480; x_wconf 86' lang='lat' dir='ltr'><strong>ex</strong></span> <span class='ocrx_word' id='word_1_59' title='bbox 1027 1418 1151 1500; x_wconf 86' lang='lat' dir='ltr'><strong>quibus</strong></span> <span class='ocrx_word' id='word_1_60' title='bbox 1172 1437 1228 1482; x_wconf 91' lang='lat' dir='ltr'><strong>res</strong></span> <span class='ocrx_word' id='word_1_61' title='bbox 1248 1419 1389 1486; x_wconf 82' lang='lat' dir='ltr'><strong>alienari</strong></span> 
     </span>
     <span class='ocr_line' id='line_1_9' title="bbox 206 1525 1388 1610; baseline 0.003 -20"><span class='ocrx_word' id='word_1_62' title='bbox 206 1531 374 1608; x_wconf 92' lang='lat' dir='ltr'><strong>possunt:</strong></span> <span class='ocrx_word' id='word_1_63' title='bbox 391 1528 422 1590; x_wconf 79' lang='lat'><strong>1⁰</strong></span> <span class='ocrx_word' id='word_1_64' title='bbox 440 1526 568 1610; x_wconf 76' lang='lat' dir='ltr'><strong>Urqens</strong></span> <span class='ocrx_word' id='word_1_65' title='bbox 588 1529 767 1592; x_wconf 78' lang='lat' dir='ltr'><strong>necessitas</strong></span> <span class='ocrx_word' id='word_1_66' title='bbox 787 1526 948 1603; x_wconf 72' lang='lat' dir='ltr'><strong>eeclesiae,</strong></span> <span class='ocrx_word' id='word_1_67' title='bbox 971 1529 1025 1591; x_wconf 90' lang='lat' dir='ltr'><strong>oui</strong></span> <span class='ocrx_word' id='word_1_68' title='bbox 1036 1591 1039 1602; x_wconf 67' lang='grc'>,</span> <span class='ocrx_word' id='word_1_69' title='bbox 1050 1525 1116 1591; x_wconf 86' lang='lat' dir='ltr'><strong>alia</strong></span> <span class='ocrx_word' id='word_1_70' title='bbox 1136 1527 1191 1592; x_wconf 87' lang='lat' dir='ltr'><strong>vio</strong></span> <span class='ocrx_word' id='word_1_71' title='bbox 1205 1530 1388 1594; x_wconf 90' lang='lat' dir='ltr'><strong>subvenire</strong></span> 
     </span>
     <span class='ocr_line' id='line_1_10' title="bbox 207 1633 1388 1718; baseline 0.005 -22"><span class='ocrx_word' id='word_1_72' title='bbox 207 1635 326 1718; x_wconf 90' lang='lat' dir='ltr'><strong>nequit</strong></span> <span class='ocrx_word' id='word_1_73' title='bbox 351 1633 525 1715; x_wconf 77' lang='lat' dir='ltr'><strong>(Clement.</strong></span> <span class='ocrx_word' id='word_1_74' title='bbox 543 1637 573 1698; x_wconf 82' lang='lat' dir='ltr'><strong>l·</strong></span> <span class='ocrx_word' id='word_1_75' title='bbox 591 1637 664 1718; x_wconf 87' lang='lat' dir='ltr'><strong>huj.</strong></span> <span class='ocrx_word' id='word_1_76' title='bbox 682 1636 766 1718; x_wconf 89' lang='lat' dir='ltr'><strong>tit.);</strong></span> <span class='ocrx_word' id='word_1_77' title='bbox 783 1655 816 1698; x_wconf 92' lang='lat' dir='ltr'><strong>v.</strong></span> <span class='ocrx_word' id='word_1_78' title='bbox 833 1655 866 1717; x_wconf 79' lang='lat' dir='ltr'><strong>g.</strong></span> <span class='ocrx_word' id='word_1_79' title='bbox 897 1636 925 1699; x_wconf 88' lang='lat' dir='ltr'><strong>si</strong></span> <span class='ocrx_word' id='word_1_80' title='bbox 942 1634 1084 1700; x_wconf 82' lang='lat' dir='ltr'><strong>ecelesia</strong></span> <span class='ocrx_word' id='word_1_81' title='bbox 1098 1637 1143 1700; x_wconf 89' lang='lat' dir='ltr'><strong>sit</strong></span> <span class='ocrx_word' id='word_1_82' title='bbox 1160 1643 1302 1718; x_wconf 79' lang='lat' dir='ltr'><strong>gravata</strong></span> <span class='ocrx_word' id='word_1_83' title='bbox 1322 1657 1388 1702; x_wconf 67' lang='lat' dir='ltr'><strong>aare</strong></span> 
     </span>
     <span class='ocr_line' id='line_1_11' title="bbox 207 1741 1391 1828; baseline 0.003 -22"><span class='ocrx_word' id='word_1_84' title='bbox 207 1741 329 1819; x_wconf 87' lang='lat' dir='ltr'><strong>alieno,</strong></span> <span class='ocrx_word' id='word_1_85' title='bbox 344 1747 379 1807; x_wconf 92' lang='lat' dir='ltr'><strong>et</strong></span> <span class='ocrx_word' id='word_1_86' title='bbox 391 1743 457 1807; x_wconf 86' lang='lat' dir='ltr'><strong>hoo</strong></span> <span class='ocrx_word' id='word_1_87' title='bbox 470 1743 607 1808; x_wconf 88' lang='lat' dir='ltr'><strong>liberari</strong></span> <span class='ocrx_word' id='word_1_88' title='bbox 620 1749 771 1828; x_wconf 89' lang='lat' dir='ltr'><strong>nequeat</strong></span> <span class='ocrx_word' id='word_1_89' title='bbox 785 1744 850 1808; x_wconf 90' lang='lat' dir='ltr'><strong>nisi</strong></span> <span class='ocrx_word' id='word_1_90' title='bbox 866 1743 1072 1808; x_wconf 82' lang='lat' dir='ltr'><strong>alienatione</strong></span> <span class='ocrx_word' id='word_1_91' title='bbox 1087 1743 1232 1828; x_wconf 81' lang='lat' dir='ltr'><strong>aiicujus</strong></span> <span class='ocrx_word' id='word_1_92' title='bbox 1255 1745 1316 1809; x_wconf 88' lang='lat' dir='ltr'><strong>rei.</strong></span> <span class='ocrx_word' id='word_1_93' title='bbox 1341 1745 1391 1811; x_wconf 89' lang='lat' dir='ltr'><strong>lta</strong></span> 
     </span>
     <span class='ocr_line' id='line_1_12' title="bbox 208 1849 1391 1917; baseline 0.001 -3"><span class='ocrx_word' id='word_1_94' title='bbox 208 1851 432 1916; x_wconf 87' lang='lat' dir='ltr'><strong>etiamsinon</strong></span> <span class='ocrx_word' id='word_1_95' title='bbox 447 1857 563 1916; x_wconf 89' lang='lat' dir='ltr'><strong>essent</strong></span> <span class='ocrx_word' id='word_1_96' title='bbox 573 1849 943 1916; x_wconf 83' lang='lat' dir='ltr'><strong>redditussuifioientes</strong></span> <span class='ocrx_word' id='word_1_97' title='bbox 958 1851 1154 1917; x_wconf 83' lang='lat' dir='ltr'><strong>adolendos</strong></span> <span class='ocrx_word' id='word_1_98' title='bbox 1169 1852 1318 1916; x_wconf 77' lang='lat' dir='ltr'><strong>ecelesiae</strong></span> <span class='ocrx_word' id='word_1_99' title='bbox 1330 1853 1391 1916; x_wconf 90' lang='lat' dir='ltr'><strong>mi-</strong></span> 
     </span>
     <span class='ocr_line' id='line_1_13' title="bbox 206 1960 1391 2044; baseline 0.002 -22"><span class='ocrx_word' id='word_1_100' title='bbox 206 1961 344 2038; x_wconf 86' lang='lat' dir='ltr'><strong>nistros,</strong></span> <span class='ocrx_word' id='word_1_101' title='bbox 359 1960 417 2026; x_wconf 86' lang='lat' dir='ltr'><strong>vel</strong></span> <span class='ocrx_word' id='word_1_102' title='bbox 430 1961 566 2026; x_wconf 81' lang='lat' dir='ltr'><strong>deesset</strong></span> <span class='ocrx_word' id='word_1_103' title='bbox 582 1960 737 2044; x_wconf 83' lang='lat' dir='ltr'><strong>supellex</strong></span> <span class='ocrx_word' id='word_1_104' title='bbox 750 1980 846 2027; x_wconf 86' lang='lat' dir='ltr'><strong>saera</strong></span> <span class='ocrx_word' id='word_1_105' title='bbox 860 1961 902 2026; x_wconf 87' lang='lat' dir='ltr'><strong>ad</strong></span> <span class='ocrx_word' id='word_1_106' title='bbox 924 1979 999 2025; x_wconf 90' lang='lat' dir='ltr'><strong>rem</strong></span> <span class='ocrx_word' id='word_1_107' title='bbox 1018 1961 1170 2026; x_wconf 88' lang='lat' dir='ltr'><strong>divinam</strong></span> <span class='ocrx_word' id='word_1_108' title='bbox 1188 1961 1252 2024; x_wconf 90' lang='lat' dir='ltr'><strong>rite</strong></span> <span class='ocrx_word' id='word_1_109' title='bbox 1270 1962 1391 2026; x_wconf 84' lang='lat' dir='ltr'><strong>decen-</strong></span> 
     </span>
     <span class='ocr_line' id='line_1_14' title="bbox 207 2069 1390 2154; baseline 0.003 -23"><span class='ocrx_word' id='word_1_110' title='bbox 207 2073 325 2153; x_wconf 87' lang='lat' dir='ltr'><strong>terque</strong></span> <span class='ocrx_word' id='word_1_111' title='bbox 337 2069 532 2134; x_wconf 85' lang='lat' dir='ltr'><strong>obeundam</strong></span> <span class='ocrx_word' id='word_1_112' title='bbox 542 2071 744 2134; x_wconf 89' lang='lat' dir='ltr'><strong>nooessaria.</strong></span> <span class='ocrx_word' id='word_1_113' title='bbox 756 2069 1085 2134; x_wconf 85' lang='lat' dir='ltr'><strong>Animavertendum</strong></span> <span class='ocrx_word' id='word_1_114' title='bbox 1100 2075 1283 2134; x_wconf 87' lang='lat' dir='ltr'><strong>esttamen</strong></span> <span class='ocrx_word' id='word_1_115' title='bbox 1299 2071 1390 2154; x_wconf 87' lang='lat' dir='ltr'><strong>quod</strong></span> 
     </span>
     <span class='ocr_line' id='line_1_15' title="bbox 204 2177 1390 2260; baseline 0.003 -21"><span class='ocrx_word' id='word_1_116' title='bbox 204 2177 1390 2260; x_wconf 78' lang='lat' dir='ltr'><strong>prohibitioaiienationisintroductaestint&#39;avoremeoelesiae,nonau-</strong></span> 
     </span>
     <span class='ocr_line' id='line_1_16' title="bbox 205 2285 1390 2370; baseline 0.003 -23"><span class='ocrx_word' id='word_1_117' title='bbox 205 2289 276 2348; x_wconf 91' lang='lat' dir='ltr'><strong>tem</strong></span> <span class='ocrx_word' id='word_1_118' title='bbox 290 2285 492 2352; x_wconf 84' lang='lat' dir='ltr'><strong>olorinorum</strong></span> <span class='ocrx_word' id='word_1_119' title='bbox 507 2287 778 2352; x_wconf 89' lang='lat' dir='ltr'><strong>deservientium</strong></span> <span class='ocrx_word' id='word_1_120' title='bbox 792 2307 799 2364; x_wconf 93' lang='grc'>;</span> <span class='ocrx_word' id='word_1_121' title='bbox 816 2288 931 2370; x_wconf 89' lang='lat' dir='ltr'><strong>itaque</strong></span> <span class='ocrx_word' id='word_1_122' title='bbox 947 2287 1133 2370; x_wconf 88' lang='lat' dir='ltr'><strong>requiritur</strong></span> <span class='ocrx_word' id='word_1_123' title='bbox 1150 2293 1189 2350; x_wconf 93' lang='lat' dir='ltr'><strong>ut</strong></span> <span class='ocrx_word' id='word_1_124' title='bbox 1204 2289 1390 2351; x_wconf 79' lang='lat' dir='ltr'><strong>necessitas</strong></span> 
     </span>
     <span class='ocr_line' id='line_1_17' title="bbox 205 2393 1389 2476; baseline 0.002 -20"><span class='ocrx_word' id='word_1_125' title='bbox 205 2393 365 2476; x_wconf 85' lang='lat' dir='ltr'><strong>respiciat</strong></span> <span class='ocrx_word' id='word_1_126' title='bbox 384 2395 495 2476; x_wconf 87' lang='lat' dir='ltr'><strong>ipsam</strong></span> <span class='ocrx_word' id='word_1_127' title='bbox 518 2394 707 2470; x_wconf 75' lang='lat' dir='ltr'><strong>eeclesiam,</strong></span> <span class='ocrx_word' id='word_1_128' title='bbox 739 2413 810 2460; x_wconf 92' lang='lat' dir='ltr'><strong>non</strong></span> <span class='ocrx_word' id='word_1_129' title='bbox 835 2413 919 2460; x_wconf 86' lang='lat' dir='ltr'><strong>vero</strong></span> <span class='ocrx_word' id='word_1_130' title='bbox 945 2394 1059 2459; x_wconf 88' lang='lat' dir='ltr'><strong>solum</strong></span> <span class='ocrx_word' id='word_1_131' title='bbox 1087 2400 1267 2460; x_wconf 80' lang='lat' dir='ltr'><strong>reatorem.</strong></span> <span class='ocrx_word' id='word_1_132' title='bbox 1295 2394 1389 2458; x_wconf 89' lang='lat' dir='ltr'><strong>Unde</strong></span> 
     </span>
     <span class='ocr_line' id='line_1_18' title="bbox 207 2501 1387 2584; baseline 0.001 -16"><span class='ocrx_word' id='word_1_133' title='bbox 207 2501 366 2569; x_wconf 75' lang='lat' dir='ltr'><strong>alienatio</strong></span> <span class='ocrx_word' id='word_1_134' title='bbox 381 2503 424 2568; x_wconf 90' lang='lat' dir='ltr'><strong>ad</strong></span> <span class='ocrx_word' id='word_1_135' title='bbox 438 2503 580 2570; x_wconf 85' lang='lat' dir='ltr'><strong>alendos</strong></span> <span class='ocrx_word' id='word_1_136' title='bbox 594 2505 770 2570; x_wconf 88' lang='lat' dir='ltr'><strong>ministros</strong></span> <span class='ocrx_word' id='word_1_137' title='bbox 792 2504 856 2570; x_wconf 85' lang='lat' dir='ltr'><strong>hoc</strong></span> <span class='ocrx_word' id='word_1_138' title='bbox 884 2511 1018 2570; x_wconf 88' lang='lat' dir='ltr'><strong>tantum</strong></span> <span class='ocrx_word' id='word_1_139' title='bbox 1041 2523 1123 2569; x_wconf 89' lang='lat' dir='ltr'><strong>oasu</strong></span> <span class='ocrx_word' id='word_1_140' title='bbox 1147 2510 1201 2568; x_wconf 92' lang='lat' dir='ltr'><strong>est</strong></span> <span class='ocrx_word' id='word_1_141' title='bbox 1221 2503 1387 2584; x_wconf 81' lang='lat' dir='ltr'><strong>legitime,</strong></span> 
     </span>
     <span class='ocr_line' id='line_1_19' title="bbox 209 2611 1390 2695; baseline -0.001 -19"><span class='ocrx_word' id='word_1_142' title='bbox 209 2611 345 2694; x_wconf 85' lang='lat' dir='ltr'><strong>quando</strong></span> <span class='ocrx_word' id='word_1_143' title='bbox 359 2611 502 2678; x_wconf 76' lang='lat' dir='ltr'><strong>eeclesia</strong></span> <span class='ocrx_word' id='word_1_144' title='bbox 510 2613 631 2695; x_wconf 89' lang='lat' dir='ltr'><strong>nequit</strong></span> <span class='ocrx_word' id='word_1_145' title='bbox 646 2612 725 2678; x_wconf 85' lang='lat' dir='ltr'><strong>dare</strong></span> <span class='ocrx_word' id='word_1_146' title='bbox 742 2613 812 2678; x_wconf 90' lang='lat' dir='ltr'><strong>suis</strong></span> <span class='ocrx_word' id='word_1_147' title='bbox 825 2613 990 2676; x_wconf 87' lang='lat' dir='ltr'><strong>ministris</strong></span> <span class='ocrx_word' id='word_1_148' title='bbox 1005 2613 1158 2678; x_wconf 86' lang='lat' dir='ltr'><strong>redditus</strong></span> <span class='ocrx_word' id='word_1_149' title='bbox 1169 2613 1283 2676; x_wconf 82' lang='lat' dir='ltr'><strong>stricte</strong></span> <span class='ocrx_word' id='word_1_150' title='bbox 1299 2612 1390 2676; x_wconf 83' lang='lat' dir='ltr'><strong>suili-</strong></span> 
     </span>
     <span class='ocr_line' id='line_1_20' title="bbox 208 2719 720 2784; baseline 0.004 -2"><span class='ocrx_word' id='word_1_151' title='bbox 208 2719 347 2784; x_wconf 87' lang='lat' dir='ltr'><strong>oientes.</strong></span> <span class='ocrx_word' id='word_1_152' title='bbox 719 2745 720 2749; x_wconf 43' lang='lat'>¹</span> 
     </span>
    </p>

    <p class='ocr_par' dir='ltr' id='par_1_5' title="bbox 207 2828 1392 3650">
     <span class='ocr_line' id='line_1_21' title="bbox 247 2828 1391 2913; baseline 0.001 -21"><span class='ocrx_word' id='word_1_153' title='bbox 247 2829 280 2892; x_wconf 69' lang='lat'><strong>2⁰</strong></span> <span class='ocrx_word' id='word_1_154' title='bbox 294 2828 443 2893; x_wconf 76' lang='lat' dir='ltr'><strong>dividens</strong></span> <span class='ocrx_word' id='word_1_155' title='bbox 458 2829 601 2894; x_wconf 76' lang='lat' dir='ltr'><strong>ecclesia</strong></span> <span class='ocrx_word' id='word_1_156' title='bbox 615 2829 757 2906; x_wconf 74' lang='lat' dir='ltr'><strong>utiliter,</strong></span> <span class='ocrx_word' id='word_1_157' title='bbox 770 2830 986 2894; x_wconf 86' lang='lat' dir='ltr'><strong>namutilitas</strong></span> <span class='ocrx_word' id='word_1_158' title='bbox 1002 2830 1230 2894; x_wconf 86' lang='lat' dir='ltr'><strong>etneoessitas</strong></span> <span class='ocrx_word' id='word_1_159' title='bbox 1244 2829 1391 2913; x_wconf 61' lang='lat' dir='ltr'><strong>aequipa-</strong></span> 
     </span>
     <span class='ocr_line' id='line_1_22' title="bbox 207 2935 1390 3020; baseline 0.001 -21"><span class='ocrx_word' id='word_1_160' title='bbox 207 2941 327 3002; x_wconf 89' lang='lat' dir='ltr'><strong>rantur</strong></span> <span class='ocrx_word' id='word_1_161' title='bbox 341 2937 380 3020; x_wconf 77' lang='grc' dir='ltr'><strong>(ο.</strong></span> <span class='ocrx_word' id='word_1_162' title='bbox 397 2937 417 3002; x_wconf 91' lang='lat'>8</span> <span class='ocrx_word' id='word_1_163' title='bbox 431 2937 465 3001; x_wconf 93' lang='lat' dir='ltr'><strong>h.</strong></span> <span class='ocrx_word' id='word_1_164' title='bbox 482 2937 531 3020; x_wconf 79' lang='lat' dir='ltr'><strong>t).</strong></span> <span class='ocrx_word' id='word_1_165' title='bbox 547 2937 644 3002; x_wconf 88' lang='lat' dir='ltr'><strong>Ratio</strong></span> <span class='ocrx_word' id='word_1_166' title='bbox 660 2941 723 3012; x_wconf 86' lang='lat' dir='ltr'><strong>est,</strong></span> <span class='ocrx_word' id='word_1_167' title='bbox 741 2938 821 3019; x_wconf 90' lang='lat' dir='ltr'><strong>quia</strong></span> <span class='ocrx_word' id='word_1_168' title='bbox 839 2935 1000 3002; x_wconf 84' lang='lat' dir='ltr'><strong>alienatio</strong></span> <span class='ocrx_word' id='word_1_169' title='bbox 1018 2955 1135 3002; x_wconf 86' lang='lat' dir='ltr'><strong>rerum</strong></span> <span class='ocrx_word' id='word_1_170' title='bbox 1150 2937 1299 3002; x_wconf 78' lang='lat' dir='ltr'><strong>eeclesiae</strong></span> <span class='ocrx_word' id='word_1_171' title='bbox 1312 2940 1390 3020; x_wconf 89' lang='lat' dir='ltr'><strong>jure</strong></span> 
     </span>
     <span class='ocr_line' id='line_1_23' title="bbox 207 3043 1390 3128; baseline -0.001 -18"><span class='ocrx_word' id='word_1_172' title='bbox 207 3045 377 3128; x_wconf 86' lang='lat' dir='ltr'><strong>prohibita</strong></span> <span class='ocrx_word' id='word_1_173' title='bbox 404 3052 457 3109; x_wconf 89' lang='lat' dir='ltr'><strong>est</strong></span> <span class='ocrx_word' id='word_1_174' title='bbox 483 3045 701 3128; x_wconf 87' lang='lat' dir='ltr'><strong>potissimum</strong></span> <span class='ocrx_word' id='word_1_175' title='bbox 719 3046 764 3109; x_wconf 89' lang='lat' dir='ltr'><strong>ob</strong></span> <span class='ocrx_word' id='word_1_176' title='bbox 791 3043 1103 3109; x_wconf 80' lang='lat' dir='ltr'><strong>damnificationem</strong></span> <span class='ocrx_word' id='word_1_177' title='bbox 1119 3045 1281 3110; x_wconf 76' lang='lat' dir='ltr'><strong>eeclesiae.</strong></span> <span class='ocrx_word' id='word_1_178' title='bbox 1303 3045 1390 3126; x_wconf 85' lang='lat' dir='ltr'><strong>Ergo</strong></span> 
     </span>
     <span class='ocr_line' id='line_1_24' title="bbox 209 3151 1390 3236; baseline -0.002 -19"><span class='ocrx_word' id='word_1_179' title='bbox 209 3153 252 3217; x_wconf 86' lang='lat' dir='ltr'><strong>oh</strong></span> <span class='ocrx_word' id='word_1_180' title='bbox 266 3169 406 3218; x_wconf 87' lang='lat' dir='ltr'><strong>oausam</strong></span> <span class='ocrx_word' id='word_1_181' title='bbox 422 3151 590 3217; x_wconf 88' lang='lat' dir='ltr'><strong>evidentis</strong></span> <span class='ocrx_word' id='word_1_182' title='bbox 604 3151 759 3216; x_wconf 87' lang='lat' dir='ltr'><strong>utilitatis</strong></span> <span class='ocrx_word' id='word_1_183' title='bbox 780 3151 882 3216; x_wconf 91' lang='lat' dir='ltr'><strong>debet</strong></span> <span class='ocrx_word' id='word_1_184' title='bbox 903 3171 978 3216; x_wconf 91' lang='lat' dir='ltr'><strong>esse</strong></span> <span class='ocrx_word' id='word_1_185' title='bbox 1002 3153 1179 3235; x_wconf 86' lang='lat' dir='ltr'><strong>permissa,</strong></span> <span class='ocrx_word' id='word_1_186' title='bbox 1207 3154 1287 3236; x_wconf 89' lang='lat' dir='ltr'><strong>quia</strong></span> <span class='ocrx_word' id='word_1_187' title='bbox 1310 3155 1390 3216; x_wconf 88' lang='lat' dir='ltr'><strong>tuno</strong></span> 
     </span>
     <span class='ocr_line' id='line_1_25' title="bbox 208 3259 1391 3345; baseline 0.002 -21"><span class='ocrx_word' id='word_1_188' title='bbox 208 3259 342 3324; x_wconf 88' lang='lat' dir='ltr'><strong>nulium</strong></span> <span class='ocrx_word' id='word_1_189' title='bbox 357 3265 410 3326; x_wconf 90' lang='lat' dir='ltr'><strong>est</strong></span> <span class='ocrx_word' id='word_1_190' title='bbox 422 3260 613 3344; x_wconf 85' lang='lat' dir='ltr'><strong>perieulum</strong></span> <span class='ocrx_word' id='word_1_191' title='bbox 628 3260 923 3336; x_wconf 87' lang='lat' dir='ltr'><strong>damniiloationis,</strong></span> <span class='ocrx_word' id='word_1_192' title='bbox 939 3281 972 3326; x_wconf 83' lang='lat' dir='ltr'><strong>v.</strong></span> <span class='ocrx_word' id='word_1_193' title='bbox 995 3279 1027 3342; x_wconf 85' lang='lat' dir='ltr'><strong>g.</strong></span> <span class='ocrx_word' id='word_1_194' title='bbox 1057 3262 1194 3345; x_wconf 87' lang='lat' dir='ltr'><strong>quando</strong></span> <span class='ocrx_word' id='word_1_195' title='bbox 1208 3280 1264 3324; x_wconf 91' lang='lat' dir='ltr'><strong>res</strong></span> <span class='ocrx_word' id='word_1_196' title='bbox 1278 3260 1391 3344; x_wconf 85' lang='lat' dir='ltr'><strong>aliqua</strong></span> 
     </span>
     <span class='ocr_line' id='line_1_26' title="bbox 209 3368 1390 3452; baseline 0.001 -20"><span class='ocrx_word' id='word_1_197' title='bbox 209 3369 387 3445; x_wconf 85' lang='lat' dir='ltr'><strong>alienatur,</strong></span> <span class='ocrx_word' id='word_1_198' title='bbox 399 3374 438 3432; x_wconf 94' lang='lat' dir='ltr'><strong>ut</strong></span> <span class='ocrx_word' id='word_1_199' title='bbox 451 3388 507 3433; x_wconf 89' lang='lat' dir='ltr'><strong>res</strong></span> <span class='ocrx_word' id='word_1_200' title='bbox 522 3368 645 3434; x_wconf 89' lang='lat' dir='ltr'><strong>melior</strong></span> <span class='ocrx_word' id='word_1_201' title='bbox 660 3374 695 3433; x_wconf 89' lang='lat' dir='ltr'><strong>et</strong></span> <span class='ocrx_word' id='word_1_202' title='bbox 708 3369 824 3434; x_wconf 92' lang='lat' dir='ltr'><strong>utilior</strong></span> <span class='ocrx_word' id='word_1_203' title='bbox 838 3369 990 3434; x_wconf 79' lang='lat' dir='ltr'><strong>eoeleste</strong></span> <span class='ocrx_word' id='word_1_204' title='bbox 1000 3375 1232 3452; x_wconf 65' lang='lat' dir='ltr'><strong>comparatum</strong></span> <span class='ocrx_word' id='word_1_205' title='bbox 1249 3387 1390 3435; x_wconf 88' lang='lat' dir='ltr'><strong>neoesse</strong></span> 
     </span>
     <span class='ocr_line' id='line_1_27' title="bbox 210 3477 1392 3564; baseline 0.001 -24"><span class='ocrx_word' id='word_1_206' title='bbox 210 3481 263 3540; x_wconf 88' lang='lat' dir='ltr'><strong>est</strong></span> <span class='ocrx_word' id='word_1_207' title='bbox 278 3481 318 3541; x_wconf 90' lang='lat' dir='ltr'><strong>ut</strong></span> <span class='ocrx_word' id='word_1_208' title='bbox 331 3478 405 3542; x_wconf 86' lang='lat' dir='ltr'><strong>haeo</strong></span> <span class='ocrx_word' id='word_1_209' title='bbox 427 3477 555 3542; x_wconf 86' lang='lat' dir='ltr'><strong>utilitas</strong></span> <span class='ocrx_word' id='word_1_210' title='bbox 573 3477 799 3562; x_wconf 87' lang='lat' dir='ltr'><strong>prudentibus</strong></span> <span class='ocrx_word' id='word_1_211' title='bbox 820 3477 961 3542; x_wconf 83' lang='lat' dir='ltr'><strong>evidens</strong></span> <span class='ocrx_word' id='word_1_212' title='bbox 981 3483 1153 3564; x_wconf 86' lang='lat' dir='ltr'><strong>appareat,</strong></span> <span class='ocrx_word' id='word_1_213' title='bbox 1173 3496 1237 3543; x_wconf 90' lang='lat' dir='ltr'><strong>neo</strong></span> <span class='ocrx_word' id='word_1_214' title='bbox 1256 3477 1392 3542; x_wconf 89' lang='lat' dir='ltr'><strong>videtur</strong></span> 
     </span>
     <span class='ocr_line' id='line_1_28' title="bbox 210 3585 583 3650; baseline 0 -2"><span class='ocrx_word' id='word_1_215' title='bbox 210 3585 366 3650; x_wconf 83' lang='lat' dir='ltr'><strong>sufficere</strong></span> <span class='ocrx_word' id='word_1_216' title='bbox 380 3586 583 3650; x_wconf 82' lang='lat' dir='ltr'><strong>existimata.</strong></span> 
     </span>
    </p>

    <p class='ocr_par' dir='ltr' id='par_1_6' title="bbox 211 3691 1390 3977">
     <span class='ocr_line' id='line_1_29' title="bbox 249 3691 1388 3778; baseline -0.001 -20"><span class='ocrx_word' id='word_1_217' title='bbox 249 3695 281 3758; x_wconf 78' lang='grc' dir='ltr'><strong>3ο</strong></span> <span class='ocrx_word' id='word_1_218' title='bbox 291 3694 461 3771; x_wconf 74' lang='lat' dir='ltr'><strong>Pt&#39;eto3,ut</strong></span> <span class='ocrx_word' id='word_1_219' title='bbox 475 3714 508 3758; x_wconf 93' lang='lat' dir='ltr'><strong>v.</strong></span> <span class='ocrx_word' id='word_1_220' title='bbox 517 3713 551 3776; x_wconf 80' lang='lat' dir='ltr'><strong>g.</strong></span> <span class='ocrx_word' id='word_1_221' title='bbox 559 3713 621 3776; x_wconf 91' lang='lat' dir='ltr'><strong>pro</strong></span> <span class='ocrx_word' id='word_1_222' title='bbox 637 3693 873 3776; x_wconf 89' lang='lat' dir='ltr'><strong>redemptione</strong></span> <span class='ocrx_word' id='word_1_223' title='bbox 881 3695 1096 3778; x_wconf 76' lang='lat' dir='ltr'><strong>captivorum</strong></span> <span class='ocrx_word' id='word_1_224' title='bbox 1110 3695 1200 3758; x_wconf 92' lang='lat' dir='ltr'><strong>inter</strong></span> <span class='ocrx_word' id='word_1_225' title='bbox 1214 3691 1370 3757; x_wconf 82' lang='lat' dir='ltr'><strong>infideles</strong></span> <span class='ocrx_word' id='word_1_226' title='bbox 1382 3711 1388 3769; x_wconf 91' lang='lat'>;</span> 
     </span>
     <span class='ocr_line' id='line_1_30' title="bbox 211 3804 1390 3887; baseline 0.002 -21"><span class='ocrx_word' id='word_1_227' title='bbox 211 3821 272 3885; x_wconf 88' lang='lat' dir='ltr'><strong>pro</strong></span> <span class='ocrx_word' id='word_1_228' title='bbox 281 3804 541 3868; x_wconf 75' lang='lat' dir='ltr'><strong>necessitatibus</strong></span> <span class='ocrx_word' id='word_1_229' title='bbox 555 3821 757 3887; x_wconf 86' lang='lat' dir='ltr'><strong>pauperum,</strong></span> <span class='ocrx_word' id='word_1_230' title='bbox 774 3821 818 3867; x_wconf 90' lang='lat' dir='ltr'><strong>ne</strong></span> <span class='ocrx_word' id='word_1_231' title='bbox 833 3804 959 3885; x_wconf 83' lang='lat' dir='ltr'><strong>frigore</strong></span> <span class='ocrx_word' id='word_1_232' title='bbox 975 3804 1135 3868; x_wconf 85' lang='lat' dir='ltr'><strong>autsame</strong></span> <span class='ocrx_word' id='word_1_233' title='bbox 1145 3808 1307 3887; x_wconf 81' lang='lat' dir='ltr'><strong>pereant3</strong></span> <span class='ocrx_word' id='word_1_234' title='bbox 1328 3821 1390 3886; x_wconf 90' lang='lat' dir='ltr'><strong>pro</strong></span> 
     </span>
     <span class='ocr_line' id='line_1_31' title="bbox 211 3911 1168 3977; baseline 0.001 -2"><span class='ocrx_word' id='word_1_235' title='bbox 211 3911 299 3977; x_wconf 91' lang='lat' dir='ltr'><strong>bello</strong></span> <span class='ocrx_word' id='word_1_236' title='bbox 313 3931 409 3977; x_wconf 86' lang='lat' dir='ltr'><strong>seoro</strong></span> <span class='ocrx_word' id='word_1_237' title='bbox 423 3912 589 3977; x_wconf 88' lang='lat' dir='ltr'><strong>adversus</strong></span> <span class='ocrx_word' id='word_1_238' title='bbox 602 3911 758 3976; x_wconf 84' lang='lat' dir='ltr'><strong>infideles</strong></span> <span class='ocrx_word' id='word_1_239' title='bbox 770 3916 806 3976; x_wconf 90' lang='lat' dir='ltr'><strong>et</strong></span> <span class='ocrx_word' id='word_1_240' title='bbox 816 3912 1005 3976; x_wconf 82' lang='lat' dir='ltr'><strong>haeretieos.</strong></span> <span class='ocrx_word' id='word_1_241' title='bbox 1068 3959 1071 3964; x_wconf 82' lang='lat'>-</span> <span class='ocrx_word' id='word_1_242' title='bbox 1167 3960 1168 3968; x_wconf 16' lang='grc' dir='ltr'><strong>κ</strong></span> 
     </span>
    </p>

    <p class='ocr_par' dir='ltr' id='par_1_7' title="bbox 211 4019 1442 4538">
     <span class='ocr_line' id='line_1_32' title="bbox 250 4019 1392 4104; baseline -0.001 -21"><span class='ocrx_word' id='word_1_243' title='bbox 250 4020 283 4083; x_wconf 75' lang='lat'><strong>4⁰</strong></span> <span class='ocrx_word' id='word_1_244' title='bbox 296 4019 558 4085; x_wconf 78' lang='lat' dir='ltr'><strong>Incommoditas</strong></span> <span class='ocrx_word' id='word_1_245' title='bbox 586 4039 647 4082; x_wconf 89' lang='lat' dir='ltr'><strong>seu</strong></span> <span class='ocrx_word' id='word_1_246' title='bbox 671 4019 838 4084; x_wconf 81' lang='lat' dir='ltr'><strong>inutilitas</strong></span> <span class='ocrx_word' id='word_1_247' title='bbox 863 4021 923 4096; x_wconf 81' lang='lat' dir='ltr'><strong>rei,</strong></span> <span class='ocrx_word' id='word_1_248' title='bbox 940 4039 973 4083; x_wconf 90' lang='lat' dir='ltr'><strong>v.</strong></span> <span class='ocrx_word' id='word_1_249' title='bbox 990 4039 1023 4102; x_wconf 82' lang='lat' dir='ltr'><strong>g.</strong></span> <span class='ocrx_word' id='word_1_250' title='bbox 1042 4020 1176 4100; x_wconf 89' lang='lat' dir='ltr'><strong>domus,</strong></span> <span class='ocrx_word' id='word_1_251' title='bbox 1201 4019 1286 4102; x_wconf 80' lang='lat' dir='ltr'><strong>agri,</strong></span> <span class='ocrx_word' id='word_1_252' title='bbox 1313 4019 1392 4104; x_wconf 86' lang='lat' dir='ltr'><strong>qnia</strong></span> 
     </span>
     <span class='ocr_line' id='line_1_33' title="bbox 211 4109 1390 4209; baseline 0 -18"><span class='ocrx_word' id='word_1_253' title='bbox 211 4127 246 4192; x_wconf 92' lang='lat' dir='ltr'><strong>in</strong></span> <span class='ocrx_word' id='word_1_254' title='bbox 268 4109 366 4193; x_wconf 82' lang='lat' dir='ltr'><strong>¹illius</strong></span> <span class='ocrx_word' id='word_1_255' title='bbox 387 4129 674 4194; x_wconf 86' lang='lat' dir='ltr'><strong>restaurationem</strong></span> <span class='ocrx_word' id='word_1_256' title='bbox 695 4133 756 4192; x_wconf 88' lang='lat' dir='ltr'><strong>aut</strong></span> <span class='ocrx_word' id='word_1_257' title='bbox 776 4127 944 4194; x_wconf 87' lang='lat' dir='ltr'><strong>oulturam</strong></span> <span class='ocrx_word' id='word_1_258' title='bbox 964 4127 1128 4195; x_wconf 80' lang='lat' dir='ltr'><strong>faoiendae</strong></span> <span class='ocrx_word' id='word_1_259' title='bbox 1156 4135 1237 4192; x_wconf 90' lang='lat' dir='ltr'><strong>sunt</strong></span> <span class='ocrx_word' id='word_1_260' title='bbox 1251 4143 1390 4209; x_wconf 76' lang='lat' dir='ltr'><strong>&#39;magna</strong></span> 
     </span>
     <span class='ocr_line' id='line_1_34' title="bbox 212 4235 1442 4321; baseline -0.002 -21"><span class='ocrx_word' id='word_1_261' title='bbox 212 4255 382 4321; x_wconf 77' lang='lat' dir='ltr'><strong>expensae,</strong></span> <span class='ocrx_word' id='word_1_262' title='bbox 398 4237 454 4302; x_wconf 87' lang='lat' dir='ltr'><strong>vel</strong></span> <span class='ocrx_word' id='word_1_263' title='bbox 477 4237 557 4321; x_wconf 88' lang='lat' dir='ltr'><strong>quia</strong></span> <span class='ocrx_word' id='word_1_264' title='bbox 575 4237 617 4301; x_wconf 89' lang='lat' dir='ltr'><strong>ab</strong></span> <span class='ocrx_word' id='word_1_265' title='bbox 633 4237 785 4302; x_wconf 83' lang='lat' dir='ltr'><strong>eoelesiae</strong></span> <span class='ocrx_word' id='word_1_266' title='bbox 806 4237 943 4320; x_wconf 84' lang='lat' dir='ltr'><strong>praediis</strong></span> <span class='ocrx_word' id='word_1_267' title='bbox 960 4237 1058 4302; x_wconf 87' lang='lat' dir='ltr'><strong>vaide</strong></span> <span class='ocrx_word' id='word_1_268' title='bbox 1079 4237 1190 4302; x_wconf 89' lang='lat' dir='ltr'><strong>distat.</strong></span> <span class='ocrx_word' id='word_1_269' title='bbox 1214 4235 1311 4301; x_wconf 87' lang='lat' dir='ltr'><strong>Ratio</strong></span> <span class='ocrx_word' id='word_1_270' title='bbox 1327 4241 1389 4311; x_wconf 89' lang='lat' dir='ltr'><strong>est,</strong></span> <span class='ocrx_word' id='word_1_271' title='bbox 1439 4289 1442 4298; x_wconf 90' lang='lat'><em>.</em></span> 
     </span>
     <span class='ocr_line' id='line_1_35' title="bbox 213 4343 1391 4429; baseline -0.002 -21"><span class='ocrx_word' id='word_1_272' title='bbox 213 4346 292 4428; x_wconf 89' lang='lat' dir='ltr'><strong>quia</strong></span> <span class='ocrx_word' id='word_1_273' title='bbox 304 4345 474 4429; x_wconf 79' lang='lat' dir='ltr'><strong>ejdemodi</strong></span> <span class='ocrx_word' id='word_1_274' title='bbox 487 4363 604 4409; x_wconf 89' lang='lat' dir='ltr'><strong>rerum</strong></span> <span class='ocrx_word' id='word_1_275' title='bbox 618 4344 778 4410; x_wconf 87' lang='lat' dir='ltr'><strong>alienatio</strong></span> <span class='ocrx_word' id='word_1_276' title='bbox 793 4344 1013 4409; x_wconf 88' lang='lat' dir='ltr'><strong>redundatin</strong></span> <span class='ocrx_word' id='word_1_277' title='bbox 1028 4345 1223 4410; x_wconf 91' lang='lat' dir='ltr'><strong>evidentem</strong></span> <span class='ocrx_word' id='word_1_278' title='bbox 1241 4343 1391 4408; x_wconf 85' lang='lat' dir='ltr'><strong>eoelesiae</strong></span> 
     </span>
     <span class='ocr_line' id='line_1_36' title="bbox 213 4452 1309 4538; baseline -0.005 -18"><span class='ocrx_word' id='word_1_279' title='bbox 213 4455 404 4522; x_wconf 88' lang='lat' dir='ltr'><strong>utilitatem.</strong></span> <span class='ocrx_word' id='word_1_280' title='bbox 421 4454 499 4520; x_wconf 83' lang='lat' dir='ltr'><strong>Istae</strong></span> <span class='ocrx_word' id='word_1_281' title='bbox 514 4473 635 4520; x_wconf 89' lang='lat' dir='ltr'><strong>omnes</strong></span> <span class='ocrx_word' id='word_1_282' title='bbox 650 4471 762 4521; x_wconf 83' lang='lat' dir='ltr'><strong>oausae</strong></span> <span class='ocrx_word' id='word_1_283' title='bbox 777 4453 819 4518; x_wconf 88' lang='lat' dir='ltr'><strong>de</strong></span> <span class='ocrx_word' id='word_1_284' title='bbox 831 4453 992 4538; x_wconf 77' lang='lat' dir='ltr'><strong>praesenti</strong></span> <span class='ocrx_word' id='word_1_285' title='bbox 1009 4453 1157 4518; x_wconf 85' lang='lat' dir='ltr'><strong>existere</strong></span> <span class='ocrx_word' id='word_1_286' title='bbox 1173 4452 1309 4517; x_wconf 88' lang='lat' dir='ltr'><strong>debent.</strong></span> 
     </span>
    </p>
   </div>
   <div class='ocr_carea' id='block_1_5' title="bbox 0 0 1768 5574">
    <p class='ocr_par' dir='ltr' id='par_1_8' title="bbox 0 0 1768 5574">
     <span class='ocr_line' id='line_1_37' title="bbox 0 0 1768 5574; baseline 0 0"><span class='ocrx_word' id='word_1_287' title='bbox 0 0 1768 5574; x_wconf 95' lang='lat' dir='ltr'><strong> </strong></span> 
     </span>
    </p>
   </div>
  </div>
 </body>
</html>
