<?xml version="1.0" encoding="UTF-8"?>
<!DOCTYPE html PUBLIC "-//W3C//DTD XHTML 1.0 Transitional//EN"
    "http://www.w3.org/TR/xhtml1/DTD/xhtml1-transitional.dtd">
<html xmlns="http://www.w3.org/1999/xhtml" xml:lang="en" lang="en">
 <head>
  <title>
</title>
<meta http-equiv="Content-Type" content="text/html;charset=utf-8" />
  <meta name='ocr-system' content='tesseract 3.04.00' />
  <meta name='ocr-capabilities' content='ocr_page ocr_carea ocr_par ocr_line ocrx_word'/>
</head>
<body>
  <div class='ocr_page' id='page_1' title='image "./juscanonicumjux00grangoog_0090.png"; bbox 0 0 3488 5564; ppageno 0'>
   <div class='ocr_carea' id='block_1_1' title="bbox 354 529 1067 600">
    <p class='ocr_par' dir='ltr' id='par_1_1' title="bbox 354 529 1067 600">
     <span class='ocr_line' id='line_1_1' title="bbox 354 529 1067 600; baseline 0.003 -4"><span class='ocrx_word' id='word_1_1' title='bbox 354 529 394 597; x_wconf 82' lang='grc'>18</span> <span class='ocrx_word' id='word_1_2' title='bbox 813 549 866 600; x_wconf 80' lang='lat' dir='ltr'>tus</span> <span class='ocrx_word' id='word_1_3' title='bbox 886 547 1067 600; x_wconf 79' lang='grc'><strong>11111111.</strong></span> 
     </span>
    </p>
   </div>
   <div class='ocr_carea' id='block_1_2' title="bbox 351 673 1533 1840">
    <p class='ocr_par' dir='ltr' id='par_1_2' title="bbox 353 673 1528 867">
     <span class='ocr_line' id='line_1_2' title="bbox 353 673 1528 759; baseline 0.002 -17"><span class='ocrx_word' id='word_1_4' title='bbox 353 675 543 758; x_wconf 82' lang='lat' dir='ltr'>praesertim</span> <span class='ocrx_word' id='word_1_5' title='bbox 557 673 637 759; x_wconf 83' lang='lat' dir='ltr'>quia</span> <span class='ocrx_word' id='word_1_6' title='bbox 647 675 777 757; x_wconf 85' lang='lat' dir='ltr'>conjnx</span> <span class='ocrx_word' id='word_1_7' title='bbox 791 675 928 758; x_wconf 91' lang='lat' dir='ltr'>propria</span> <span class='ocrx_word' id='word_1_8' title='bbox 939 675 1141 742; x_wconf 86' lang='lat' dir='ltr'>auctoritate</span> <span class='ocrx_word' id='word_1_9' title='bbox 1153 675 1358 741; x_wconf 80' lang='lat' dir='ltr'>recederetis</span> <span class='ocrx_word' id='word_1_10' title='bbox 1369 674 1528 759; x_wconf 73' lang='lat' dir='ltr'>contege,</span> 
     </span>
     <span class='ocr_line' id='line_1_3' title="bbox 353 781 962 867; baseline 0.007 -20"><span class='ocrx_word' id='word_1_11' title='bbox 353 781 409 848; x_wconf 89' lang='lat' dir='ltr'>vel</span> <span class='ocrx_word' id='word_1_12' title='bbox 422 784 464 848; x_wconf 87' lang='lat' dir='ltr'>ab</span> <span class='ocrx_word' id='word_1_13' title='bbox 478 784 552 867; x_wconf 82' lang='lat' dir='ltr'>ipso</span> <span class='ocrx_word' id='word_1_14' title='bbox 565 781 708 866; x_wconf 87' lang='lat' dir='ltr'>expulsa</span> <span class='ocrx_word' id='word_1_15' title='bbox 719 782 827 848; x_wconf 90' lang='lat' dir='ltr'>nollet</span> <span class='ocrx_word' id='word_1_16' title='bbox 839 784 962 850; x_wconf 88' lang='lat' dir='ltr'>redire.</span> 
     </span>
    </p>

    <p class='ocr_par' dir='ltr' id='par_1_3' title="bbox 351 889 1532 1734">
     <span class='ocr_line' id='line_1_4' title="bbox 392 889 1530 976; baseline 0.001 -21"><span class='ocrx_word' id='word_1_17' title='bbox 392 892 425 954; x_wconf 87' lang='lat' dir='ltr'>l⁰</span> <span class='ocrx_word' id='word_1_18' title='bbox 440 889 477 955; x_wconf 95' lang='lat' dir='ltr'>ln</span> <span class='ocrx_word' id='word_1_19' title='bbox 501 892 726 976; x_wconf 85' lang='lat' dir='ltr'>primocasu,</span> <span class='ocrx_word' id='word_1_20' title='bbox 747 893 776 956; x_wconf 91' lang='lat' dir='ltr'>si</span> <span class='ocrx_word' id='word_1_21' title='bbox 797 891 851 956; x_wconf 86' lang='lat' dir='ltr'>vir</span> <span class='ocrx_word' id='word_1_22' title='bbox 871 891 1063 970; x_wconf 87' lang='lat' dir='ltr'>mulierem,</span> <span class='ocrx_word' id='word_1_23' title='bbox 1084 909 1160 976; x_wconf 82' lang='lat' dir='ltr'>quta</span> <span class='ocrx_word' id='word_1_24' title='bbox 1180 892 1318 976; x_wconf 87' lang='lat' dir='ltr'>propria</span> <span class='ocrx_word' id='word_1_25' title='bbox 1330 892 1530 957; x_wconf 84' lang='lat' dir='ltr'>auctoritate</span> 
     </span>
     <span class='ocr_line' id='line_1_5' title="bbox 353 997 1529 1083; baseline 0 -19"><span class='ocrx_word' id='word_1_26' title='bbox 353 997 518 1075; x_wconf 73' lang='lat' dir='ltr'>discessit,</span> <span class='ocrx_word' id='word_1_27' title='bbox 540 999 673 1064; x_wconf 88' lang='lat' dir='ltr'>restitui</span> <span class='ocrx_word' id='word_1_28' title='bbox 695 1003 800 1083; x_wconf 88' lang='lat' dir='ltr'>petat,</span> <span class='ocrx_word' id='word_1_29' title='bbox 825 999 950 1064; x_wconf 88' lang='lat' dir='ltr'>mulier</span> <span class='ocrx_word' id='word_1_30' title='bbox 972 998 1136 1066; x_wconf 75' lang='lat' dir='ltr'>recedens</span> <span class='ocrx_word' id='word_1_31' title='bbox 1158 999 1292 1064; x_wconf 88' lang='lat' dir='ltr'>restitui</span> <span class='ocrx_word' id='word_1_32' title='bbox 1306 998 1408 1064; x_wconf 87' lang='lat' dir='ltr'>debet</span> <span class='ocrx_word' id='word_1_33' title='bbox 1419 999 1529 1083; x_wconf 79' lang='grc'><strong>11111</strong></span> 
     </span>
     <span class='ocr_line' id='line_1_6' title="bbox 352 1106 1527 1192; baseline -0.001 -20"><span class='ocrx_word' id='word_1_34' title='bbox 352 1107 639 1173; x_wconf 77' lang='lat' dir='ltr'>cohabitationem</span> <span class='ocrx_word' id='word_1_35' title='bbox 654 1113 689 1174; x_wconf 90' lang='lat' dir='ltr'>et</span> <span class='ocrx_word' id='word_1_36' title='bbox 703 1107 820 1174; x_wconf 88' lang='lat' dir='ltr'>omnia</span> <span class='ocrx_word' id='word_1_37' title='bbox 832 1107 998 1192; x_wconf 89' lang='lat' dir='ltr'>obsequia</span> <span class='ocrx_word' id='word_1_38' title='bbox 1012 1106 1207 1191; x_wconf 80' lang='lat' dir='ltr'>conjugalia</span> <span class='ocrx_word' id='word_1_39' title='bbox 1222 1107 1261 1192; x_wconf 76' lang='lat' dir='ltr'>tc.</span> <span class='ocrx_word' id='word_1_40' title='bbox 1278 1107 1318 1172; x_wconf 86' lang='grc'>13</span> <span class='ocrx_word' id='word_1_41' title='bbox 1332 1107 1416 1172; x_wconf 85' lang='grc'><strong>1111</strong></span> <span class='ocrx_word' id='word_1_42' title='bbox 1427 1107 1462 1172; x_wconf 90' lang='lat' dir='ltr'>h.</span> <span class='ocrx_word' id='word_1_43' title='bbox 1480 1108 1527 1190; x_wconf 89' lang='grc'><strong>1.).</strong></span> 
     </span>
     <span class='ocr_line' id='line_1_7' title="bbox 352 1215 1532 1303; baseline 0 -25"><span class='ocrx_word' id='word_1_44' title='bbox 352 1215 449 1280; x_wconf 86' lang='lat' dir='ltr'>Ratio</span> <span class='ocrx_word' id='word_1_45' title='bbox 470 1221 522 1280; x_wconf 87' lang='lat' dir='ltr'>est</span> <span class='ocrx_word' id='word_1_46' title='bbox 542 1215 632 1299; x_wconf 89' lang='lat' dir='ltr'>quia,</span> <span class='ocrx_word' id='word_1_47' title='bbox 653 1215 740 1280; x_wconf 86' lang='lat' dir='ltr'>alter</span> <span class='ocrx_word' id='word_1_48' title='bbox 753 1217 891 1298; x_wconf 78' lang='lat' dir='ltr'>conjux,</span> <span class='ocrx_word' id='word_1_49' title='bbox 912 1235 974 1299; x_wconf 91' lang='lat' dir='ltr'>per</span> <span class='ocrx_word' id='word_1_50' title='bbox 986 1216 1244 1303; x_wconf 72' lang='lat' dir='ltr'><strong>matrimonium</strong></span> <span class='ocrx_word' id='word_1_51' title='bbox 1266 1220 1479 1280; x_wconf 87' lang='lat' dir='ltr'>contractum</span> <span class='ocrx_word' id='word_1_52' title='bbox 1498 1221 1532 1279; x_wconf 89' lang='lat' dir='ltr'>et</span> 
     </span>
     <span class='ocr_line' id='line_1_8' title="bbox 352 1323 1531 1408; baseline -0.003 -18"><span class='ocrx_word' id='word_1_53' title='bbox 352 1329 640 1401; x_wconf 87' lang='lat' dir='ltr'>consummatum,</span> <span class='ocrx_word' id='word_1_54' title='bbox 665 1327 723 1408; x_wconf 92' lang='lat' dir='ltr'>jus</span> <span class='ocrx_word' id='word_1_55' title='bbox 743 1325 847 1390; x_wconf 89' lang='lat' dir='ltr'>habet</span> <span class='ocrx_word' id='word_1_56' title='bbox 872 1325 915 1390; x_wconf 90' lang='lat' dir='ltr'>ad</span> <span class='ocrx_word' id='word_1_57' title='bbox 929 1325 997 1404; x_wconf 92' lang='lat' dir='ltr'>illa,</span> <span class='ocrx_word' id='word_1_58' title='bbox 1014 1344 1075 1391; x_wconf 89' lang='lat' dir='ltr'>seu</span> <span class='ocrx_word' id='word_1_59' title='bbox 1087 1331 1140 1390; x_wconf 89' lang='lat' dir='ltr'>est</span> <span class='ocrx_word' id='word_1_60' title='bbox 1153 1325 1190 1390; x_wconf 94' lang='lat' dir='ltr'>in</span> <span class='ocrx_word' id='word_1_61' title='bbox 1203 1324 1305 1408; x_wconf 84' lang='lat' dir='ltr'>plena</span> <span class='ocrx_word' id='word_1_62' title='bbox 1314 1323 1531 1408; x_wconf 85' lang='lat' dir='ltr'>possessione</span> 
     </span>
     <span class='ocr_line' id='line_1_9' title="bbox 352 1433 1532 1518; baseline -0.003 -20"><span class='ocrx_word' id='word_1_63' title='bbox 352 1433 519 1516; x_wconf 77' lang='lat' dir='ltr'>conjugis.</span> <span class='ocrx_word' id='word_1_64' title='bbox 556 1433 729 1518; x_wconf 83' lang='lat' dir='ltr'>Excipitur</span> <span class='ocrx_word' id='word_1_65' title='bbox 754 1435 784 1498; x_wconf 89' lang='lat' dir='ltr'>si</span> <span class='ocrx_word' id='word_1_66' title='bbox 814 1437 946 1518; x_wconf 87' lang='lat' dir='ltr'>justam</span> <span class='ocrx_word' id='word_1_67' title='bbox 973 1453 1113 1502; x_wconf 87' lang='lat' dir='ltr'>causam</span> <span class='ocrx_word' id='word_1_68' title='bbox 1140 1433 1313 1500; x_wconf 77' lang='lat' dir='ltr'>discessus</span> <span class='ocrx_word' id='word_1_69' title='bbox 1340 1450 1532 1518; x_wconf 88' lang='lat' dir='ltr'>preponere</span> 
     </span>
     <span class='ocr_line' id='line_1_10' title="bbox 352 1541 1530 1626; baseline -0.002 -20"><span class='ocrx_word' id='word_1_70' title='bbox 352 1545 491 1624; x_wconf 86' lang='lat' dir='ltr'>posset:</span> <span class='ocrx_word' id='word_1_71' title='bbox 514 1559 548 1604; x_wconf 89' lang='lat' dir='ltr'>v.</span> <span class='ocrx_word' id='word_1_72' title='bbox 564 1559 598 1622; x_wconf 79' lang='lat' dir='ltr'>g.</span> <span class='ocrx_word' id='word_1_73' title='bbox 622 1541 908 1625; x_wconf 84' lang='lat' dir='ltr'>impedimentum</span> <span class='ocrx_word' id='word_1_74' title='bbox 923 1541 1097 1620; x_wconf 83' lang='lat' dir='ltr'>dirimens,</span> <span class='ocrx_word' id='word_1_75' title='bbox 1123 1543 1360 1626; x_wconf 81' lang='lat' dir='ltr'>exceptionem</span> <span class='ocrx_word' id='word_1_76' title='bbox 1380 1541 1530 1618; x_wconf 73' lang='lat' dir='ltr'>saevitiae,</span> 
     </span>
     <span class='ocr_line' id='line_1_11' title="bbox 351 1647 1297 1734; baseline 0.001 -22"><span class='ocrx_word' id='word_1_77' title='bbox 351 1647 521 1725; x_wconf 79' lang='lat' dir='ltr'>baeresim,</span> <span class='ocrx_word' id='word_1_78' title='bbox 536 1647 593 1714; x_wconf 91' lang='lat' dir='ltr'>vel</span> <span class='ocrx_word' id='word_1_79' title='bbox 603 1667 708 1732; x_wconf 81' lang='lat' dir='ltr'>grave</span> <span class='ocrx_word' id='word_1_80' title='bbox 721 1649 910 1732; x_wconf 88' lang='lat' dir='ltr'>periculum</span> <span class='ocrx_word' id='word_1_81' title='bbox 924 1650 1047 1716; x_wconf 75' lang='lat' dir='ltr'>animae</span> <span class='ocrx_word' id='word_1_82' title='bbox 1062 1656 1122 1726; x_wconf 89' lang='lat' dir='ltr'>aut</span> <span class='ocrx_word' id='word_1_83' title='bbox 1135 1650 1297 1734; x_wconf 90' lang='lat' dir='ltr'>corporis.</span> 
     </span>
    </p>

    <p class='ocr_par' dir='ltr' id='par_1_4' title="bbox 392 1756 1533 1840">
     <span class='ocr_line' id='line_1_12' title="bbox 392 1756 1533 1840; baseline 0.001 -21"><span class='ocrx_word' id='word_1_84' title='bbox 392 1756 518 1820; x_wconf 87' lang='lat' dir='ltr'>Verum</span> <span class='ocrx_word' id='word_1_85' title='bbox 526 1756 625 1840; x_wconf 90' lang='lat' dir='ltr'>plura</span> <span class='ocrx_word' id='word_1_86' title='bbox 637 1756 788 1822; x_wconf 78' lang='grc'><strong>11111111</strong></span> <span class='ocrx_word' id='word_1_87' title='bbox 796 1757 954 1822; x_wconf 89' lang='lat' dir='ltr'>veniunt:</span> <span class='ocrx_word' id='word_1_88' title='bbox 967 1759 998 1822; x_wconf 87' lang='lat' dir='ltr'>l·</span> <span class='ocrx_word' id='word_1_89' title='bbox 1009 1758 1045 1822; x_wconf 87' lang='lat' dir='ltr'>Si</span> <span class='ocrx_word' id='word_1_90' title='bbox 1058 1758 1314 1823; x_wconf 82' lang='lat' dir='ltr'>matrimonium</span> <span class='ocrx_word' id='word_1_91' title='bbox 1324 1761 1377 1822; x_wconf 89' lang='lat' dir='ltr'>est</span> <span class='ocrx_word' id='word_1_92' title='bbox 1385 1761 1533 1822; x_wconf 87' lang='lat' dir='ltr'>tantum-</span> 
     </span>
    </p>
   </div>
   <div class='ocr_carea' id='block_1_3' title="bbox 352 1864 1630 1950">
    <p class='ocr_par' dir='ltr' id='par_1_5' title="bbox 352 1864 1630 1950">
     <span class='ocr_line' id='line_1_13' title="bbox 352 1864 1630 1950; baseline 0 -22"><span class='ocrx_word' id='word_1_93' title='bbox 352 1864 584 1930; x_wconf 88' lang='lat' dir='ltr'>moderatum</span> <span class='ocrx_word' id='word_1_94' title='bbox 603 1870 638 1929; x_wconf 92' lang='lat' dir='ltr'>et</span> <span class='ocrx_word' id='word_1_95' title='bbox 650 1882 721 1930; x_wconf 91' lang='lat' dir='ltr'>non</span> <span class='ocrx_word' id='word_1_96' title='bbox 737 1871 1026 1942; x_wconf 89' lang='lat' dir='ltr'>consummatum,</span> <span class='ocrx_word' id='word_1_97' title='bbox 1043 1866 1214 1932; x_wconf 86' lang='lat' dir='ltr'>restitutio</span> <span class='ocrx_word' id='word_1_98' title='bbox 1226 1883 1297 1930; x_wconf 91' lang='lat' dir='ltr'>non</span> <span class='ocrx_word' id='word_1_99' title='bbox 1309 1865 1407 1930; x_wconf 85' lang='lat' dir='ltr'>tieret</span> <span class='ocrx_word' id='word_1_100' title='bbox 1421 1865 1531 1950; x_wconf 84' lang='lat' dir='ltr'>quoad</span> <span class='ocrx_word' id='word_1_101' title='bbox 1619 1901 1630 1914; x_wconf 56' lang='lat' dir='ltr'>e</span> 
     </span>
    </p>
   </div>
   <div class='ocr_carea' id='block_1_4' title="bbox 352 1971 1532 2599">
    <p class='ocr_par' dir='ltr' id='par_1_6' title="bbox 352 1971 1532 2599">
     <span class='ocr_line' id='line_1_14' title="bbox 355 1971 1532 2058; baseline 0 -22"><span class='ocrx_word' id='word_1_102' title='bbox 355 1977 478 2048; x_wconf 88' lang='lat' dir='ltr'>terum,</span> <span class='ocrx_word' id='word_1_103' title='bbox 502 1971 582 2056; x_wconf 88' lang='lat' dir='ltr'>quia</span> <span class='ocrx_word' id='word_1_104' title='bbox 602 1971 793 2056; x_wconf 82' lang='lat' dir='ltr'>mulierjm</span> <span class='ocrx_word' id='word_1_105' title='bbox 812 1973 939 2038; x_wconf 89' lang='lat' dir='ltr'>retinet</span> <span class='ocrx_word' id='word_1_106' title='bbox 949 1973 1145 2056; x_wconf 89' lang='lat' dir='ltr'>opponendi</span> <span class='ocrx_word' id='word_1_107' title='bbox 1160 1974 1395 2058; x_wconf 87' lang='lat' dir='ltr'>exceptionem</span> <span class='ocrx_word' id='word_1_108' title='bbox 1405 1971 1447 2038; x_wconf 92' lang='lat' dir='ltr'>de</span> <span class='ocrx_word' id='word_1_109' title='bbox 1462 1991 1532 2036; x_wconf 88' lang='lat' dir='ltr'>ma-</span> 
     </span>
     <span class='ocr_line' id='line_1_15' title="bbox 353 2079 1531 2167; baseline 0.001 -23"><span class='ocrx_word' id='word_1_110' title='bbox 353 2081 503 2146; x_wconf 89' lang='lat' dir='ltr'>trimonii</span> <span class='ocrx_word' id='word_1_111' title='bbox 524 2079 691 2159; x_wconf 80' lang='lat' dir='ltr'>nullitate,</span> <span class='ocrx_word' id='word_1_112' title='bbox 717 2088 752 2146; x_wconf 90' lang='lat' dir='ltr'>et</span> <span class='ocrx_word' id='word_1_113' title='bbox 766 2082 976 2150; x_wconf 88' lang='lat' dir='ltr'>deliberandi</span> <span class='ocrx_word' id='word_1_114' title='bbox 988 2101 1051 2167; x_wconf 92' lang='lat' dir='ltr'>per</span> <span class='ocrx_word' id='word_1_115' title='bbox 1064 2083 1151 2148; x_wconf 83' lang='lat' dir='ltr'>diros</span> <span class='ocrx_word' id='word_1_116' title='bbox 1166 2099 1304 2148; x_wconf 88' lang='lat' dir='ltr'>menses</span> <span class='ocrx_word' id='word_1_117' title='bbox 1319 2081 1361 2147; x_wconf 89' lang='lat' dir='ltr'>de</span> <span class='ocrx_word' id='word_1_118' title='bbox 1374 2083 1531 2164; x_wconf 78' lang='lat' dir='ltr'>ingressu</span> 
     </span>
     <span class='ocr_line' id='line_1_16' title="bbox 352 2187 1529 2276; baseline 0.003 -25"><span class='ocrx_word' id='word_1_119' title='bbox 352 2187 386 2252; x_wconf 94' lang='lat' dir='ltr'>in</span> <span class='ocrx_word' id='word_1_120' title='bbox 397 2187 610 2272; x_wconf 78' lang='lat' dir='ltr'>religionem.</span> <span class='ocrx_word' id='word_1_121' title='bbox 630 2191 663 2254; x_wconf 70' lang='lat'>2⁰</span> <span class='ocrx_word' id='word_1_122' title='bbox 678 2190 796 2268; x_wconf 82' lang='lat' dir='ltr'>Quoad</span> <span class='ocrx_word' id='word_1_123' title='bbox 812 2193 1066 2276; x_wconf 89' lang='lat' dir='ltr'>oppositionem</span> <span class='ocrx_word' id='word_1_124' title='bbox 1081 2191 1318 2276; x_wconf 88' lang='lat' dir='ltr'>impedimenti</span> <span class='ocrx_word' id='word_1_125' title='bbox 1329 2189 1529 2264; x_wconf 85' lang='lat' dir='ltr'>dirimentis,</span> 
     </span>
     <span class='ocr_line' id='line_1_17' title="bbox 352 2295 1532 2385; baseline 0.002 -26"><span class='ocrx_word' id='word_1_126' title='bbox 352 2295 569 2362; x_wconf 88' lang='lat' dir='ltr'>distinctione</span> <span class='ocrx_word' id='word_1_127' title='bbox 593 2315 680 2382; x_wconf 89' lang='lat' dir='ltr'>opus</span> <span class='ocrx_word' id='word_1_128' title='bbox 704 2303 780 2363; x_wconf 91' lang='lat' dir='ltr'>est:</span> <span class='ocrx_word' id='word_1_129' title='bbox 805 2299 833 2363; x_wconf 91' lang='lat' dir='ltr'>si</span> <span class='ocrx_word' id='word_1_130' title='bbox 850 2299 994 2366; x_wconf 89' lang='lat' dir='ltr'>maritus</span> <span class='ocrx_word' id='word_1_131' title='bbox 1010 2305 1091 2382; x_wconf 81' lang='lat' dir='ltr'>agat</span> <span class='ocrx_word' id='word_1_132' title='bbox 1104 2299 1263 2385; x_wconf 88' lang='lat' dir='ltr'>petitorio</span> <span class='ocrx_word' id='word_1_133' title='bbox 1277 2299 1319 2364; x_wconf 90' lang='lat' dir='ltr'>de</span> <span class='ocrx_word' id='word_1_134' title='bbox 1334 2297 1449 2364; x_wconf 85' lang='lat' dir='ltr'>valore</span> <span class='ocrx_word' id='word_1_135' title='bbox 1464 2317 1532 2362; x_wconf 88' lang='lat' dir='ltr'>ma·</span> 
     </span>
     <span class='ocr_line' id='line_1_18' title="bbox 353 2387 1530 2492; baseline 0.002 -25"><span class='ocrx_word' id='word_1_136' title='bbox 353 2387 514 2482; x_wconf 88' lang='lat' dir='ltr'>trimonii,</span> <span class='ocrx_word' id='word_1_137' title='bbox 531 2423 602 2470; x_wconf 90' lang='lat' dir='ltr'>non</span> <span class='ocrx_word' id='word_1_138' title='bbox 626 2407 665 2468; x_wconf 93' lang='lat' dir='ltr'>tit</span> <span class='ocrx_word' id='word_1_139' title='bbox 680 2407 819 2490; x_wconf 85' lang='lat' dir='ltr'>quidem</span> <span class='ocrx_word' id='word_1_140' title='bbox 842 2409 1024 2484; x_wconf 86' lang='lat' dir='ltr'>restitutio,</span> <span class='ocrx_word' id='word_1_141' title='bbox 1052 2407 1113 2473; x_wconf 92' lang='lat' dir='ltr'>sed</span> <span class='ocrx_word' id='word_1_142' title='bbox 1133 2407 1229 2492; x_wconf 88' lang='lat' dir='ltr'>prius</span> <span class='ocrx_word' id='word_1_143' title='bbox 1250 2406 1468 2490; x_wconf 79' lang='lat' dir='ltr'>cognoscitur</span> <span class='ocrx_word' id='word_1_144' title='bbox 1489 2405 1530 2470; x_wconf 88' lang='lat' dir='ltr'>de</span> 
     </span>
     <span class='ocr_line' id='line_1_19' title="bbox 353 2513 1529 2599; baseline 0.002 -23"><span class='ocrx_word' id='word_1_145' title='bbox 353 2514 552 2596; x_wconf 84' lang='lat' dir='ltr'>exceptione</span> <span class='ocrx_word' id='word_1_146' title='bbox 567 2515 797 2598; x_wconf 83' lang='lat' dir='ltr'>peremptoria</span> <span class='ocrx_word' id='word_1_147' title='bbox 815 2515 1052 2599; x_wconf 86' lang='lat' dir='ltr'>impedimenti</span> <span class='ocrx_word' id='word_1_148' title='bbox 1079 2515 1270 2582; x_wconf 85' lang='lat' dir='ltr'>dirimentis</span> <span class='ocrx_word' id='word_1_149' title='bbox 1293 2515 1332 2598; x_wconf 83' lang='lat' dir='ltr'>(c.</span> <span class='ocrx_word' id='word_1_150' title='bbox 1356 2515 1372 2580; x_wconf 93' lang='grc'>1</span> <span class='ocrx_word' id='word_1_151' title='bbox 1390 2515 1432 2580; x_wconf 84' lang='lat' dir='ltr'>de</span> <span class='ocrx_word' id='word_1_152' title='bbox 1450 2513 1529 2580; x_wconf 83' lang='lat' dir='ltr'>Ord.</span> 
     </span>
    </p>
   </div>
   <div class='ocr_carea' id='block_1_5' title="bbox 236 2620 1529 2706">
    <p class='ocr_par' dir='ltr' id='par_1_7' title="bbox 236 2620 1529 2706">
     <span class='ocr_line' id='line_1_20' title="bbox 236 2620 1529 2706; baseline 0.002 -24"><span class='ocrx_word' id='word_1_153' title='bbox 236 2679 238 2682; x_wconf 79' lang='grc'>,</span> <span class='ocrx_word' id='word_1_154' title='bbox 349 2621 499 2704; x_wconf 78' lang='lat' dir='ltr'>reputt).</span> <span class='ocrx_word' id='word_1_155' title='bbox 512 2620 546 2686; x_wconf 90' lang='lat' dir='ltr'>Si</span> <span class='ocrx_word' id='word_1_156' title='bbox 554 2627 635 2702; x_wconf 78' lang='lat' dir='ltr'>agat</span> <span class='ocrx_word' id='word_1_157' title='bbox 645 2623 869 2706; x_wconf 86' lang='lat' dir='ltr'>possessorio,</span> <span class='ocrx_word' id='word_1_158' title='bbox 884 2623 1065 2691; x_wconf 89' lang='lat' dir='ltr'>discrimen</span> <span class='ocrx_word' id='word_1_159' title='bbox 1077 2623 1203 2690; x_wconf 89' lang='lat' dir='ltr'>iterum</span> <span class='ocrx_word' id='word_1_160' title='bbox 1217 2629 1271 2690; x_wconf 88' lang='lat' dir='ltr'>est</span> <span class='ocrx_word' id='word_1_161' title='bbox 1280 2623 1509 2688; x_wconf 85' lang='lat' dir='ltr'>adhibendum</span> <span class='ocrx_word' id='word_1_162' title='bbox 1522 2643 1529 2684; x_wconf 93' lang='lat'><strong>:</strong></span> 
     </span>
    </p>
   </div>
   <div class='ocr_carea' id='block_1_6' title="bbox 350 2727 1531 3673">
    <p class='ocr_par' dir='ltr' id='par_1_8' title="bbox 350 2727 1531 3247">
     <span class='ocr_line' id='line_1_21' title="bbox 352 2727 1531 2814; baseline 0.002 -22"><span class='ocrx_word' id='word_1_163' title='bbox 352 2727 408 2792; x_wconf 89' lang='lat' dir='ltr'>vel</span> <span class='ocrx_word' id='word_1_164' title='bbox 422 2728 706 2812; x_wconf 88' lang='lat' dir='ltr'>impedimentum</span> <span class='ocrx_word' id='word_1_165' title='bbox 721 2736 775 2796; x_wconf 91' lang='grc'>111</span> <span class='ocrx_word' id='word_1_166' title='bbox 788 2732 962 2797; x_wconf 89' lang='lat' dir='ltr'>notorium</span> <span class='ocrx_word' id='word_1_167' title='bbox 983 2737 1197 2810; x_wconf 77' lang='lat' dir='ltr'>autbertum,</span> <span class='ocrx_word' id='word_1_168' title='bbox 1214 2738 1249 2797; x_wconf 90' lang='grc'>11</span> <span class='ocrx_word' id='word_1_169' title='bbox 1262 2730 1387 2796; x_wconf 88' lang='lat' dir='ltr'>mulier</span> <span class='ocrx_word' id='word_1_170' title='bbox 1397 2735 1531 2814; x_wconf 84' lang='lat' dir='ltr'>paratas</span> 
     </span>
     <span class='ocr_line' id='line_1_22' title="bbox 352 2835 1530 2924; baseline 0.003 -25"><span class='ocrx_word' id='word_1_171' title='bbox 352 2835 454 2900; x_wconf 82' lang='lat' dir='ltr'>offert</span> <span class='ocrx_word' id='word_1_172' title='bbox 476 2837 707 2920; x_wconf 88' lang='lat' dir='ltr'>probationes,</span> <span class='ocrx_word' id='word_1_173' title='bbox 732 2845 814 2904; x_wconf 91' lang='lat' dir='ltr'>tunc</span> <span class='ocrx_word' id='word_1_174' title='bbox 826 2859 896 2905; x_wconf 93' lang='lat' dir='ltr'>non</span> <span class='ocrx_word' id='word_1_175' title='bbox 910 2841 950 2904; x_wconf 89' lang='lat' dir='ltr'>sst</span> <span class='ocrx_word' id='word_1_176' title='bbox 963 2841 1134 2906; x_wconf 87' lang='lat' dir='ltr'>restitutio</span> <span class='ocrx_word' id='word_1_177' title='bbox 1142 2858 1221 2906; x_wconf 90' lang='lat' dir='ltr'>cum</span> <span class='ocrx_word' id='word_1_178' title='bbox 1230 2838 1381 2924; x_wconf 91' lang='lat' dir='ltr'>periculo</span> <span class='ocrx_word' id='word_1_179' title='bbox 1395 2837 1530 2914; x_wconf 83' lang='lat' dir='ltr'>nnimae;</span> 
     </span>
     <span class='ocr_line' id='line_1_23' title="bbox 351 2943 1531 3032; baseline 0.002 -24"><span class='ocrx_word' id='word_1_180' title='bbox 351 2943 408 3008; x_wconf 86' lang='lat' dir='ltr'>vel</span> <span class='ocrx_word' id='word_1_181' title='bbox 420 2943 706 3028; x_wconf 88' lang='lat' dir='ltr'>impedimentum</span> <span class='ocrx_word' id='word_1_182' title='bbox 731 2952 783 3012; x_wconf 87' lang='lat' dir='ltr'>est</span> <span class='ocrx_word' id='word_1_183' title='bbox 797 2947 969 3014; x_wconf 89' lang='lat' dir='ltr'>occultum</span> <span class='ocrx_word' id='word_1_184' title='bbox 983 2953 1019 3014; x_wconf 90' lang='grc'>11</span> <span class='ocrx_word' id='word_1_185' title='bbox 1030 2947 1156 3014; x_wconf 89' lang='lat' dir='ltr'>mulier</span> <span class='ocrx_word' id='word_1_186' title='bbox 1167 2949 1204 3012; x_wconf 93' lang='lat' dir='ltr'>in</span> <span class='ocrx_word' id='word_1_187' title='bbox 1215 2949 1376 3032; x_wconf 89' lang='lat' dir='ltr'>promptu</span> <span class='ocrx_word' id='word_1_188' title='bbox 1390 2963 1460 3010; x_wconf 92' lang='lat' dir='ltr'>non</span> <span class='ocrx_word' id='word_1_189' title='bbox 1473 2944 1531 3010; x_wconf 91' lang='lat' dir='ltr'>ha-</span> 
     </span>
     <span class='ocr_line' id='line_1_24' title="bbox 351 3051 1531 3140; baseline 0.002 -26"><span class='ocrx_word' id='word_1_190' title='bbox 351 3051 410 3116; x_wconf 90' lang='lat' dir='ltr'>bet</span> <span class='ocrx_word' id='word_1_191' title='bbox 427 3053 657 3135; x_wconf 89' lang='lat' dir='ltr'>probationes,</span> <span class='ocrx_word' id='word_1_192' title='bbox 676 3057 758 3120; x_wconf 93' lang='lat' dir='ltr'>tunc</span> <span class='ocrx_word' id='word_1_193' title='bbox 771 3056 811 3120; x_wconf 88' lang='lat' dir='ltr'>tit</span> <span class='ocrx_word' id='word_1_194' title='bbox 831 3057 1001 3122; x_wconf 83' lang='lat' dir='ltr'>restitutio</span> <span class='ocrx_word' id='word_1_195' title='bbox 1012 3057 1126 3140; x_wconf 89' lang='lat' dir='ltr'>quoad</span> <span class='ocrx_word' id='word_1_196' title='bbox 1139 3054 1437 3130; x_wconf 88' lang='lat' dir='ltr'>cohabitationem,</span> <span class='ocrx_word' id='word_1_197' title='bbox 1453 3070 1531 3120; x_wconf 90' lang='lat' dir='ltr'>cum</span> 
     </span>
     <span class='ocr_line' id='line_1_25' title="bbox 350 3161 1181 3247; baseline 0.005 -24"><span class='ocrx_word' id='word_1_198' title='bbox 350 3161 571 3244; x_wconf 72' lang='lat' dir='ltr'>praesumptio</span> <span class='ocrx_word' id='word_1_199' title='bbox 587 3162 630 3225; x_wconf 88' lang='lat' dir='ltr'>sit</span> <span class='ocrx_word' id='word_1_200' title='bbox 643 3168 763 3229; x_wconf 88' lang='lat' dir='ltr'>contra</span> <span class='ocrx_word' id='word_1_201' title='bbox 776 3163 957 3230; x_wconf 90' lang='lat' dir='ltr'>mulierem</span> <span class='ocrx_word' id='word_1_202' title='bbox 972 3166 1011 3247; x_wconf 89' lang='lat' dir='ltr'>(c.</span> <span class='ocrx_word' id='word_1_203' title='bbox 1029 3165 1068 3228; x_wconf 82' lang='grc'>13</span> <span class='ocrx_word' id='word_1_204' title='bbox 1081 3165 1115 3228; x_wconf 92' lang='lat' dir='ltr'>l1.</span> <span class='ocrx_word' id='word_1_205' title='bbox 1133 3165 1181 3247; x_wconf 85' lang='lat' dir='ltr'>t).</span> 
     </span>
    </p>

    <p class='ocr_par' dir='ltr' id='par_1_9' title="bbox 351 3267 1531 3673">
     <span class='ocr_line' id='line_1_26' title="bbox 391 3267 1531 3356; baseline 0.004 -25"><span class='ocrx_word' id='word_1_206' title='bbox 391 3267 424 3332; x_wconf 69' lang='lat'>2⁰</span> <span class='ocrx_word' id='word_1_207' title='bbox 447 3267 485 3332; x_wconf 89' lang='lat' dir='ltr'>ln</span> <span class='ocrx_word' id='word_1_208' title='bbox 510 3269 661 3334; x_wconf 88' lang='lat' dir='ltr'>secundo</span> <span class='ocrx_word' id='word_1_209' title='bbox 682 3289 775 3347; x_wconf 91' lang='lat' dir='ltr'>casu,</span> <span class='ocrx_word' id='word_1_210' title='bbox 800 3290 926 3355; x_wconf 90' lang='lat' dir='ltr'>nempe</span> <span class='ocrx_word' id='word_1_211' title='bbox 954 3272 1091 3356; x_wconf 88' lang='lat' dir='ltr'>quando</span> <span class='ocrx_word' id='word_1_212' title='bbox 1112 3271 1237 3338; x_wconf 91' lang='lat' dir='ltr'>mulier</span> <span class='ocrx_word' id='word_1_213' title='bbox 1265 3270 1407 3356; x_wconf 88' lang='lat' dir='ltr'>expulsa</span> <span class='ocrx_word' id='word_1_214' title='bbox 1433 3277 1486 3336; x_wconf 87' lang='lat' dir='ltr'>est</span> <span class='ocrx_word' id='word_1_215' title='bbox 1511 3287 1531 3336; x_wconf 90' lang='lat' dir='ltr'>a</span> 
     </span>
     <span class='ocr_line' id='line_1_27' title="bbox 351 3375 1531 3464; baseline 0.003 -24"><span class='ocrx_word' id='word_1_216' title='bbox 351 3375 485 3453; x_wconf 85' lang='lat' dir='ltr'>marito,</span> <span class='ocrx_word' id='word_1_217' title='bbox 499 3379 599 3460; x_wconf 76' lang='lat' dir='ltr'>Juxta</span> <span class='ocrx_word' id='word_1_218' title='bbox 609 3379 779 3444; x_wconf 87' lang='lat' dir='ltr'>veriorem</span> <span class='ocrx_word' id='word_1_219' title='bbox 790 3381 1006 3457; x_wconf 87' lang='lat' dir='ltr'>sententiam,</span> <span class='ocrx_word' id='word_1_220' title='bbox 1021 3379 1161 3446; x_wconf 90' lang='lat' dir='ltr'>deberet</span> <span class='ocrx_word' id='word_1_221' title='bbox 1175 3380 1279 3446; x_wconf 89' lang='lat' dir='ltr'>etiam</span> <span class='ocrx_word' id='word_1_222' title='bbox 1291 3381 1436 3458; x_wconf 90' lang='lat' dir='ltr'>restitui,</span> <span class='ocrx_word' id='word_1_223' title='bbox 1453 3380 1531 3464; x_wconf 87' lang='lat' dir='ltr'>quia</span> 
     </span>
     <span class='ocr_line' id='line_1_28' title="bbox 352 3483 1530 3574; baseline 0.003 -26"><span class='ocrx_word' id='word_1_224' title='bbox 352 3483 387 3550; x_wconf 92' lang='lat' dir='ltr'>in</span> <span class='ocrx_word' id='word_1_225' title='bbox 408 3485 625 3551; x_wconf 86' lang='lat' dir='ltr'>matrimonio</span> <span class='ocrx_word' id='word_1_226' title='bbox 648 3488 820 3570; x_wconf 84' lang='lat' dir='ltr'>possessio</span> <span class='ocrx_word' id='word_1_227' title='bbox 836 3494 889 3553; x_wconf 89' lang='lat' dir='ltr'>est</span> <span class='ocrx_word' id='word_1_228' title='bbox 901 3488 1091 3573; x_wconf 86' lang='lat' dir='ltr'>specialiter</span> <span class='ocrx_word' id='word_1_229' title='bbox 1099 3489 1323 3574; x_wconf 76' lang='lat' dir='ltr'>privilegiata,</span> <span class='ocrx_word' id='word_1_230' title='bbox 1339 3488 1389 3554; x_wconf 86' lang='lat' dir='ltr'>ita</span> <span class='ocrx_word' id='word_1_231' title='bbox 1401 3493 1440 3554; x_wconf 93' lang='grc'>11</span> <span class='ocrx_word' id='word_1_232' title='bbox 1460 3506 1530 3554; x_wconf 89' lang='grc'>111</span> 
     </span>
     <span class='ocr_line' id='line_1_29' title="bbox 352 3593 1531 3673; baseline 0.003 -15"><span class='ocrx_word' id='word_1_233' title='bbox 352 3593 529 3660; x_wconf 87' lang='lat' dir='ltr'>amittatur</span> <span class='ocrx_word' id='word_1_234' title='bbox 542 3593 615 3660; x_wconf 89' lang='lat' dir='ltr'>solo</span> <span class='ocrx_word' id='word_1_235' title='bbox 630 3596 757 3673; x_wconf 89' lang='lat' dir='ltr'>animo,</span> <span class='ocrx_word' id='word_1_236' title='bbox 779 3597 968 3662; x_wconf 86' lang='grc'><strong>1111111111</strong></span> <span class='ocrx_word' id='word_1_237' title='bbox 982 3599 1115 3663; x_wconf 70' lang='lat' dir='ltr'>caeteris</span> <span class='ocrx_word' id='word_1_238' title='bbox 1128 3599 1280 3664; x_wconf 88' lang='lat' dir='ltr'>materiis</span> <span class='ocrx_word' id='word_1_239' title='bbox 1297 3617 1304 3662; x_wconf 92' lang='lat'>:</span> <span class='ocrx_word' id='word_1_240' title='bbox 1320 3597 1449 3662; x_wconf 87' lang='lat' dir='ltr'>etenim</span> <span class='ocrx_word' id='word_1_241' title='bbox 1460 3615 1531 3662; x_wconf 90' lang='lat' dir='ltr'>ma-</span> 
     </span>
    </p>
   </div>
   <div class='ocr_carea' id='block_1_7' title="bbox 352 3700 1530 3980">
    <p class='ocr_par' dir='ltr' id='par_1_10' title="bbox 352 3700 1530 3980">
     <span class='ocr_line' id='line_1_30' title="bbox 353 3700 1530 3790; baseline 0.003 -26"><span class='ocrx_word' id='word_1_242' title='bbox 353 3700 552 3766; x_wconf 90' lang='lat' dir='ltr'>trimonium</span> <span class='ocrx_word' id='word_1_243' title='bbox 576 3701 649 3766; x_wconf 93' lang='lat' dir='ltr'>solo</span> <span class='ocrx_word' id='word_1_244' title='bbox 671 3721 843 3770; x_wconf 89' lang='lat' dir='ltr'>consensu</span> <span class='ocrx_word' id='word_1_245' title='bbox 866 3724 938 3771; x_wconf 92' lang='lat' dir='ltr'>nen</span> <span class='ocrx_word' id='word_1_246' title='bbox 951 3705 1160 3772; x_wconf 88' lang='lat' dir='ltr'>dissolvitur.</span> <span class='ocrx_word' id='word_1_247' title='bbox 1187 3705 1336 3790; x_wconf 87' lang='lat' dir='ltr'>ideoque</span> <span class='ocrx_word' id='word_1_248' title='bbox 1355 3704 1530 3789; x_wconf 86' lang='lat' dir='ltr'>expellens</span> 
     </span>
     <span class='ocr_line' id='line_1_31' title="bbox 352 3805 1530 3894; baseline 0.004 -26"><span class='ocrx_word' id='word_1_249' title='bbox 352 3822 423 3869; x_wconf 91' lang='lat' dir='ltr'>non</span> <span class='ocrx_word' id='word_1_250' title='bbox 436 3805 551 3871; x_wconf 87' lang='lat' dir='ltr'>amisit</span> <span class='ocrx_word' id='word_1_251' title='bbox 563 3809 829 3891; x_wconf 89' lang='lat' dir='ltr'>possessionem,</span> <span class='ocrx_word' id='word_1_252' title='bbox 852 3810 986 3876; x_wconf 91' lang='lat' dir='ltr'>etiamsi</span> <span class='ocrx_word' id='word_1_253' title='bbox 1006 3810 1165 3878; x_wconf 88' lang='lat' dir='ltr'>habuerit</span> <span class='ocrx_word' id='word_1_254' title='bbox 1180 3811 1337 3878; x_wconf 91' lang='lat' dir='ltr'>animum</span> <span class='ocrx_word' id='word_1_255' title='bbox 1351 3809 1530 3894; x_wconf 88' lang='lat' dir='ltr'>amittendi</span> 
     </span>
     <span class='ocr_line' id='line_1_32' title="bbox 352 3931 439 3980; baseline -0.011 -1"><span class='ocrx_word' id='word_1_256' title='bbox 352 3931 439 3980; x_wconf 88' lang='lat' dir='ltr'>earn.</span> 
     </span>
    </p>
   </div>
   <div class='ocr_carea' id='block_1_8' title="bbox 351 4019 1530 4755">
    <p class='ocr_par' dir='ltr' id='par_1_11' title="bbox 351 4019 1530 4755">
     <span class='ocr_line' id='line_1_33' title="bbox 390 4019 1529 4112; baseline 0.006 -27"><span class='ocrx_word' id='word_1_257' title='bbox 390 4021 424 4086; x_wconf 79' lang='lat'>3⁰</span> <span class='ocrx_word' id='word_1_258' title='bbox 437 4019 554 4088; x_wconf 88' lang='lat' dir='ltr'>Plures</span> <span class='ocrx_word' id='word_1_259' title='bbox 566 4041 666 4090; x_wconf 87' lang='lat' dir='ltr'>casus</span> <span class='ocrx_word' id='word_1_260' title='bbox 680 4026 903 4110; x_wconf 86' lang='lat' dir='ltr'>particulares</span> <span class='ocrx_word' id='word_1_261' title='bbox 915 4028 1143 4112; x_wconf 89' lang='lat' dir='ltr'>subjiciuntur</span> <span class='ocrx_word' id='word_1_262' title='bbox 1154 4035 1189 4094; x_wconf 90' lang='lat' dir='ltr'>et</span> <span class='ocrx_word' id='word_1_263' title='bbox 1202 4029 1384 4096; x_wconf 89' lang='lat' dir='ltr'>solvuntur</span> <span class='ocrx_word' id='word_1_264' title='bbox 1397 4047 1419 4095; x_wconf 91' lang='lat' dir='ltr'>a</span> <span class='ocrx_word' id='word_1_265' title='bbox 1431 4043 1529 4093; x_wconf 89' lang='lat' dir='ltr'>cano-</span> 
     </span>
     <span class='ocr_line' id='line_1_34' title="bbox 352 4129 1528 4224; baseline 0.005 -30"><span class='ocrx_word' id='word_1_266' title='bbox 352 4130 460 4207; x_wconf 88' lang='lat' dir='ltr'>nistis,</span> <span class='ocrx_word' id='word_1_267' title='bbox 470 4131 510 4196; x_wconf 72' lang='lat' dir='ltr'>vhi</span> <span class='ocrx_word' id='word_1_268' title='bbox 525 4129 593 4198; x_wconf 94' lang='lat' dir='ltr'>duc</span> <span class='ocrx_word' id='word_1_269' title='bbox 607 4136 797 4217; x_wconf 74' lang='lat' dir='ltr'>presertim</span> <span class='ocrx_word' id='word_1_270' title='bbox 815 4156 822 4199; x_wconf 92' lang='lat'>:</span> <span class='ocrx_word' id='word_1_271' title='bbox 839 4137 881 4200; x_wconf 79' lang='grc'>1“’</span> <span class='ocrx_word' id='word_1_272' title='bbox 896 4137 930 4201; x_wconf 88' lang='lat' dir='ltr'>Si</span> <span class='ocrx_word' id='word_1_273' title='bbox 944 4137 1078 4216; x_wconf 89' lang='lat' dir='ltr'>mulier,</span> <span class='ocrx_word' id='word_1_274' title='bbox 1094 4157 1170 4224; x_wconf 84' lang='lat' dir='ltr'>quae</span> <span class='ocrx_word' id='word_1_275' title='bbox 1180 4139 1316 4223; x_wconf 92' lang='lat' dir='ltr'>propria</span> <span class='ocrx_word' id='word_1_276' title='bbox 1329 4137 1528 4204; x_wconf 88' lang='lat' dir='ltr'>auctoritate</span> 
     </span>
     <span class='ocr_line' id='line_1_35' title="bbox 351 4238 1529 4330; baseline 0.008 -29"><span class='ocrx_word' id='word_1_277' title='bbox 351 4238 458 4304; x_wconf 86' lang='lat' dir='ltr'>avire</span> <span class='ocrx_word' id='word_1_278' title='bbox 472 4241 624 4318; x_wconf 88' lang='lat' dir='ltr'>recessit,</span> <span class='ocrx_word' id='word_1_279' title='bbox 644 4243 709 4326; x_wconf 90' lang='lat' dir='ltr'>ipsi</span> <span class='ocrx_word' id='word_1_280' title='bbox 728 4245 859 4326; x_wconf 90' lang='lat' dir='ltr'>petenti</span> <span class='ocrx_word' id='word_1_281' title='bbox 877 4246 1132 4312; x_wconf 90' lang='lat' dir='ltr'>restitutionem</span> <span class='ocrx_word' id='word_1_282' title='bbox 1152 4247 1289 4330; x_wconf 85' lang='lat' dir='ltr'>objiciat</span> <span class='ocrx_word' id='word_1_283' title='bbox 1306 4247 1529 4312; x_wconf 89' lang='lat' dir='ltr'>commissum</span> 
     </span>
     <span class='ocr_line' id='line_1_36' title="bbox 351 4343 1525 4440; baseline 0.009 -32"><span class='ocrx_word' id='word_1_284' title='bbox 351 4343 394 4409; x_wconf 90' lang='lat' dir='ltr'>ab</span> <span class='ocrx_word' id='word_1_285' title='bbox 409 4365 450 4410; x_wconf 93' lang='grc'>11</span> <span class='ocrx_word' id='word_1_286' title='bbox 472 4347 688 4428; x_wconf 81' lang='lat' dir='ltr'>adulterium,</span> <span class='ocrx_word' id='word_1_287' title='bbox 705 4369 749 4416; x_wconf 87' lang='lat' dir='ltr'>an</span> <span class='ocrx_word' id='word_1_288' title='bbox 771 4357 852 4417; x_wconf 93' lang='lat' dir='ltr'>tunc</span> <span class='ocrx_word' id='word_1_289' title='bbox 870 4354 1003 4418; x_wconf 90' lang='lat' dir='ltr'>restitui</span> <span class='ocrx_word' id='word_1_290' title='bbox 1028 4355 1171 4422; x_wconf 82' lang='lat' dir='ltr'>debeat?</span> <span class='ocrx_word' id='word_1_291' title='bbox 1190 4355 1290 4440; x_wconf 87' lang='lat' dir='ltr'>Resp.</span> <span class='ocrx_word' id='word_1_292' title='bbox 1312 4355 1525 4428; x_wconf 79' lang='lat' dir='ltr'>affirmative,</span> 
     </span>
     <span class='ocr_line' id='line_1_37' title="bbox 352 4450 1530 4540; baseline 0.006 -25"><span class='ocrx_word' id='word_1_293' title='bbox 352 4450 538 4519; x_wconf 92' lang='lat' dir='ltr'>dummodo</span> <span class='ocrx_word' id='word_1_294' title='bbox 562 4453 769 4522; x_wconf 86' lang='lat' dir='ltr'>adulterium</span> <span class='ocrx_word' id='word_1_295' title='bbox 789 4479 858 4524; x_wconf 81' lang='lat' dir='ltr'>non</span> <span class='ocrx_word' id='word_1_296' title='bbox 880 4462 925 4524; x_wconf 83' lang='lat' dir='ltr'>sit</span> <span class='ocrx_word' id='word_1_297' title='bbox 947 4463 1128 4540; x_wconf 82' lang='lat' dir='ltr'>notorium,</span> <span class='ocrx_word' id='word_1_298' title='bbox 1154 4463 1288 4530; x_wconf 90' lang='lat' dir='ltr'>etiamsi</span> <span class='ocrx_word' id='word_1_299' title='bbox 1312 4465 1428 4528; x_wconf 91' lang='lat' dir='ltr'>statim</span> <span class='ocrx_word' id='word_1_300' title='bbox 1443 4479 1530 4526; x_wconf 87' lang='lat' dir='ltr'>uxor</span> 
     </span>
     <span class='ocr_line' id='line_1_38' title="bbox 351 4559 1529 4654; baseline 0.006 -31"><span class='ocrx_word' id='word_1_301' title='bbox 351 4559 435 4624; x_wconf 88' lang='lat' dir='ltr'>velit</span> <span class='ocrx_word' id='word_1_302' title='bbox 447 4562 569 4628; x_wconf 88' lang='lat' dir='ltr'>atlerre</span> <span class='ocrx_word' id='word_1_303' title='bbox 584 4565 818 4648; x_wconf 65' lang='lat' dir='ltr'>probationem</span> <span class='ocrx_word' id='word_1_304' title='bbox 836 4587 934 4634; x_wconf 88' lang='lat' dir='ltr'>secus</span> <span class='ocrx_word' id='word_1_305' title='bbox 947 4569 976 4634; x_wconf 86' lang='lat' dir='ltr'>si</span> <span class='ocrx_word' id='word_1_306' title='bbox 990 4569 1197 4636; x_wconf 88' lang='lat' dir='ltr'>adulterium</span> <span class='ocrx_word' id='word_1_307' title='bbox 1211 4571 1256 4636; x_wconf 92' lang='lat' dir='ltr'>sit</span> <span class='ocrx_word' id='word_1_308' title='bbox 1271 4570 1455 4654; x_wconf 88' lang='lat' dir='ltr'>notorium,</span> <span class='ocrx_word' id='word_1_309' title='bbox 1473 4568 1529 4632; x_wconf 86' lang='lat' dir='ltr'>vel</span> 
     </span>
     <span class='ocr_line' id='line_1_39' title="bbox 353 4666 1528 4755; baseline 0.009 -23"><span class='ocrx_word' id='word_1_310' title='bbox 353 4666 435 4734; x_wconf 91' lang='lat' dir='ltr'>illud</span> <span class='ocrx_word' id='word_1_311' title='bbox 449 4672 677 4738; x_wconf 88' lang='lat' dir='ltr'>commisisset</span> <span class='ocrx_word' id='word_1_312' title='bbox 689 4675 793 4740; x_wconf 88' lang='lat' dir='ltr'>etiam</span> <span class='ocrx_word' id='word_1_313' title='bbox 814 4695 911 4744; x_wconf 89' lang='lat' dir='ltr'>uxor.</span> <span class='ocrx_word' id='word_1_314' title='bbox 937 4713 976 4725; x_wconf 91' lang='lat'>—-</span> <span class='ocrx_word' id='word_1_315' title='bbox 990 4678 1034 4742; x_wconf 68' lang='lat'>2⁴¹³</span> <span class='ocrx_word' id='word_1_316' title='bbox 1047 4677 1133 4755; x_wconf 86' lang='lat' dir='ltr'>Quid</span> <span class='ocrx_word' id='word_1_317' title='bbox 1149 4680 1176 4743; x_wconf 91' lang='grc'>11</span> <span class='ocrx_word' id='word_1_318' title='bbox 1198 4678 1321 4744; x_wconf 85' lang='lat' dir='ltr'>mulier</span> <span class='ocrx_word' id='word_1_319' title='bbox 1335 4679 1459 4744; x_wconf 91' lang='lat' dir='ltr'>marito</span> <span class='ocrx_word' id='word_1_320' title='bbox 1477 4696 1528 4742; x_wconf 89' lang='lat' dir='ltr'>re-</span> 
     </span>
    </p>
   </div>
   <div class='ocr_carea' id='block_1_9' title="bbox 0 0 1748 5564">
    <p class='ocr_par' dir='ltr' id='par_1_12' title="bbox 0 0 1748 5564">
     <span class='ocr_line' id='line_1_40' title="bbox 0 0 1748 5564; baseline 0 0"><span class='ocrx_word' id='word_1_321' title='bbox 0 0 1748 5564; x_wconf 95' lang='lat' dir='ltr'> </span> 
     </span>
    </p>
   </div>
  </div>
 </body>
</html>
