<?xml version="1.0" encoding="UTF-8"?>
<!DOCTYPE html PUBLIC "-//W3C//DTD XHTML 1.0 Transitional//EN"
    "http://www.w3.org/TR/xhtml1/DTD/xhtml1-transitional.dtd">
<html xmlns="http://www.w3.org/1999/xhtml" xml:lang="en" lang="en">
 <head>
  <title>
</title>
<meta http-equiv="Content-Type" content="text/html;charset=utf-8" />
  <meta name='ocr-system' content='tesseract 3.04.00' />
  <meta name='ocr-capabilities' content='ocr_page ocr_carea ocr_par ocr_line ocrx_word'/>
</head>
<body>
  <div class='ocr_page' id='page_1' title='image "./juscanonicumjux00grangoog_0665.png"; bbox 0 0 3440 5568; ppageno 0'>
   <div class='ocr_carea' id='block_1_1' title="bbox 367 571 1351 660">
    <p class='ocr_par' dir='ltr' id='par_1_1' title="bbox 367 571 1351 660">
     <span class='ocr_line' id='line_1_1' title="bbox 367 571 1351 660; baseline 0.001 -23"><span class='ocrx_word' id='word_1_1' title='bbox 367 591 450 637; x_wconf 83' lang='lat' dir='ltr'><strong>sums</strong></span> <span class='ocrx_word' id='word_1_2' title='bbox 471 591 657 638; x_wconf 76' lang='lat' dir='ltr'><strong>neosroncn</strong></span> <span class='ocrx_word' id='word_1_3' title='bbox 680 591 818 640; x_wconf 81' lang='lat' dir='ltr'><strong>neonem</strong></span> <span class='ocrx_word' id='word_1_4' title='bbox 840 594 877 639; x_wconf 82' lang='lat' dir='ltr'><strong>ac</strong></span> <span class='ocrx_word' id='word_1_5' title='bbox 898 591 1149 660; x_wconf 79' lang='lat' dir='ltr'><strong>oncuannnouns.</strong></span> <span class='ocrx_word' id='word_1_6' title='bbox 1291 571 1351 638; x_wconf 80' lang='grc'><strong>653</strong></span> 
     </span>
    </p>
   </div>
   <div class='ocr_carea' id='block_1_2' title="bbox 138 712 1382 3290">
    <p class='ocr_par' dir='ltr' id='par_1_2' title="bbox 168 712 1350 877">
     <span class='ocr_line' id='line_1_2' title="bbox 168 712 1350 788; baseline -0.005 -12"><span class='ocrx_word' id='word_1_7' title='bbox 168 727 245 787; x_wconf 85' lang='lat' dir='ltr'><strong>spes</strong></span> <span class='ocrx_word' id='word_1_8' title='bbox 259 713 383 772; x_wconf 85' lang='lat' dir='ltr'><strong>evidens</strong></span> <span class='ocrx_word' id='word_1_9' title='bbox 398 713 617 772; x_wconf 81' lang='lat' dir='ltr'><strong>emendationis</strong></span> <span class='ocrx_word' id='word_1_10' title='bbox 632 715 824 788; x_wconf 87' lang='lat' dir='ltr'><strong>comprobata</strong></span> <span class='ocrx_word' id='word_1_11' title='bbox 839 714 946 774; x_wconf 91' lang='lat' dir='ltr'><strong>litteris</strong></span> <span class='ocrx_word' id='word_1_12' title='bbox 961 712 1214 774; x_wconf 83' lang='lat' dir='ltr'><strong>testimonialibus</strong></span> <span class='ocrx_word' id='word_1_13' title='bbox 1232 712 1350 771; x_wconf 90' lang='lat' dir='ltr'><strong>ordina-</strong></span> 
     </span>
     <span class='ocr_line' id='line_1_3' title="bbox 174 803 409 877; baseline 0 -17"><span class='ocrx_word' id='word_1_14' title='bbox 174 803 288 862; x_wconf 85' lang='lat' dir='ltr'><strong>riorum</strong></span> <span class='ocrx_word' id='word_1_15' title='bbox 304 803 409 877; x_wconf 76' lang='lat' dir='ltr'><strong>(teia).</strong></span> 
     </span>
    </p>

    <p class='ocr_par' dir='ltr' id='par_1_3' title="bbox 174 892 1355 1328">
     <span class='ocr_line' id='line_1_4' title="bbox 210 892 1352 972; baseline 0 -22"><span class='ocrx_word' id='word_1_16' title='bbox 210 892 349 962; x_wconf 89' lang='lat' dir='ltr'><strong>Quandiu</strong></span> <span class='ocrx_word' id='word_1_17' title='bbox 364 893 451 968; x_wconf 89' lang='lat' dir='ltr'><strong>ejecti</strong></span> <span class='ocrx_word' id='word_1_18' title='bbox 467 899 643 967; x_wconf 89' lang='lat' dir='ltr'><strong>permanent</strong></span> <span class='ocrx_word' id='word_1_19' title='bbox 658 901 741 954; x_wconf 80' lang='lat' dir='ltr'><strong>extra</strong></span> <span class='ocrx_word' id='word_1_20' title='bbox 751 895 938 972; x_wconf 82' lang='lat' dir='ltr'><strong>religionem,</strong></span> <span class='ocrx_word' id='word_1_21' title='bbox 954 901 1099 956; x_wconf 80' lang='lat' dir='ltr'><strong>statutum</strong></span> <span class='ocrx_word' id='word_1_22' title='bbox 1110 899 1157 954; x_wconf 84' lang='lat' dir='ltr'><strong>est</strong></span> <span class='ocrx_word' id='word_1_23' title='bbox 1171 897 1205 952; x_wconf 93' lang='lat' dir='ltr'><strong>ut</strong></span> <span class='ocrx_word' id='word_1_24' title='bbox 1215 892 1352 952; x_wconf 79' lang='lat' dir='ltr'><strong>incedere</strong></span> 
     </span>
     <span class='ocr_line' id='line_1_5' title="bbox 174 981 1352 1061; baseline 0 -21"><span class='ocrx_word' id='word_1_25' title='bbox 174 981 302 1042; x_wconf 90' lang='lat' dir='ltr'><strong>debeant</strong></span> <span class='ocrx_word' id='word_1_26' title='bbox 315 982 346 1042; x_wconf 92' lang='lat' dir='ltr'><strong>in</strong></span> <span class='ocrx_word' id='word_1_27' title='bbox 357 983 460 1042; x_wconf 86' lang='lat' dir='ltr'><strong>babitu</strong></span> <span class='ocrx_word' id='word_1_28' title='bbox 476 983 616 1054; x_wconf 87' lang='lat' dir='ltr'><strong>clericali,</strong></span> <span class='ocrx_word' id='word_1_29' title='bbox 632 989 662 1044; x_wconf 87' lang='lat' dir='ltr'><strong>ei</strong></span> <span class='ocrx_word' id='word_1_30' title='bbox 677 985 804 1045; x_wconf 87' lang='lat' dir='ltr'><strong>subesse</strong></span> <span class='ocrx_word' id='word_1_31' title='bbox 818 986 999 1061; x_wconf 86' lang='lat' dir='ltr'><strong>subjectioni</strong></span> <span class='ocrx_word' id='word_1_32' title='bbox 1014 989 1043 1044; x_wconf 92' lang='lat' dir='ltr'><strong>et</strong></span> <span class='ocrx_word' id='word_1_33' title='bbox 1054 982 1258 1059; x_wconf 84' lang='lat' dir='ltr'><strong>jurisdictioni</strong></span> <span class='ocrx_word' id='word_1_34' title='bbox 1273 981 1352 1041; x_wconf 93' lang='lat' dir='ltr'><strong>ordi·</strong></span> 
     </span>
     <span class='ocr_line' id='line_1_6' title="bbox 175 1071 1352 1146; baseline -0.001 -16"><span class='ocrx_word' id='word_1_35' title='bbox 175 1073 251 1130; x_wconf 91' lang='lat' dir='ltr'><strong>narii</strong></span> <span class='ocrx_word' id='word_1_36' title='bbox 266 1071 335 1142; x_wconf 91' lang='lat' dir='ltr'><strong>loei,</strong></span> <span class='ocrx_word' id='word_1_37' title='bbox 363 1077 391 1130; x_wconf 92' lang='lat' dir='ltr'><strong>et</strong></span> <span class='ocrx_word' id='word_1_38' title='bbox 406 1077 449 1142; x_wconf 87' lang='lat' dir='ltr'><strong>ui,</strong></span> <span class='ocrx_word' id='word_1_39' title='bbox 466 1073 492 1132; x_wconf 92' lang='lat' dir='ltr'><strong>si</strong></span> <span class='ocrx_word' id='word_1_40' title='bbox 517 1073 629 1132; x_wconf 88' lang='lat' dir='ltr'><strong>luerint</strong></span> <span class='ocrx_word' id='word_1_41' title='bbox 644 1074 772 1133; x_wconf 84' lang='lat' dir='ltr'><strong>ordinati</strong></span> <span class='ocrx_word' id='word_1_42' title='bbox 790 1075 885 1134; x_wconf 87' lang='lat' dir='ltr'><strong>saeris</strong></span> <span class='ocrx_word' id='word_1_43' title='bbox 905 1073 1075 1144; x_wconf 70' lang='lat' dir='ltr'><strong>ordinibus</strong></span> <span class='ocrx_word' id='word_1_44' title='bbox 1101 1073 1243 1146; x_wconf 81' lang='lat' dir='ltr'><strong>suspensi</strong></span> <span class='ocrx_word' id='word_1_45' title='bbox 1258 1086 1352 1130; x_wconf 91' lang='lat' dir='ltr'><strong>rema-</strong></span> 
     </span>
     <span class='ocr_line' id='line_1_7' title="bbox 175 1160 1355 1232; baseline -0.002 -13"><span class='ocrx_word' id='word_1_46' title='bbox 175 1165 266 1220; x_wconf 87' lang='lat' dir='ltr'><strong>neant</strong></span> <span class='ocrx_word' id='word_1_47' title='bbox 285 1161 322 1219; x_wconf 88' lang='lat' dir='ltr'><strong>ab</strong></span> <span class='ocrx_word' id='word_1_48' title='bbox 346 1175 449 1220; x_wconf 90' lang='lat' dir='ltr'><strong>eorum</strong></span> <span class='ocrx_word' id='word_1_49' title='bbox 470 1161 621 1232; x_wconf 82' lang='lat' dir='ltr'><strong>exercitio,</strong></span> <span class='ocrx_word' id='word_1_50' title='bbox 644 1163 763 1224; x_wconf 87' lang='lat' dir='ltr'><strong>sublata</strong></span> <span class='ocrx_word' id='word_1_51' title='bbox 785 1164 946 1222; x_wconf 91' lang='lat' dir='ltr'><strong>ordinariis</strong></span> <span class='ocrx_word' id='word_1_52' title='bbox 968 1163 1108 1222; x_wconf 86' lang='lat' dir='ltr'><strong>laenitate</strong></span> <span class='ocrx_word' id='word_1_53' title='bbox 1134 1160 1288 1222; x_wconf 82' lang='lat' dir='ltr'><strong>relaxandi</strong></span> <span class='ocrx_word' id='word_1_54' title='bbox 1303 1164 1355 1219; x_wconf 88' lang='lat' dir='ltr'><strong>aut</strong></span> 
     </span>
     <span class='ocr_line' id='line_1_8' title="bbox 174 1251 906 1328; baseline 0.001 -19"><span class='ocrx_word' id='word_1_55' title='bbox 174 1251 349 1311; x_wconf 88' lang='lat' dir='ltr'><strong>moderandi</strong></span> <span class='ocrx_word' id='word_1_56' title='bbox 364 1252 535 1326; x_wconf 77' lang='lat' dir='ltr'><strong>praedictam</strong></span> <span class='ocrx_word' id='word_1_57' title='bbox 551 1254 783 1326; x_wconf 84' lang='lat' dir='ltr'><strong>suspensionem</strong></span> <span class='ocrx_word' id='word_1_58' title='bbox 799 1253 906 1328; x_wconf 70' lang='lat' dir='ltr'><strong>(liridi.</strong></span> 
     </span>
    </p>

    <p class='ocr_par' dir='ltr' id='par_1_4' title="bbox 138 1339 1355 1950">
     <span class='ocr_line' id='line_1_9' title="bbox 210 1339 1353 1416; baseline 0 -18"><span class='ocrx_word' id='word_1_59' title='bbox 210 1343 358 1410; x_wconf 86' lang='lat' dir='ltr'><strong>Donatus,</strong></span> <span class='ocrx_word' id='word_1_60' title='bbox 373 1339 405 1398; x_wconf 92' lang='lat' dir='ltr'><strong>in</strong></span> <span class='ocrx_word' id='word_1_61' title='bbox 417 1341 513 1400; x_wconf 75' lang='lat' dir='ltr'><strong>Praei·</strong></span> <span class='ocrx_word' id='word_1_62' title='bbox 526 1355 587 1400; x_wconf 81' lang='lat' dir='ltr'><strong>rer.</strong></span> <span class='ocrx_word' id='word_1_63' title='bbox 607 1342 702 1416; x_wconf 80' lang='lat' dir='ltr'><strong>repul.</strong></span> <span class='ocrx_word' id='word_1_64' title='bbox 719 1347 801 1401; x_wconf 90' lang='lat' dir='ltr'><strong>tomo</strong></span> <span class='ocrx_word' id='word_1_65' title='bbox 813 1347 835 1414; x_wconf 89' lang='lat' dir='ltr'><strong>l,</strong></span> <span class='ocrx_word' id='word_1_66' title='bbox 854 1348 939 1402; x_wconf 87' lang='lat' dir='ltr'><strong>tract.</strong></span> <span class='ocrx_word' id='word_1_67' title='bbox 960 1345 988 1414; x_wconf 85' lang='lat' dir='ltr'><strong>ii,</strong></span> <span class='ocrx_word' id='word_1_68' title='bbox 1007 1343 1042 1402; x_wconf 84' lang='lat' dir='ltr'><strong>de</strong></span> <span class='ocrx_word' id='word_1_69' title='bbox 1056 1343 1163 1416; x_wconf 73' lang='lat' dir='ltr'><strong>ejece,</strong></span> <span class='ocrx_word' id='word_1_70' title='bbox 1179 1345 1287 1415; x_wconf 77' lang='lat' dir='ltr'><strong>quast.</strong></span> <span class='ocrx_word' id='word_1_71' title='bbox 1307 1343 1353 1408; x_wconf 78' lang='lat'><strong>23,</strong></span> 
     </span>
     <span class='ocr_line' id='line_1_10' title="bbox 177 1428 1353 1506; baseline -0.002 -19"><span class='ocrx_word' id='word_1_72' title='bbox 177 1435 205 1487; x_wconf 89' lang='lat' dir='ltr'><strong>et</strong></span> <span class='ocrx_word' id='word_1_73' title='bbox 218 1433 302 1488; x_wconf 88' lang='lat' dir='ltr'><strong>tract.</strong></span> <span class='ocrx_word' id='word_1_74' title='bbox 318 1433 346 1500; x_wconf 85' lang='lat'><strong>9,</strong></span> <span class='ocrx_word' id='word_1_75' title='bbox 368 1428 403 1487; x_wconf 85' lang='lat' dir='ltr'><strong>de</strong></span> <span class='ocrx_word' id='word_1_76' title='bbox 419 1429 530 1488; x_wconf 82' lang='lat' dir='ltr'><strong>deieci.</strong></span> <span class='ocrx_word' id='word_1_77' title='bbox 546 1444 622 1504; x_wconf 69' lang='lat' dir='ltr'><strong>rep,</strong></span> <span class='ocrx_word' id='word_1_78' title='bbox 646 1435 753 1502; x_wconf 82' lang='lat' dir='ltr'><strong>quaest.</strong></span> <span class='ocrx_word' id='word_1_79' title='bbox 774 1433 808 1489; x_wconf 82' lang='lat' dir='ltr'><strong>id</strong></span> <span class='ocrx_word' id='word_1_80' title='bbox 830 1437 860 1489; x_wconf 93' lang='lat' dir='ltr'><strong>et</strong></span> <span class='ocrx_word' id='word_1_81' title='bbox 880 1435 924 1500; x_wconf 84' lang='lat' dir='ltr'><strong>tr,</strong></span> <span class='ocrx_word' id='word_1_82' title='bbox 940 1435 1022 1490; x_wconf 90' lang='lat' dir='ltr'><strong>tenet</strong></span> <span class='ocrx_word' id='word_1_83' title='bbox 1039 1436 1074 1490; x_wconf 95' lang='lat' dir='ltr'><strong>ut</strong></span> <span class='ocrx_word' id='word_1_84' title='bbox 1093 1429 1228 1506; x_wconf 81' lang='lat' dir='ltr'><strong>religiosi</strong></span> <span class='ocrx_word' id='word_1_85' title='bbox 1251 1428 1288 1487; x_wconf 88' lang='lat' dir='ltr'><strong>ad</strong></span> <span class='ocrx_word' id='word_1_86' title='bbox 1302 1428 1353 1486; x_wconf 89' lang='lat' dir='ltr'><strong>tri-</strong></span> 
     </span>
     <span class='ocr_line' id='line_1_11' title="bbox 176 1517 1355 1594; baseline -0.003 -18"><span class='ocrx_word' id='word_1_87' title='bbox 176 1533 274 1578; x_wconf 91' lang='lat' dir='ltr'><strong>remes</strong></span> <span class='ocrx_word' id='word_1_88' title='bbox 298 1517 441 1589; x_wconf 88' lang='lat' dir='ltr'><strong>damnati‚</strong></span> <span class='ocrx_word' id='word_1_89' title='bbox 466 1519 588 1592; x_wconf 84' lang='lat' dir='ltr'><strong>enpleta¹</strong></span> <span class='ocrx_word' id='word_1_90' title='bbox 608 1534 707 1592; x_wconf 87' lang='lat' dir='ltr'><strong>poenu,</strong></span> <span class='ocrx_word' id='word_1_91' title='bbox 736 1518 856 1592; x_wconf 87' lang='lat' dir='ltr'><strong>possint</strong></span> <span class='ocrx_word' id='word_1_92' title='bbox 878 1519 909 1576; x_wconf 92' lang='lat' dir='ltr'><strong>in</strong></span> <span class='ocrx_word' id='word_1_93' title='bbox 935 1518 1112 1594; x_wconf 79' lang='lat' dir='ltr'><strong>religionem</strong></span> <span class='ocrx_word' id='word_1_94' title='bbox 1136 1517 1242 1590; x_wconf 89' lang='lat' dir='ltr'><strong>redire,</strong></span> <span class='ocrx_word' id='word_1_95' title='bbox 1265 1521 1294 1574; x_wconf 91' lang='lat' dir='ltr'><strong>et</strong></span> <span class='ocrx_word' id='word_1_96' title='bbox 1321 1523 1355 1574; x_wconf 90' lang='lat' dir='ltr'><strong>ut</strong></span> 
     </span>
     <span class='ocr_line' id='line_1_12' title="bbox 138 1608 1353 1684; baseline 0 -18"><span class='ocrx_word' id='word_1_97' title='bbox 138 1638 140 1643; x_wconf 92' lang='lat'>·</span> <span class='ocrx_word' id='word_1_98' title='bbox 176 1609 282 1684; x_wconf 89' lang='lat' dir='ltr'><strong>religio</strong></span> <span class='ocrx_word' id='word_1_99' title='bbox 297 1614 434 1668; x_wconf 84' lang='lat' dir='ltr'><strong>teneatur</strong></span> <span class='ocrx_word' id='word_1_100' title='bbox 456 1610 577 1669; x_wconf 89' lang='lat' dir='ltr'><strong>eosdem</strong></span> <span class='ocrx_word' id='word_1_101' title='bbox 599 1608 839 1682; x_wconf 85' lang='lat' dir='ltr'><strong>recipere,sicut</strong></span> <span class='ocrx_word' id='word_1_102' title='bbox 857 1613 1003 1667; x_wconf 83' lang='lat' dir='ltr'><strong>uxoratus</strong></span> <span class='ocrx_word' id='word_1_103' title='bbox 1027 1622 1171 1683; x_wconf 91' lang='lat' dir='ltr'><strong>egressus</strong></span> <span class='ocrx_word' id='word_1_104' title='bbox 1195 1621 1353 1676; x_wconf 84' lang='lat' dir='ltr'><strong>coarcere,</strong></span> 
     </span>
     <span class='ocr_line' id='line_1_13' title="bbox 175 1694 1354 1772; baseline -0.001 -18"><span class='ocrx_word' id='word_1_105' title='bbox 175 1711 210 1754; x_wconf 88' lang='lat' dir='ltr'><strong>eo</strong></span> <span class='ocrx_word' id='word_1_106' title='bbox 225 1703 343 1769; x_wconf 89' lang='lat' dir='ltr'><strong>peraeto</strong></span> <span class='ocrx_word' id='word_1_107' title='bbox 359 1697 476 1767; x_wconf 81' lang='lat' dir='ltr'><strong>exsilio,</strong></span> <span class='ocrx_word' id='word_1_108' title='bbox 491 1698 528 1756; x_wconf 91' lang='lat' dir='ltr'><strong>ad</strong></span> <span class='ocrx_word' id='word_1_109' title='bbox 544 1712 631 1756; x_wconf 90' lang='lat' dir='ltr'><strong>suum</strong></span> <span class='ocrx_word' id='word_1_110' title='bbox 647 1702 761 1771; x_wconf 89' lang='lat' dir='ltr'><strong>spectat</strong></span> <span class='ocrx_word' id='word_1_111' title='bbox 774 1711 910 1768; x_wconf 85' lang='lat' dir='ltr'><strong>uxorem,</strong></span> <span class='ocrx_word' id='word_1_112' title='bbox 931 1697 973 1755; x_wconf 90' lang='lat' dir='ltr'><strong>ita</strong></span> <span class='ocrx_word' id='word_1_113' title='bbox 991 1695 1150 1772; x_wconf 85' lang='lat' dir='ltr'><strong>regularis,</strong></span> <span class='ocrx_word' id='word_1_114' title='bbox 1169 1694 1254 1753; x_wconf 90' lang='lat' dir='ltr'><strong>linito</strong></span> <span class='ocrx_word' id='word_1_115' title='bbox 1271 1695 1354 1754; x_wconf 89' lang='lat' dir='ltr'><strong>trire-</strong></span> 
     </span>
     <span class='ocr_line' id='line_1_14' title="bbox 175 1783 1353 1861; baseline -0.002 -17"><span class='ocrx_word' id='word_1_116' title='bbox 175 1786 270 1844; x_wconf 89' lang='lat' dir='ltr'><strong>mium</strong></span> <span class='ocrx_word' id='word_1_117' title='bbox 291 1792 434 1859; x_wconf 87' lang='lat' dir='ltr'><strong>tempore‚</strong></span> <span class='ocrx_word' id='word_1_118' title='bbox 449 1786 486 1846; x_wconf 90' lang='lat' dir='ltr'><strong>ad</strong></span> <span class='ocrx_word' id='word_1_119' title='bbox 511 1801 598 1846; x_wconf 89' lang='lat' dir='ltr'><strong>suam</strong></span> <span class='ocrx_word' id='word_1_120' title='bbox 624 1787 730 1844; x_wconf 86' lang='lat' dir='ltr'><strong>attinet</strong></span> <span class='ocrx_word' id='word_1_121' title='bbox 744 1785 932 1861; x_wconf 79' lang='lat' dir='ltr'><strong>religionem,</strong></span> <span class='ocrx_word' id='word_1_122' title='bbox 956 1799 1025 1845; x_wconf 90' lang='lat' dir='ltr'><strong>eum</strong></span> <span class='ocrx_word' id='word_1_123' title='bbox 1047 1799 1108 1859; x_wconf 85' lang='lat' dir='ltr'><strong>qua</strong></span> <span class='ocrx_word' id='word_1_124' title='bbox 1130 1799 1182 1857; x_wconf 88' lang='lat' dir='ltr'><strong>per</strong></span> <span class='ocrx_word' id='word_1_125' title='bbox 1204 1783 1353 1858; x_wconf 87' lang='lat' dir='ltr'><strong>publicem</strong></span> 
     </span>
     <span class='ocr_line' id='line_1_15' title="bbox 175 1873 990 1950; baseline 0.002 -19"><span class='ocrx_word' id='word_1_126' title='bbox 175 1875 393 1946; x_wconf 76' lang='lat' dir='ltr'><strong>professionem</strong></span> <span class='ocrx_word' id='word_1_127' title='bbox 409 1875 632 1934; x_wconf 86' lang='lat' dir='ltr'><strong>matrimonium</strong></span> <span class='ocrx_word' id='word_1_128' title='bbox 646 1875 796 1934; x_wconf 81' lang='lat' dir='ltr'><strong>contraxit</strong></span> <span class='ocrx_word' id='word_1_129' title='bbox 808 1873 932 1950; x_wconf 55' lang='lat' dir='ltr'><strong>(letas</strong></span> <span class='ocrx_word' id='word_1_130' title='bbox 951 1874 990 1948; x_wconf 83' lang='grc'><strong>1).</strong></span> 
     </span>
    </p>

    <p class='ocr_par' dir='ltr' id='par_1_5' title="bbox 173 1963 1382 2485">
     <span class='ocr_line' id='line_1_16' title="bbox 210 1963 1382 2040; baseline -0.002 -18"><span class='ocrx_word' id='word_1_131' title='bbox 210 1965 290 2024; x_wconf 86' lang='lat' dir='ltr'><strong>Licet</strong></span> <span class='ocrx_word' id='word_1_132' title='bbox 305 1965 459 2024; x_wconf 91' lang='lat' dir='ltr'><strong>nonnullis</strong></span> <span class='ocrx_word' id='word_1_133' title='bbox 479 1963 761 2024; x_wconf 89' lang='lat' dir='ltr'><strong>indecentissimum</strong></span> <span class='ocrx_word' id='word_1_134' title='bbox 780 1965 917 2023; x_wconf 88' lang='lat' dir='ltr'><strong>videatur</strong></span> <span class='ocrx_word' id='word_1_135' title='bbox 932 1969 965 2023; x_wconf 89' lang='lat' dir='ltr'><strong>ut</strong></span> <span class='ocrx_word' id='word_1_136' title='bbox 979 1963 1115 2040; x_wconf 90' lang='lat' dir='ltr'><strong>religiosi</strong></span> <span class='ocrx_word' id='word_1_137' title='bbox 1129 1963 1252 2024; x_wconf 86' lang='lat' dir='ltr'><strong>insumis</strong></span> <span class='ocrx_word' id='word_1_138' title='bbox 1268 1963 1354 2036; x_wconf 93' lang='lat' dir='ltr'><strong>puni·</strong></span> <span class='ocrx_word' id='word_1_139' title='bbox 1374 2015 1382 2032; x_wconf 84' lang='grc'><em>,</em></span> 
     </span>
     <span class='ocr_line' id='line_1_17' title="bbox 175 2053 1352 2130; baseline 0 -18"><span class='ocrx_word' id='word_1_140' title='bbox 175 2055 266 2114; x_wconf 89' lang='lat' dir='ltr'><strong>tionis</strong></span> <span class='ocrx_word' id='word_1_141' title='bbox 295 2070 404 2130; x_wconf 84' lang='lat' dir='ltr'><strong>geuene</strong></span> <span class='ocrx_word' id='word_1_142' title='bbox 430 2055 565 2114; x_wconf 89' lang='lat' dir='ltr'><strong>mulctati</strong></span> <span class='ocrx_word' id='word_1_143' title='bbox 589 2053 698 2112; x_wconf 90' lang='lat' dir='ltr'><strong>iterum</strong></span> <span class='ocrx_word' id='word_1_144' title='bbox 725 2053 829 2112; x_wconf 92' lang='lat' dir='ltr'><strong>babitu</strong></span> <span class='ocrx_word' id='word_1_145' title='bbox 852 2053 996 2128; x_wconf 90' lang='lat' dir='ltr'><strong>religioso</strong></span> <span class='ocrx_word' id='word_1_146' title='bbox 1020 2053 1201 2122; x_wconf 91' lang='lat' dir='ltr'><strong>induantur,</strong></span> <span class='ocrx_word' id='word_1_147' title='bbox 1223 2059 1352 2126; x_wconf 65' lang='lat' dir='ltr'><strong>attamen</strong></span> 
     </span>
     <span class='ocr_line' id='line_1_18' title="bbox 173 2143 1354 2218; baseline -0.001 -17"><span class='ocrx_word' id='word_1_148' title='bbox 173 2159 227 2202; x_wconf 89' lang='lat' dir='ltr'><strong>eos</strong></span> <span class='ocrx_word' id='word_1_149' title='bbox 248 2143 355 2218; x_wconf 86' lang='lat' dir='ltr'><strong>religio</strong></span> <span class='ocrx_word' id='word_1_150' title='bbox 370 2144 499 2217; x_wconf 87' lang='lat' dir='ltr'><strong>recipere</strong></span> <span class='ocrx_word' id='word_1_151' title='bbox 524 2149 652 2214; x_wconf 92' lang='lat' dir='ltr'><strong>tenetur,</strong></span> <span class='ocrx_word' id='word_1_152' title='bbox 678 2147 708 2202; x_wconf 89' lang='lat' dir='ltr'><strong>et</strong></span> <span class='ocrx_word' id='word_1_153' title='bbox 731 2158 783 2202; x_wconf 94' lang='lat' dir='ltr'><strong>eos</strong></span> <span class='ocrx_word' id='word_1_154' title='bbox 799 2143 970 2217; x_wconf 88' lang='lat' dir='ltr'><strong>recipiendo</strong></span> <span class='ocrx_word' id='word_1_155' title='bbox 985 2159 1045 2202; x_wconf 91' lang='lat' dir='ltr'><strong>nou</strong></span> <span class='ocrx_word' id='word_1_156' title='bbox 1061 2143 1203 2218; x_wconf 88' lang='lat' dir='ltr'><strong>intelligit</strong></span> <span class='ocrx_word' id='word_1_157' title='bbox 1224 2143 1354 2216; x_wconf 90' lang='lat' dir='ltr'><strong>recipere</strong></span> 
     </span>
     <span class='ocr_line' id='line_1_19' title="bbox 173 2233 1355 2310; baseline -0.003 -18"><span class='ocrx_word' id='word_1_158' title='bbox 173 2233 382 2308; x_wconf 88' lang='lat' dir='ltr'><strong>incorruptum</strong></span> <span class='ocrx_word' id='word_1_159' title='bbox 406 2249 422 2292; x_wconf 91' lang='lat' dir='ltr'><strong>e</strong></span> <span class='ocrx_word' id='word_1_160' title='bbox 442 2233 627 2304; x_wconf 84' lang='lat' dir='ltr'><strong>triremibus,</strong></span> <span class='ocrx_word' id='word_1_161' title='bbox 653 2235 705 2294; x_wconf 89' lang='lat' dir='ltr'><strong>sed</strong></span> <span class='ocrx_word' id='word_1_162' title='bbox 730 2235 861 2309; x_wconf 89' lang='lat' dir='ltr'><strong>recipere</strong></span> <span class='ocrx_word' id='word_1_163' title='bbox 880 2233 1075 2310; x_wconf 85' lang='lat' dir='ltr'><strong>llagellatum,</strong></span> <span class='ocrx_word' id='word_1_164' title='bbox 1097 2234 1140 2293; x_wconf 86' lang='lat' dir='ltr'><strong>ite</strong></span> <span class='ocrx_word' id='word_1_165' title='bbox 1157 2239 1190 2292; x_wconf 89' lang='lat' dir='ltr'><strong>ut</strong></span> <span class='ocrx_word' id='word_1_166' title='bbox 1204 2233 1302 2293; x_wconf 88' lang='lat' dir='ltr'><strong>iactus</strong></span> <span class='ocrx_word' id='word_1_167' title='bbox 1316 2233 1355 2293; x_wconf 90' lang='lat' dir='ltr'><strong>sit</strong></span> 
     </span>
     <span class='ocr_line' id='line_1_20' title="bbox 175 2321 1355 2395; baseline 0.001 -16"><span class='ocrx_word' id='word_1_168' title='bbox 175 2321 415 2395; x_wconf 88' lang='lat' dir='ltr'><strong>delinquentium</strong></span> <span class='ocrx_word' id='word_1_169' title='bbox 439 2328 544 2393; x_wconf 90' lang='lat' dir='ltr'><strong>terror,</strong></span> <span class='ocrx_word' id='word_1_170' title='bbox 567 2329 596 2381; x_wconf 91' lang='lat' dir='ltr'><strong>et</strong></span> <span class='ocrx_word' id='word_1_171' title='bbox 611 2322 766 2382; x_wconf 84' lang='lat' dir='ltr'><strong>admittere</strong></span> <span class='ocrx_word' id='word_1_172' title='bbox 788 2339 857 2382; x_wconf 92' lang='lat' dir='ltr'><strong>cum</strong></span> <span class='ocrx_word' id='word_1_173' title='bbox 876 2338 910 2382; x_wconf 89' lang='lat' dir='ltr'><strong>ea</strong></span> <span class='ocrx_word' id='word_1_174' title='bbox 930 2321 1099 2382; x_wconf 81' lang='lat' dir='ltr'><strong>differentia</strong></span> <span class='ocrx_word' id='word_1_175' title='bbox 1119 2337 1210 2395; x_wconf 84' lang='lat' dir='ltr'><strong>quam</strong></span> <span class='ocrx_word' id='word_1_176' title='bbox 1226 2327 1355 2380; x_wconf 90' lang='lat' dir='ltr'><strong>meretur</strong></span> 
     </span>
     <span class='ocr_line' id='line_1_21' title="bbox 176 2411 1225 2485; baseline 0.002 -18"><span class='ocrx_word' id='word_1_177' title='bbox 176 2411 306 2483; x_wconf 87' lang='lat' dir='ltr'><strong>qualitas</strong></span> <span class='ocrx_word' id='word_1_178' title='bbox 322 2426 456 2484; x_wconf 79' lang='lat' dir='ltr'><strong>personae</strong></span> <span class='ocrx_word' id='word_1_179' title='bbox 472 2411 584 2470; x_wconf 78' lang='lat' dir='ltr'><strong>elleetae</strong></span> <span class='ocrx_word' id='word_1_180' title='bbox 597 2411 729 2480; x_wconf 84' lang='lat' dir='ltr'><strong>insumis,</strong></span> <span class='ocrx_word' id='word_1_181' title='bbox 751 2416 780 2469; x_wconf 92' lang='lat' dir='ltr'><strong>et</strong></span> <span class='ocrx_word' id='word_1_182' title='bbox 794 2427 812 2470; x_wconf 93' lang='lat' dir='ltr'><strong>a</strong></span> <span class='ocrx_word' id='word_1_183' title='bbox 825 2411 924 2485; x_wconf 87' lang='lat' dir='ltr'><strong>eulpa,</strong></span> <span class='ocrx_word' id='word_1_184' title='bbox 940 2417 970 2470; x_wconf 90' lang='lat' dir='ltr'><strong>et</strong></span> <span class='ocrx_word' id='word_1_185' title='bbox 983 2427 1001 2470; x_wconf 87' lang='lat' dir='ltr'><strong>a</strong></span> <span class='ocrx_word' id='word_1_186' title='bbox 1015 2427 1105 2484; x_wconf 87' lang='lat' dir='ltr'><strong>poena</strong></span> <span class='ocrx_word' id='word_1_187' title='bbox 1117 2411 1225 2485; x_wconf 77' lang='lat' dir='ltr'><strong>(leid).</strong></span> 
     </span>
    </p>

    <p class='ocr_par' dir='ltr' id='par_1_6' title="bbox 173 2499 1354 2846">
     <span class='ocr_line' id='line_1_22' title="bbox 209 2499 1354 2574; baseline 0.002 -18"><span class='ocrx_word' id='word_1_188' title='bbox 209 2499 295 2571; x_wconf 76' lang='lat' dir='ltr'><strong>Apud</strong></span> <span class='ocrx_word' id='word_1_189' title='bbox 323 2500 452 2558; x_wconf 91' lang='lat' dir='ltr'><strong>llinores</strong></span> <span class='ocrx_word' id='word_1_190' title='bbox 476 2499 654 2559; x_wconf 77' lang='lat' dir='ltr'><strong>reformatos</strong></span> <span class='ocrx_word' id='word_1_191' title='bbox 678 2503 795 2558; x_wconf 87' lang='lat' dir='ltr'><strong>exstare</strong></span> <span class='ocrx_word' id='word_1_192' title='bbox 816 2499 927 2559; x_wconf 90' lang='lat' dir='ltr'><strong>dieitur</strong></span> <span class='ocrx_word' id='word_1_193' title='bbox 947 2499 1120 2560; x_wconf 87' lang='lat' dir='ltr'><strong>constitutio</strong></span> <span class='ocrx_word' id='word_1_194' title='bbox 1148 2515 1215 2574; x_wconf 85' lang='lat' dir='ltr'><strong>quae</strong></span> <span class='ocrx_word' id='word_1_195' title='bbox 1238 2500 1354 2559; x_wconf 91' lang='lat' dir='ltr'><strong>nullum</strong></span> 
     </span>
     <span class='ocr_line' id='line_1_23' title="bbox 178 2588 1354 2664; baseline 0 -19"><span class='ocrx_word' id='word_1_196' title='bbox 178 2588 338 2661; x_wconf 82' lang='lat' dir='ltr'><strong>expulsum</strong></span> <span class='ocrx_word' id='word_1_197' title='bbox 349 2593 377 2647; x_wconf 89' lang='lat' dir='ltr'><strong>et</strong></span> <span class='ocrx_word' id='word_1_198' title='bbox 392 2589 428 2647; x_wconf 89' lang='lat' dir='ltr'><strong>ad</strong></span> <span class='ocrx_word' id='word_1_199' title='bbox 440 2589 576 2648; x_wconf 88' lang='lat' dir='ltr'><strong>triremes</strong></span> <span class='ocrx_word' id='word_1_200' title='bbox 592 2589 766 2648; x_wconf 87' lang='lat' dir='ltr'><strong>damnatum</strong></span> <span class='ocrx_word' id='word_1_201' title='bbox 778 2589 909 2664; x_wconf 91' lang='lat' dir='ltr'><strong>amplius</strong></span> <span class='ocrx_word' id='word_1_202' title='bbox 923 2589 1104 2649; x_wconf 88' lang='lat' dir='ltr'><strong>adordinem</strong></span> <span class='ocrx_word' id='word_1_203' title='bbox 1113 2589 1228 2648; x_wconf 88' lang='lat' dir='ltr'><strong>admitti</strong></span> <span class='ocrx_word' id='word_1_204' title='bbox 1240 2589 1354 2660; x_wconf 87' lang='lat' dir='ltr'><strong>statuit,</strong></span> 
     </span>
     <span class='ocr_line' id='line_1_24' title="bbox 173 2677 1353 2751; baseline 0 -17"><span class='ocrx_word' id='word_1_205' title='bbox 173 2681 202 2734; x_wconf 91' lang='lat' dir='ltr'><strong>et</strong></span> <span class='ocrx_word' id='word_1_206' title='bbox 224 2677 270 2735; x_wconf 91' lang='lat' dir='ltr'><strong>sic</strong></span> <span class='ocrx_word' id='word_1_207' title='bbox 293 2677 454 2736; x_wconf 89' lang='lat' dir='ltr'><strong>redeuntes</strong></span> <span class='ocrx_word' id='word_1_208' title='bbox 477 2693 495 2736; x_wconf 91' lang='lat' dir='ltr'><strong>a</strong></span> <span class='ocrx_word' id='word_1_209' title='bbox 522 2677 707 2744; x_wconf 82' lang='lat' dir='ltr'><strong>triremibus.</strong></span> <span class='ocrx_word' id='word_1_210' title='bbox 732 2677 849 2751; x_wconf 83' lang='lat' dir='ltr'><strong>expleta</strong></span> <span class='ocrx_word' id='word_1_211' title='bbox 873 2693 972 2751; x_wconf 81' lang='lat' dir='ltr'><strong>poena,</strong></span> <span class='ocrx_word' id='word_1_212' title='bbox 999 2682 1173 2736; x_wconf 89' lang='lat' dir='ltr'><strong>remaneant</strong></span> <span class='ocrx_word' id='word_1_213' title='bbox 1187 2677 1217 2736; x_wconf 91' lang='lat' dir='ltr'><strong>in</strong></span> <span class='ocrx_word' id='word_1_214' title='bbox 1241 2677 1353 2737; x_wconf 72' lang='lat' dir='ltr'><strong>saeculo</strong></span> 
     </span>
     <span class='ocr_line' id='line_1_25' title="bbox 173 2763 963 2846; baseline 0.001 -24"><span class='ocrx_word' id='word_1_215' title='bbox 173 2763 258 2824; x_wconf 90' lang='lat' dir='ltr'><strong>liberi</strong></span> <span class='ocrx_word' id='word_1_216' title='bbox 275 2765 371 2840; x_wconf 80' lang='lat' dir='ltr'><strong>(leia,</strong></span> <span class='ocrx_word' id='word_1_217' title='bbox 385 2767 403 2841; x_wconf 73' lang='grc'>5</span> <span class='ocrx_word' id='word_1_218' title='bbox 418 2766 493 2836; x_wconf 75' lang='lat' dir='ltr'><strong>ulti.</strong></span> <span class='ocrx_word' id='word_1_219' title='bbox 961 2841 963 2846; x_wconf 14' lang='grc' dir='ltr'><strong><em>Α</em></strong></span> 
     </span>
    </p>

    <p class='ocr_par' dir='ltr' id='par_1_7' title="bbox 174 2855 1353 3112">
     <span class='ocr_line' id='line_1_26' title="bbox 211 2855 1353 2934; baseline -0.001 -20"><span class='ocrx_word' id='word_1_220' title='bbox 211 2855 290 2915; x_wconf 87' lang='lat' dir='ltr'><strong>Licet</strong></span> <span class='ocrx_word' id='word_1_221' title='bbox 303 2857 401 2931; x_wconf 86' lang='lat' dir='ltr'><strong>ejecti,</strong></span> <span class='ocrx_word' id='word_1_222' title='bbox 426 2857 453 2915; x_wconf 87' lang='lat' dir='ltr'><strong>si</strong></span> <span class='ocrx_word' id='word_1_223' title='bbox 475 2857 612 2917; x_wconf 89' lang='lat' dir='ltr'><strong>dederint</strong></span> <span class='ocrx_word' id='word_1_224' title='bbox 633 2859 723 2934; x_wconf 88' lang='lat' dir='ltr'><strong>signa</strong></span> <span class='ocrx_word' id='word_1_225' title='bbox 737 2858 931 2932; x_wconf 79' lang='lat' dir='ltr'><strong>ponitentiae,</strong></span> <span class='ocrx_word' id='word_1_226' title='bbox 954 2872 1013 2916; x_wconf 94' lang='lat' dir='ltr'><strong>non</strong></span> <span class='ocrx_word' id='word_1_227' title='bbox 1034 2857 1153 2932; x_wconf 90' lang='lat' dir='ltr'><strong>possint</strong></span> <span class='ocrx_word' id='word_1_228' title='bbox 1176 2855 1353 2932; x_wconf 88' lang='lat' dir='ltr'><strong>arcligione</strong></span> 
     </span>
     <span class='ocr_line' id='line_1_27' title="bbox 174 2941 1353 3022; baseline -0.001 -20"><span class='ocrx_word' id='word_1_229' title='bbox 174 2945 279 3015; x_wconf 88' lang='lat' dir='ltr'><strong>areeri,</strong></span> <span class='ocrx_word' id='word_1_230' title='bbox 294 2947 432 3004; x_wconf 91' lang='lat' dir='ltr'><strong>nonnulli</strong></span> <span class='ocrx_word' id='word_1_231' title='bbox 448 2951 548 3006; x_wconf 88' lang='lat' dir='ltr'><strong>tamen</strong></span> <span class='ocrx_word' id='word_1_232' title='bbox 563 2949 698 3007; x_wconf 91' lang='lat' dir='ltr'><strong>sentiunt</strong></span> <span class='ocrx_word' id='word_1_233' title='bbox 712 2941 741 3006; x_wconf 90' lang='lat' dir='ltr'><strong>id</strong></span> <span class='ocrx_word' id='word_1_234' title='bbox 754 2963 814 3006; x_wconf 93' lang='lat' dir='ltr'><strong>uon</strong></span> <span class='ocrx_word' id='word_1_235' title='bbox 830 2947 999 3021; x_wconf 86' lang='lat' dir='ltr'><strong>procedere,</strong></span> <span class='ocrx_word' id='word_1_236' title='bbox 1010 2947 1128 3022; x_wconf 91' lang='lat' dir='ltr'><strong>quoties</strong></span> <span class='ocrx_word' id='word_1_237' title='bbox 1142 2945 1227 3004; x_wconf 89' lang='lat' dir='ltr'><strong>aliter</strong></span> <span class='ocrx_word' id='word_1_238' title='bbox 1241 2949 1353 3004; x_wconf 86' lang='lat' dir='ltr'><strong>statuu-</strong></span> 
     </span>
     <span class='ocr_line' id='line_1_28' title="bbox 175 3033 810 3112; baseline 0.006 -20"><span class='ocrx_word' id='word_1_239' title='bbox 175 3039 224 3092; x_wconf 92' lang='lat' dir='ltr'><strong>tur</strong></span> <span class='ocrx_word' id='word_1_240' title='bbox 239 3033 269 3093; x_wconf 91' lang='lat' dir='ltr'><strong>in</strong></span> <span class='ocrx_word' id='word_1_241' title='bbox 286 3035 555 3096; x_wconf 88' lang='lat' dir='ltr'><strong>constitutionibus</strong></span> <span class='ocrx_word' id='word_1_242' title='bbox 574 3036 689 3098; x_wconf 90' lang='lat' dir='ltr'><strong>ordinis</strong></span> <span class='ocrx_word' id='word_1_243' title='bbox 704 3038 810 3112; x_wconf 76' lang='lat' dir='ltr'><strong>(ibidi.</strong></span> 
     </span>
    </p>

    <p class='ocr_par' dir='ltr' id='par_1_8' title="bbox 174 3124 1353 3290">
     <span class='ocr_line' id='line_1_29' title="bbox 210 3124 1353 3204; baseline 0.002 -22"><span class='ocrx_word' id='word_1_244' title='bbox 210 3127 232 3182; x_wconf 83' lang='grc' dir='ltr'>Ε</span> <span class='ocrx_word' id='word_1_245' title='bbox 249 3124 394 3200; x_wconf 89' lang='lat' dir='ltr'><strong>religione</strong></span> <span class='ocrx_word' id='word_1_246' title='bbox 415 3126 484 3198; x_wconf 88' lang='lat' dir='ltr'><strong>quis</strong></span> <span class='ocrx_word' id='word_1_247' title='bbox 499 3125 567 3200; x_wconf 86' lang='lat' dir='ltr'><strong>ejici</strong></span> <span class='ocrx_word' id='word_1_248' title='bbox 589 3127 677 3186; x_wconf 90' lang='lat' dir='ltr'><strong>debet</strong></span> <span class='ocrx_word' id='word_1_249' title='bbox 691 3143 708 3186; x_wconf 93' lang='lat' dir='ltr'><strong>a</strong></span> <span class='ocrx_word' id='word_1_250' title='bbox 724 3128 879 3201; x_wconf 89' lang='lat' dir='ltr'><strong>superiore</strong></span> <span class='ocrx_word' id='word_1_251' title='bbox 894 3127 1024 3204; x_wconf 83' lang='lat' dir='ltr'><strong>regulari</strong></span> <span class='ocrx_word' id='word_1_252' title='bbox 1041 3142 1181 3188; x_wconf 89' lang='lat' dir='ltr'><strong>unacum</strong></span> <span class='ocrx_word' id='word_1_253' title='bbox 1201 3125 1353 3186; x_wconf 88' lang='lat' dir='ltr'><strong>ordinario</strong></span> 
     </span>
     <span class='ocr_line' id='line_1_30' title="bbox 174 3211 528 3290; baseline 0.006 -18"><span class='ocrx_word' id='word_1_254' title='bbox 174 3211 290 3289; x_wconf 70' lang='lat' dir='ltr'><strong>(Blera,</strong></span> <span class='ocrx_word' id='word_1_255' title='bbox 309 3220 420 3290; x_wconf 77' lang='lat' dir='ltr'><strong>liupr.</strong></span> <span class='ocrx_word' id='word_1_256' title='bbox 438 3215 528 3290; x_wconf 78' lang='lat' dir='ltr'><strong>ttae).</strong></span> 
     </span>
    </p>
   </div>
   <div class='ocr_carea' id='block_1_3' title="bbox 637 3563 891 3640">
    <p class='ocr_par' dir='ltr' id='par_1_9' title="bbox 637 3563 891 3640">
     <span class='ocr_line' id='line_1_31' title="bbox 637 3563 891 3640; baseline -0.004 -2"><span class='ocrx_word' id='word_1_257' title='bbox 637 3564 789 3640; x_wconf 78' lang='lat' dir='ltr'><strong>suerio</strong></span> <span class='ocrx_word' id='word_1_258' title='bbox 816 3563 891 3639; x_wconf 86' lang='lat' dir='ltr'><strong>Vll.</strong></span> 
     </span>
    </p>
   </div>
   <div class='ocr_carea' id='block_1_4' title="bbox 488 3737 1044 3788">
    <p class='ocr_par' dir='ltr' id='par_1_10' title="bbox 488 3737 1044 3788">
     <span class='ocr_line' id='line_1_32' title="bbox 488 3737 1044 3788; baseline -0.002 -4"><span class='ocrx_word' id='word_1_259' title='bbox 488 3737 530 3785; x_wconf 80' lang='lat' dir='ltr'><strong>nti</strong></span> <span class='ocrx_word' id='word_1_260' title='bbox 557 3741 742 3787; x_wconf 71' lang='lat' dir='ltr'><strong>ecclesiis</strong></span> <span class='ocrx_word' id='word_1_261' title='bbox 767 3741 809 3788; x_wconf 83' lang='grc' dir='ltr'><strong>ΕΤ</strong></span> <span class='ocrx_word' id='word_1_262' title='bbox 834 3741 1044 3787; x_wconf 73' lang='lat' dir='ltr'><strong>siraninus.</strong></span> 
     </span>
    </p>
   </div>
   <div class='ocr_carea' id='block_1_5' title="bbox 234 4035 1298 4173">
    <p class='ocr_par' dir='ltr' id='par_1_11' title="bbox 234 4035 1298 4173">
     <span class='ocr_line' id='line_1_33' title="bbox 234 4035 1298 4107; baseline -0.002 -18"><span class='ocrx_word' id='word_1_263' title='bbox 234 4039 247 4098; x_wconf 70' lang='lat' dir='ltr'><strong>i</strong></span> <span class='ocrx_word' id='word_1_264' title='bbox 265 4037 284 4089; x_wconf 91' lang='grc'><strong>1.</strong></span> <span class='ocrx_word' id='word_1_265' title='bbox 304 4035 351 4092; x_wconf 83' lang='lat' dir='ltr'><strong>De</strong></span> <span class='ocrx_word' id='word_1_266' title='bbox 368 4039 537 4092; x_wconf 76' lang='lat' dir='ltr'><strong>materiali</strong></span> <span class='ocrx_word' id='word_1_267' title='bbox 552 4041 787 4104; x_wconf 78' lang='lat' dir='ltr'><strong>eedlileetione,</strong></span> <span class='ocrx_word' id='word_1_268' title='bbox 803 4039 1016 4107; x_wconf 73' lang='lat' dir='ltr'><strong>reparatione</strong></span> <span class='ocrx_word' id='word_1_269' title='bbox 1033 4041 1069 4091; x_wconf 85' lang='lat' dir='ltr'><strong>et</strong></span> <span class='ocrx_word' id='word_1_270' title='bbox 1085 4035 1298 4090; x_wconf 78' lang='lat' dir='ltr'><strong>demolitione</strong></span> 
     </span>
     <span class='ocr_line' id='line_1_34' title="bbox 650 4119 878 4173; baseline -0.009 0"><span class='ocrx_word' id='word_1_271' title='bbox 650 4119 878 4173; x_wconf 70' lang='lat' dir='ltr'><strong>ecelesiarum.</strong></span> 
     </span>
    </p>
   </div>
   <div class='ocr_carea' id='block_1_6' title="bbox 542 4264 985 4332">
    <p class='ocr_par' dir='ltr' id='par_1_12' title="bbox 542 4264 985 4332">
     <span class='ocr_line' id='line_1_35' title="bbox 542 4264 985 4332; baseline -0.005 -15"><span class='ocrx_word' id='word_1_272' title='bbox 542 4267 560 4317; x_wconf 95' lang='grc'><strong>1.</strong></span> <span class='ocrx_word' id='word_1_273' title='bbox 580 4267 611 4318; x_wconf 86' lang='lat' dir='ltr'><strong>lte</strong></span> <span class='ocrx_word' id='word_1_274' title='bbox 625 4265 776 4318; x_wconf 79' lang='lat' dir='ltr'><strong>edificatione</strong></span> <span class='ocrx_word' id='word_1_275' title='bbox 792 4269 817 4317; x_wconf 87' lang='lat' dir='ltr'><strong>et</strong></span> <span class='ocrx_word' id='word_1_276' title='bbox 829 4264 985 4332; x_wconf 82' lang='lat' dir='ltr'><strong>reparatione.</strong></span> 
     </span>
    </p>
   </div>
   <div class='ocr_carea' id='block_1_7' title="bbox 177 4377 1353 4636">
    <p class='ocr_par' dir='ltr' id='par_1_13' title="bbox 177 4377 1353 4636">
     <span class='ocr_line' id='line_1_36' title="bbox 213 4377 1353 4457; baseline -0.001 -18"><span class='ocrx_word' id='word_1_277' title='bbox 213 4379 352 4440; x_wconf 75' lang='lat' dir='ltr'><strong>Ecclesiae</strong></span> <span class='ocrx_word' id='word_1_278' title='bbox 365 4379 521 4442; x_wconf 83' lang='lat' dir='ltr'><strong>aedilieatio</strong></span> <span class='ocrx_word' id='word_1_279' title='bbox 536 4382 614 4441; x_wconf 90' lang='lat' dir='ltr'><strong>inter</strong></span> <span class='ocrx_word' id='word_1_280' title='bbox 628 4381 778 4456; x_wconf 89' lang='lat' dir='ltr'><strong>praecipua</strong></span> <span class='ocrx_word' id='word_1_281' title='bbox 792 4379 949 4457; x_wconf 90' lang='lat' dir='ltr'><strong>religionis</strong></span> <span class='ocrx_word' id='word_1_282' title='bbox 964 4385 994 4438; x_wconf 91' lang='lat' dir='ltr'><strong>ct</strong></span> <span class='ocrx_word' id='word_1_283' title='bbox 1004 4377 1125 4455; x_wconf 90' lang='lat' dir='ltr'><strong>pietatis</strong></span> <span class='ocrx_word' id='word_1_284' title='bbox 1144 4393 1235 4456; x_wconf 87' lang='lat' dir='ltr'><strong>opera</strong></span> <span class='ocrx_word' id='word_1_285' title='bbox 1251 4395 1353 4439; x_wconf 89' lang='lat' dir='ltr'><strong>reeen-</strong></span> 
     </span>
     <span class='ocr_line' id='line_1_37' title="bbox 177 4469 819 4544; baseline 0 -16"><span class='ocrx_word' id='word_1_286' title='bbox 177 4475 261 4529; x_wconf 88' lang='lat' dir='ltr'><strong>setur</strong></span> <span class='ocrx_word' id='word_1_287' title='bbox 275 4471 378 4544; x_wconf 75' lang='lat' dir='ltr'><strong>(liert,</strong></span> <span class='ocrx_word' id='word_1_288' title='bbox 391 4471 489 4530; x_wconf 80' lang='lat' dir='ltr'><strong>lineet.</strong></span> <span class='ocrx_word' id='word_1_289' title='bbox 502 4469 584 4542; x_wconf 77' lang='lat' dir='ltr'><strong>occi,</strong></span> <span class='ocrx_word' id='word_1_290' title='bbox 599 4475 634 4530; x_wconf 82' lang='lat'><strong>30</strong></span> <span class='ocrx_word' id='word_1_291' title='bbox 644 4471 715 4530; x_wconf 90' lang='lat' dir='ltr'><strong>maii</strong></span> <span class='ocrx_word' id='word_1_292' title='bbox 730 4471 819 4544; x_wconf 79' lang='grc'>1178).</span> 
     </span>
     <span class='ocr_line' id='line_1_38' title="bbox 212 4559 1351 4636; baseline -0.001 -19"><span class='ocrx_word' id='word_1_293' title='bbox 212 4559 263 4618; x_wconf 92' lang='lat' dir='ltr'><strong>illa</strong></span> <span class='ocrx_word' id='word_1_294' title='bbox 278 4559 402 4634; x_wconf 89' lang='lat' dir='ltr'><strong>proinde</strong></span> <span class='ocrx_word' id='word_1_295' title='bbox 423 4561 537 4619; x_wconf 90' lang='lat' dir='ltr'><strong>nemini</strong></span> <span class='ocrx_word' id='word_1_296' title='bbox 553 4565 600 4620; x_wconf 88' lang='lat' dir='ltr'><strong>est</strong></span> <span class='ocrx_word' id='word_1_297' title='bbox 622 4561 723 4630; x_wconf 82' lang='lat' dir='ltr'><strong>vetite,</strong></span> <span class='ocrx_word' id='word_1_298' title='bbox 743 4562 803 4621; x_wconf 92' lang='lat' dir='ltr'><strong>imo</strong></span> <span class='ocrx_word' id='word_1_299' title='bbox 819 4562 855 4621; x_wconf 92' lang='lat' dir='ltr'><strong>de</strong></span> <span class='ocrx_word' id='word_1_300' title='bbox 876 4561 944 4636; x_wconf 90' lang='lat' dir='ltr'><strong>jure</strong></span> <span class='ocrx_word' id='word_1_301' title='bbox 959 4561 1068 4636; x_wconf 85' lang='lat' dir='ltr'><strong>cuique</strong></span> <span class='ocrx_word' id='word_1_302' title='bbox 1083 4559 1165 4620; x_wconf 88' lang='lat' dir='ltr'><strong>licita</strong></span> <span class='ocrx_word' id='word_1_303' title='bbox 1179 4565 1226 4624; x_wconf 91' lang='lat' dir='ltr'><strong>est</strong></span> <span class='ocrx_word' id='word_1_304' title='bbox 1243 4559 1351 4634; x_wconf 74' lang='lat' dir='ltr'><strong>(idid).</strong></span> 
     </span>
    </p>
   </div>
   <div class='ocr_carea' id='block_1_8' title="bbox 178 4649 1351 4814">
    <p class='ocr_par' dir='ltr' id='par_1_14' title="bbox 178 4649 1351 4814">
     <span class='ocr_line' id='line_1_39' title="bbox 178 4649 1351 4814; baseline -0.005 -104"><span class='ocrx_word' id='word_1_305' title='bbox 178 4653 273 4814; x_wconf 42' lang='lat' dir='ltr'><strong>(witige)</strong></span> <span class='ocrx_word' id='word_1_306' title='bbox 300 4650 480 4724; x_wconf 88' lang='lat' dir='ltr'><strong>pariochalis</strong></span> <span class='ocrx_word' id='word_1_307' title='bbox 513 4651 651 4712; x_wconf 90' lang='lat' dir='ltr'><strong>resistere</strong></span> <span class='ocrx_word' id='word_1_308' title='bbox 678 4651 756 4710; x_wconf 85' lang='lat' dir='ltr'><strong>ualet</strong></span> <span class='ocrx_word' id='word_1_309' title='bbox 784 4667 869 4709; x_wconf 76' lang='lat' dir='ltr'><strong>novae</strong></span> <span class='ocrx_word' id='word_1_310' title='bbox 898 4650 970 4710; x_wconf 89' lang='lat' dir='ltr'><strong>huic</strong></span> <span class='ocrx_word' id='word_1_311' title='bbox 998 4651 1131 4711; x_wconf 66' lang='lat' dir='ltr'><strong>ecclesiia</strong></span> <span class='ocrx_word' id='word_1_312' title='bbox 1164 4649 1351 4710; x_wconf 77' lang='lat' dir='ltr'><strong>aedificationi</strong></span> 
     </span>
     <span class='ocr_line' id='line_1_40' title="bbox 254 4780 287 4810; baseline 0 0"><span class='ocrx_word' id='word_1_313' title='bbox 254 4780 261 4794; x_wconf 83' lang='lat'>&#39;</span> <span class='ocrx_word' id='word_1_314' title='bbox 278 4781 287 4810; x_wconf 73' lang='lat' dir='ltr'><strong>t</strong></span> 
     </span>
    </p>
   </div>
   <div class='ocr_carea' id='block_1_9' title="bbox 0 0 1724 5568">
    <p class='ocr_par' dir='ltr' id='par_1_15' title="bbox 0 0 1724 5568">
     <span class='ocr_line' id='line_1_41' title="bbox 0 0 1724 5568; baseline 0 1"><span class='ocrx_word' id='word_1_315' title='bbox 0 0 1724 5568; x_wconf 95' lang='lat' dir='ltr'><strong> </strong></span> 
     </span>
    </p>
   </div>
  </div>
 </body>
</html>
