3488 5568
811 539 818 568 l

547 629 637 674 creua
655 628 782 675 rannus
804 628 1025 675 oecaemuuu.
1317 607 1376 672 553

237 746 269 811 4⁰
285 746 426 813 Caritas
440 746 622 824 oculorum,
637 747 770 812 etiamsi
784 763 895 812 caecus
906 745 1060 830 psalmos
1069 745 1272 810 memoriter
1280 745 1374 822 sciet,

199 875 280 921 nam
303 855 425 940 psalmi
446 855 509 920 soli
528 873 599 920 non
617 859 697 918 suut
717 855 886 930 cilicium
908 854 969 918 sed
989 855 1017 918 si
1042 858 1159 937 posset
1177 855 1378 942 memoriter

198 965 339 1028 recitare
358 964 461 1028 horas
482 963 646 1040 minores,
671 968 706 1026 et
730 965 830 1046 juxta
853 961 996 1046 aliquos,
1015 964 1118 1026 etiam
1137 963 1284 1041 unicam,
1301 963 1376 1028 illas

199 1071 309 1136 dicere
339 1071 558 1153 obligaretur.
592 1071 768 1154 Colligitur
793 1091 836 1135 ex
869 1072 1103 1156 propositione
1140 1071 1300 1136 damnata
1334 1074 1375 1136 nb
1418 1125 1420 1130 .

198 1177 271 1243 lnn.
285 1178 326 1242 lll
347 1198 421 1263 quae
438 1180 480 1244 ab
493 1198 597 1244 onere
607 1181 709 1246 horas
722 1179 870 1265 reliquas
882 1179 1015 1244 dicendi
1031 1180 1217 1246 excusabat
1227 1199 1306 1245 eum
1318 1181 1374 1264 qui

198 1288 405 1351 matutinum
420 1293 455 1350 et
468 1288 587 1352 laudes
603 1289 714 1354 dicere
730 1310 800 1355 non
814 1294 960 1374 poterat.

237 1397 270 1457 5⁰
281 1395 415 1458 lustum
431 1396 720 1480 impedimentum,
738 1402 776 1461 ut
795 1402 909 1462 metus
919 1397 1121 1480 proditionis
1138 1398 1227 1462 inter
1245 1397 1376 1461 haereti-

198 1519 266 1576 cos,
277 1519 381 1584 opera
390 1503 709 1568 charitatismaximi
717 1505 895 1583 momenti,
907 1522 984 1588 quae
994 1505 1105 1570 omitti
1114 1504 1170 1569 vel
1179 1505 1304 1569 differri
1318 1523 1377 1568 ne-

199 1615 329 1694 queunt
344 1611 417 1674 sine
429 1611 588 1676 scandalo
603 1611 659 1676 vel
669 1613 764 1694 gravi
777 1612 1013 1688 incommodo;
1028 1613 1207 1694 repentina
1217 1615 1252 1675 et
1263 1631 1377 1676 neces-

199 1721 288 1786 saria
302 1720 488 1802 occupatio,
506 1739 582 1803 quse
599 1719 653 1784 vel
667 1721 807 1784 omnino
822 1719 877 1782 vel
893 1719 1016 1784 saltem
1034 1720 1280 1784 convenienter
1298 1737 1377 1782 curn

196 1828 342 1894 lectione
361 1829 525 1893 horarum
548 1847 618 1894 non
642 1834 757 1912 potest
777 1829 964 1894 consistere
992 1849 999 1890 :
1026 1848 1059 1892 v.
1085 1848 1118 1910 g.
1148 1829 1176 1892 si
1197 1829 1377 1893 concursui

197 1937 438 2019 penitentium
446 1937 725 2002 satisfaciendum
734 1938 777 2001 sit
789 1937 826 2001 in
833 1937 973 2020 jubilaeo
986 1937 1042 2001 vel
1051 1941 1204 2020 tempore
1214 1936 1374 2020 paschali,

199 2045 225 2106 si
241 2046 392 2125 graviter
404 2045 572 2112 laboranti
594 2047 693 2112 aliter
712 2048 788 2132 quis
816 2066 887 2112 non
910 2047 1019 2130 possit
1044 2064 1251 2111 succurrere.
1273 2047 1378 2110 Mora-

197 2153 283 2218 listre
299 2173 397 2220 casus
412 2157 633 2238 particulares
648 2157 855 2240 expendunt.
873 2157 954 2221 Vide
970 2157 1002 2220 S.
1019 2157 1102 2238 big„
1119 2155 1141 2219 l.
1158 2156 1210 2232 IV,
1226 2166 1262 2219 n⁰
1278 2157 1347 2220 156.

239 2263 271 2324 6⁰
287 2263 447 2328 Commta
471 2265 650 2344 breciarti;
672 2265 730 2329 ubi
752 2270 865 2329 tamen
891 2263 1171 2345 distinguendum
1194 2271 1245 2327 est
1268 2283 1310 2328 an
1337 2283 1378 2329 ea

199 2371 381 2450 contigerit
394 2371 468 2434 sine
483 2372 583 2456 culpa
597 2373 653 2437 vel
668 2391 746 2437 cum
762 2371 870 2455 culpa.
886 2371 923 2434 ln
938 2372 1050 2454 primo
1073 2391 1154 2436 casu
1178 2377 1375 2445 excusatum

201 2487 315 2544 tamen
333 2485 469 2544 tenetur
481 2483 623 2546 recitare
633 2487 766 2565 partem
775 2499 877 2566 quam
887 2483 1088 2547 memoriter
1098 2482 1209 2558 sciret,
1224 2487 1262 2544 ut
1278 2486 1378 2545 autea

201 2590 349 2653 diximus
365 2589 406 2654 de
424 2607 525 2654 cerco.
538 2588 575 2652 ln
591 2589 740 2654 secundo
756 2587 850 2654 nullo
869 2589 972 2654 modo
991 2595 1182 2654 excusetur.
1202 2589 1286 2654 Vide
1306 2607 1376 2652 mo-

200 2697 335 2761 ralistas
349 2701 384 2761 et
398 2697 573 2762 asceticos.

241 2804 497 2890 7⁰Dispematto
519 2803 703 2886 Pontifices.
728 2805 821 2868 Sum.
850 2805 946 2870 Pout.
972 2809 1087 2888 potest
1110 2803 1221 2871 valide
1245 2805 1377 2889 dispeu-

201 2897 291 2988 sare,
316 2913 419 2977 etiam
441 2914 513 2977 sine
531 2931 649 2989 causa,
672 2913 751 2997 quia
768 2913 931 2995 obligatio
949 2914 1051 2979 cilicii
1073 2919 1215 2978 nonest
1238 2914 1279 2978 de
1299 2917 1376 2996 jure

200 3019 357 3098 naturali,
379 3021 439 3084 sed
455 3021 496 3085 de
510 3025 678 3104 praeoepto
696 3011 935 3086 ecclesiastico.
966 3021 1149 3104 Episcopus
1174 3041 1244 3085 non
1265 3027 1378 3105 potest

199 3131 335 3214 proprie
349 3131 547 3214 dispensare
561 3149 640 3196 cum
659 3130 789 3196 clericis
811 3133 983 3214 majorum
1007 3131 1166 3196 ordinum
1192 3137 1226 3195 et
1248 3132 1375 3196 beness=
1472 3213 1479 3228 Ι

200 3239 307 3314 ciatis,
323 3238 403 3321 quia
415 3237 472 3302 lex
487 3239 671 3322 superioris
686 3238 952 3321 perinferiorem
968 3237 1039 3303 tolli
1051 3257 1119 3303 non
1129 3243 1259 3322 potest;
1276 3257 1376 3320 porro

200 3347 319 3411 nullibi
346 3347 472 3429 legitur
500 3347 755 3433 quodfacultas
780 3348 1009 3432 dispensandi,
1040 3349 1143 3413 etiam
1166 3367 1244 3412 cum
1262 3367 1375 3422 causa,

202 3455 358 3537 delegata
373 3457 417 3519 sit
427 3455 593 3538 episcopis
604 3455 706 3519 modo
716 3455 878 3536 generali.
888 3455 1015 3519 Tamen
1026 3455 1222 3538 dispensare
1234 3461 1379 3537 possunt

200 3563 397 3646 improprie,
415 3563 550 3646 quando
566 3561 694 3626 scilicet
707 3563 825 3626 incidit
838 3563 982 3627 dubium
994 3581 1038 3626 an
1049 3562 1191 3627 clericus
1206 3563 1262 3626 rel
1277 3563 1380 3626 bene-

201 3670 334 3734 ssciatus
345 3671 379 3732 in
394 3687 475 3734 casu
490 3669 603 3752 aliquo
617 3669 811 3752 particulari
827 3673 985 3736 teneatur
997 3669 1099 3734 horas
1115 3670 1267 3732 recitare.

244 3776 275 3840 S.
290 3776 505 3856 Lig.,l.lV,n⁰
519 3777 588 3852 tac,
602 3775 710 3852 docet,
722 3776 948 3860 poetaliquos,
965 3777 1162 3860 episcopum
1174 3807 1188 3834 a
1201 3795 1268 3840 non
1278 3795 1379 3860 posse

204 3883 400 3966 dispensare
416 3883 481 3946 nisi
496 3901 574 3947 cum
588 3901 691 3948 causa
706 3888 832 3948 etcum
847 3883 961 3966 aliquo
973 3883 1177 3966 particulari,
1188 3901 1321 3948 necnon
1337 3885 1379 3947 ad

204 3991 306 4056 breve
325 3997 460 4075 tempus
476 4018 504 4070 u,
521 3993 601 4077 quia
615 4018 630 4052 κ
653 3993 700 4057 sic
715 4013 779 4057 usu
793 3999 967 4076 receptum
983 3997 1036 4058 est
1050 4017 1076 4054 u.

494 4185 536 4236 lv.
554 4185 646 4236 Peene
661 4183 724 4236 late
739 4185 838 4237 contra
853 4195 910 4236 non
926 4184 1086 4237 recitantes.

245 4317 276 4380 l⁰
298 4315 361 4381 Pro
380 4317 509 4383 clericis
526 4324 560 4383 et
581 4318 750 4400 religiosis
774 4321 831 4403 qui
861 4318 994 4383 nullum
1015 4319 1221 4383 beneficium
1240 4319 1377 4394 hebent,

205 4425 298 4490 nulla
313 4427 498 4492 constituta
512 4429 611 4492 estin
624 4432 700 4513 jure
714 4448 834 4513 poena;
852 4429 1039 4512 sedposset
1050 4429 1150 4493 statui
1164 4446 1266 4512 penna
1277 4430 1380 4509 ajnre

204 4533 398 4616 particulari
411 4533 577 4600 locorum.

245 4641 277 4704 Ψ
292 4641 416 4706 Contra
430 4644 649 4710 beneficiatos
665 4645 879 4728 negligentes
896 4645 1051 4709 divinum
1072 4644 1234 4718 osticium,
1253 4643 1379 4726 duplex

206 4767 227 4814 a
238 4751 316 4832 jure
332 4769 433 4834 poena
448 4752 641 4818 decernitur
658 4775 664 4816 :
682 4755 858 4838 privantur
880 4753 1057 4827 fructibus,
1079 4757 1113 4815 et
1134 4751 1284 4816 indebite
1309 4768 1381 4833 per-
