3498 5572
360 544 420 612 tro
824 563 874 610 scs
895 562 1078 612 nluourcurr.

359 701 471 748 annus
485 682 587 746 (lebet
598 700 675 748 esse
687 682 881 759 continuus,
899 685 1020 747 elnon
1034 682 1257 764 interruptus,
1273 683 1375 763 atque
1389 679 1508 764 incipit
1522 698 1543 745 a

358 790 413 855 die
436 791 585 872 suscepti
610 791 756 868 habitus,
774 797 812 856 ut
826 790 976 856 declarat
989 790 1082 854 idem
1096 805 1192 854 conc.
1209 787 1357 852 Trident.
1375 787 1471 870 (sess.
1488 788 1539 864 25,

358 917 387 962 c.
405 900 454 974 ia,
471 899 513 963 dc
523 899 630 982 lico).
642 899 758 983 ltaque
766 900 876 984 prima
885 897 1035 964 conditio
1044 902 1245 978 esttempus
1256 895 1357 960 unius
1367 895 1542 960 anniinte-

358 1007 421 1088 gri,
439 1006 669 1072 a'lridentino
693 1007 891 1091 impositum
913 1007 976 1072 sub
998 1025 1101 1090 poena
1122 1005 1287 1072 nullitatis
1305 1004 1538 1088 professionis.

358 1116 435 1179 Haec
448 1115 598 1180 conditio
610 1113 753 1196 intelligi
769 1115 871 1180 debet
883 1116 919 1178 in
934 1116 999 1180 boc
1014 1133 1129 1190 sensu,
1148 1113 1239 1198 quod
1250 1117 1386 1196 tempus
1398 1112 1541 1178 novitia-

333 1280 339 1292 ,
359 1229 414 1286 tus
428 1228 578 1308 nequeat
591 1241 668 1288 esse
685 1223 837 1298 brevius;
854 1221 916 1286 sed
928 1221 1067 1303 longius
1081 1221 1208 1306 requiri
1225 1226 1353 1304 posset.

397 1330 479 1395 tliae
494 1330 708 1396 conditiones
723 1331 924 1396 necessariae
940 1333 1021 1394 sunt
1036 1333 1220 1414 sequentes
1236 1349 1243 1392 :

397 1439 555 1505 Probatio
578 1438 775 1524 peragenda
802 1441 855 1502 est
874 1438 910 1500 in
924 1437 1044 1501 babitu
1063 1437 1235 1522 reliqioso,
1262 1456 1306 1502 ex
1331 1453 1426 1502 conc.
1450 1435 1538 1500 Trid.

356 1549 439 1632 (loco
462 1549 541 1632 cit).
558 1549 656 1614 Ratio
673 1554 726 1614 est
745 1547 834 1632 quia,
860 1549 896 1611 in
918 1548 1044 1612 vestitu
1059 1546 1236 1628 religionis
1264 1545 1463 1624 deferendo,
1488 1549 1541 1610 est

357 1657 514 1741 quaedam
540 1657 620 1721 vitae
645 1657 838 1732 austeritas,
860 1673 936 1740 quae
958 1655 1049 1720 inter
1074 1655 1284 1740 probationis
1306 1653 1542 1738 experimenta

355 1769 584 1848 computatur.
600 1764 728 1830 'lamen
743 1763 835 1828 aliud
854 1764 890 1827 in
915 1763 1029 1847 eliqua
1045 1761 1211 1845 religione
1226 1762 1399 1846 praescribi
1410 1765 1537 1846 posset,

356 1875 443 1938 sicut
471 1874 702 1958 praescribitur
727 1873 764 1938 in
793 1873 961 1938 Societete
987 1873 1088 1950 lesu,
1118 1873 1153 1936 in
1180 1891 1248 1956 qua
1282 1876 1355 1937 tota
1383 1869 1539 1954 probatio

355 1984 472 2064 peragi
485 1987 603 2066 posset
612 1983 647 2046 in
660 1987 757 2046 veste
769 1980 934 2046 seculari.

394 2089 550 2155 Probatio
578 2089 782 2170 regulariter
817 2089 935 2174 peragi
963 2089 1065 2154 debet
1091 2089 1127 2152 in
1159 2088 1258 2152 domo
1291 2087 1471 2172 religiosa,
1502 2091 1540 2150 ut

354 2201 489 2262 constat
504 2216 547 2262 ex
561 2197 696 2262 constit.
713 2196 822 2262 Sacro
839 2195 1066 2280 Conprepotio
1089 2195 1213 2261 Urbani
1237 2195 1323 2272 Vlll;
1340 2213 1422 2260 nam
1442 2193 1539 2260 novi-

355 2307 457 2370 tiatus
484 2324 526 2370 eo
548 2305 616 2370 fine
632 2311 685 2370 est
711 2305 899 2381 institutus,
926 2310 965 2368 ut
988 2304 1139 2369 novitius
1162 2303 1365 2386 religionem
1392 2301 1539 2386 experiri

353 2413 472 2495 possit,
502 2417 536 2478 et
556 2413 677 2494 religio
703 2411 857 2477 vicissim
882 2417 996 2476 sumat
1016 2412 1263 2494 experientiam
1286 2411 1328 2476 de
1349 2411 1469 2478 novitii
1485 2411 1538 2476 sui

353 2523 518 2588 moribus.
540 2522 636 2586 Dixi:
654 2547 671 2580 «
690 2521 893 2604 regulariter
908 2547 923 2580 n
938 2541 946 2598 3
961 2539 1043 2587 nam
1065 2521 1101 2585 in
1116 2521 1286 2605 aliquibus
1302 2520 1539 2604 congregatio-

354 2631 465 2708 nibus,
476 2630 627 2695 novitius
641 2629 788 2713 quicum
803 2629 963 2694 facultate
978 2629 1163 2712 superioris
1179 2634 1276 2694 extra
1289 2627 1538 2695 monasterium

353 2737 503 2821 aliquam
530 2737 612 2806 anni
645 2743 779 2820 partem
809 2741 1025 2812 versaretur,
1056 2755 1158 2801 suum
1186 2742 1303 2802 tamen
1331 2737 1537 2802 novitiatum

352 2849 548 2927 perageret;
574 2845 638 2910 sub
653 2843 783 2928 praelati
801 2845 854 2908 sui
879 2844 1074 2910 obedientia
1096 2843 1221 2920 existit,
1238 2849 1273 2908 et
1291 2844 1370 2910 ideo
1383 2863 1536 2928 praesens

351 2957 522 3017 censetur.
540 2952 606 3017 Sed
617 2951 901 3032 remanetregula
910 2951 1114 3016 universalis
1126 2953 1304 3018 statutaab
1314 2952 1453 3018 Urbano
1466 2951 1537 3016 vlll

353 3061 417 3124 sub
430 3079 535 3144 poena
556 3058 723 3125 nullitatis
738 3063 772 3122 et
786 3057 985 3124 irritationis
1008 3059 1232 3143 professionis
1250 3059 1373 3126 deinde
1397 3064 1535 3138 secutae,

352 3173 430 3252 post
444 3169 637 3252 neglectam
649 3167 743 3232 illam
756 3165 1000 3243 conditionem.

393 3277 470 3342 llaec
490 3278 606 3342 omnia
630 3277 763 3360 dejure
778 3277 974 3354 communi;
999 3296 1081 3344 nam
1101 3278 1233 3362 dejure
1256 3277 1406 3362 speciali,
1422 3279 1537 3344 condi-

352 3387 464 3450 tiones
492 3387 715 3470 particulares
741 3387 934 3471 praesentiae
963 3388 998 3452 in
1026 3390 1236 3456 monasterio
1265 3396 1324 3455 aut
1349 3389 1391 3456 de
1418 3389 1537 3455 habitu

353 3493 492 3558 stabiliri
506 3501 652 3579 possunt
666 3495 708 3560 de
722 3513 894 3561 consensu
909 3495 942 3558 S.
955 3495 1137 3564 Pontificio.

589 3689 633 3740 111.
651 3688 690 3739 lte
704 3686 924 3753 obligationibus
940 3691 969 3743 et
980 3689 1094 3754 juribus
1110 3691 1293 3745 novitiorum.

393 3823 425 3904 a)
440 3819 593 3887 Neritius
622 3821 712 3889 intra
737 3841 868 3888 annum
892 3826 1114 3908 probationis,
1147 3828 1277 3910 absque
1300 3827 1397 3909 gravi
1419 3843 1533 3902 causa,

351 3935 495 4012 poteste
511 3931 720 3996 monasterio
734 3930 825 3996 licito
845 3933 963 4014 egredi
978 3939 1013 3998 et
1035 3935 1162 3998 reverti
1178 3934 1222 3998 ad
1241 3933 1415 4012 saeculum,
1432 3935 1536 4000 etiam

351 4055 422 4102 non
443 4037 607 4121 requisita
628 4037 760 4121 praelati
782 4038 932 4116 licentia,
949 4046 1080 4105 uicum
1095 4039 1254 4106 Suarezio
1269 4041 1368 4107 docet
1381 4057 1536 4107 commu-

352 4145 406 4210 nis
421 4146 602 4222 sententia,
630 4165 673 4210 ex
694 4164 723 4210 c.
749 4147 789 4210 23
802 4147 836 4210 h.
855 4153 878 4212 t.
901 4151 965 4213 etl
988 4149 1023 4214 h.
1045 4153 1069 4214 t.
1090 4148 1126 4212 in
1140 4149 1190 4218 6⁰..
1210 4148 1269 4214 Est
1285 4150 1428 4214 enimin
1444 4154 1535 4214 statu

352 4254 570 4337 experientiae
596 4258 635 4318 ut
652 4273 689 4318 se
713 4256 846 4338 probet,
868 4263 902 4322 et
919 4256 1053 4322 nullum
1078 4263 1131 4322 est
1151 4263 1360 4342 praeceptum
1379 4276 1536 4342 perseve-

351 4363 449 4427 randi
463 4363 498 4427 in
511 4367 603 4426 statu
620 4360 797 4444 religioso;
812 4369 929 4428 tumen
953 4365 982 4428 si
992 4371 1113 4429 votum
1128 4365 1170 4430 de
1185 4364 1438 4449 perseverando
1454 4365 1536 4430 emi-

353 4471 464 4548 sisset,
482 4473 667 4547 teneretur,
683 4471 749 4534 nisi
768 4475 804 4534 in
819 4470 984 4553 religione
998 4473 1195 4556 experiatur
1217 4471 1433 4538 difficultates
1447 4472 1536 4539 adeo

352 4595 475 4658 graves
490 4583 528 4641 ut
542 4579 591 4642 eis
605 4578 755 4644 ferendis
768 4579 943 4644 moraliter
957 4581 1001 4649 sit
1014 4580 1125 4664 impar
1141 4602 1150 4644 :
1165 4587 1247 4646 tunc
1256 4581 1399 4646 materia
1412 4583 1484 4648 voti
1497 4581 1536 4644 llt

350 4685 525 4750 moraliter
558 4685 787 4768 impossibilis.
821 4688 993 4753 Reversus
1019 4688 1062 4754 ad
1093 4689 1268 4766 saeculum,
1300 4707 1370 4754 non
1396 4673 1534 4754 tenetur
