3504 5566
644 543 736 588 traam
758 542 945 586 coadunare.
1327 515 1384 578 tite

208 665 335 740 pertinet
356 664 475 738 injungi
495 663 602 736 poterit
616 667 659 730 ut,
672 661 773 720 solnta
786 660 879 734 digua
896 656 1044 726 mercede,
1059 662 1195 714 actorum
1214 653 1384 725 exemplum

209 754 414 813 authenticum
429 753 590 825 appellanti
609 751 689 810 intra
709 751 827 809 brevem
843 749 974 822 aliquem
989 749 1208 818 competentem
1222 743 1384 800 terminum

208 843 351 903 tradatur.
369 846 476 902 Caveat
489 847 589 900 tamen
602 841 695 916 judex
714 857 734 900 a
756 855 813 915 qao
835 853 883 907 ne,
908 839 934 898 si
948 851 1017 896 vere
1039 834 1222 908 appellatum
1244 834 1335 891 luerit
1353 833 1384 890 iu

208 948 280 992 casu
300 931 483 1006 appellabili,
500 931 620 993 interim
636 931 750 1005 aliquid
766 931 797 988 in
812 927 1021 1002 prejudicium
1045 923 1224 998 appellantis
1243 927 1384 990 attentet;

209 1028 239 1080 et
256 1023 356 1094 siper
381 1026 481 1080 actum
504 1021 659 1094 publicum
680 1027 732 1080 aut
755 1033 807 1092 per
829 1017 950 1076 testium
973 1013 1192 1088 depositionem
1217 1011 1387 1070 constiterit

209 1117 274 1170 acta
297 1110 439 1186 denegari
462 1110 634 1184 appellanti,
656 1116 727 1168 tunc
750 1110 890 1168 mandato
913 1109 1050 1168 tradendi
1077 1113 1143 1166 acta
1169 1103 1268 1178 possit
1292 1101 1386 1176 judex

209 1203 419 1277 appellationis
447 1203 586 1277 adjicere,
615 1217 652 1260 ne
673 1201 793 1260 iuterim
816 1200 930 1273 aliquid
958 1199 1028 1258 novi
1057 1201 1161 1256 contra
1188 1193 1386 1268 appellantem

209 1297 381 1352 attentetur.

244 1383 356 1440 vll.hb
370 1382 564 1442 exsecutione
574 1382 761 1442 decretorum
778 1383 807 1438 S.
821 1379 940 1439 concilii
952 1375 1128 1444 Tridentini,
1144 1379 1196 1432 aut
1204 1371 1386 1432 visitationis

210 1474 392 1546 apostolicae,
421 1472 638 1547 appellationes
661 1487 678 1530 a
707 1469 946 1544 metropolitanis
967 1484 1028 1527 non
1056 1465 1249 1539 recipiantur,
1274 1477 1330 1521 nec
1359 1461 1386 1520 si

211 1563 344 1636 episcopi
370 1563 479 1622 virtute
508 1563 644 1636 ejusdem
665 1565 694 1620 S.
718 1561 842 1621 concilii
870 1559 1050 1633 procedunt,
1077 1557 1121 1615 uti
1147 1553 1276 1628 delegati
1301 1551 1387 1610 Sedis

211 1653 398 1725 apostolica,
418 1653 450 1711 in
477 1653 671 1726 causisque
698 1652 755 1710 sub
783 1665 888 1712 eorum
910 1649 1121 1724 jurisdictione
1149 1643 1299 1704 ordinaria
1326 1656 1386 1699 non

212 1745 515 1816 comprehenduntur,
531 1745 613 1804 salva
634 1749 732 1804 tamen
756 1743 787 1802 in
802 1744 859 1804 boo
880 1757 952 1801 casu
977 1742 1145 1816 legatorum
1160 1743 1189 1796 et
1213 1735 1387 1794 nuntiorum
1497 1741 1499 1746 ·

212 1835 444 1908 apostolicorum
459 1837 645 1894 anctoritate.

246 1928 318 1984 Vlll.
329 1925 471 1984 lncausis
480 1939 550 1984 uero
558 1925 741 1984 visitationis
754 1922 1249 1996 ordinariorum,eutcorrectionis
1258 1935 1387 1990 morum,

212 2014 310 2088 quoad
326 2014 463 2074 ellectum
483 2016 687 2074 devolutirum
707 2021 836 2086 tantum,
859 2015 1077 2090 appellationes
1100 2015 1306 2081 admittantur,
1329 2011 1388 2070 nisi

212 2103 248 2162 de
263 2103 436 2178 gravamine
453 2119 504 2178 per
518 2105 702 2163 definitivam
722 2105 907 2178 irreparabili
924 2109 1046 2180 agatnr;
1067 2105 1115 2162 vel
1128 2103 1278 2171 visitator,
1300 2101 1390 2159 citata

212 2199 293 2264 parte
308 2199 337 2251 et
358 2194 490 2254 adhibita
505 2210 604 2254 causae
627 2196 810 2271 cognitione,
830 2194 1013 2269 judicialiter
1032 2193 1186 2266 procedam
1214 2197 1286 2250 tunc
1309 2191 1389 2248 enirn

212 2283 403 2356 appellationi
418 2285 504 2344 loeus
518 2285 582 2349 erit,
599 2286 689 2344 etiam
703 2286 801 2360 quoad
813 2285 951 2344 ellectum
966 2284 1192 2357 suspensivum.

249 2377 294 2432 lll.
310 2375 601 2449 Cumagraramine
615 2376 694 2450 quod
721 2393 774 2450 per
795 2376 978 2436 definitivam
1000 2374 1130 2448 reparari
1155 2373 1270 2446 nequit,
1291 2377 1326 2430 ut
1344 2370 1390 2429 irr-

214 2463 321 2523 debitae
333 2467 558 2536 carcerationis,
572 2467 618 2526 rel
639 2471 771 2536 torturae,
787 2473 840 2526 aut
854 2465 1174 2526 excommunicationis
1195 2463 1285 2522 etiam
1310 2476 1390 2522 com·

215 2555 343 2624 rainatae,
364 2556 540 2628 appellatur,
557 2572 617 2614 non
634 2555 693 2616 nisi
709 2557 783 2616 uisis
799 2556 874 2616 actis
896 2573 933 2615 ex
953 2555 1066 2628 quibus
1086 2553 1237 2612 evidenter
1251 2555 1392 2625 appareat

214 2647 250 2704 de
265 2645 448 2720 gravamine,
464 2645 623 2718 appellatio
640 2646 814 2705 admittatur
837 2651 889 2704 aut
904 2645 1053 2714 inhibitio,
1068 2644 1115 2702 vel
1137 2642 1268 2716 provisio
1290 2641 1392 2715 aliqua

214 2733 403 2793 concedatur.

249 2826 282 2882 X.
301 2825 399 2882 Causa
413 2825 623 2897 appellationis
637 2825 794 2897 pendente,
809 2824 965 2897 appellans
989 2824 1018 2880 in
1034 2822 1138 2882 eodem
1160 2837 1221 2896 quo
1244 2819 1393 2893 reperitur

213 2927 330 2972 carcere
345 2914 541 2986 permanehit,
561 2915 660 2988 quoad
677 2915 770 2988 iudex
791 2915 828 2972 ad
847 2929 937 2988 quem
956 2912 1137 2985 appellatum
1153 2915 1210 2980 est,
1225 2909 1302 2968 visis
1316 2909 1392 2967 actis

213 3007 243 3060 et
255 3017 346 3061 causa
359 3003 490 3077 cognita,
498 3003 585 3062 aliter
600 3005 783 3074 decreverit;
797 3009 827 3062 et
837 3008 919 3072 tunc,
931 3003 957 3062 si
973 3019 990 3061 a
1002 3003 1114 3075 judicis
1125 3003 1165 3062 ad
1177 3017 1264 3076 quem
1274 3001 1392 3058 decreto

214 3091 273 3148 rim
296 3091 457 3150 definitiva
478 3091 616 3158 habente.
640 3093 730 3152 iuerit
744 3093 937 3166 appellatum,
950 3093 1026 3152 nibil
1039 3093 1192 3160 mandare,
1208 3095 1259 3150 aut
1275 3105 1328 3162 pro
1344 3089 1392 3147 sui

214 3179 323 3241 decreti
343 3183 538 3242 exsecutione
565 3189 709 3242 attentare
733 3183 851 3257 poterit,
877 3183 972 3241 donec
991 3198 1043 3255 per
1057 3182 1189 3256 judicem
1209 3180 1393 3253 superiorem

215 3271 295 3330 aliud
312 3271 402 3330 inerit
413 3273 594 3332 ordinatum.

250 3362 295 3420 lli.
318 3364 391 3422 Acta
413 3363 571 3438 originalia
597 3380 758 3437 processus
781 3366 884 3438 primm
906 3364 1058 3423 instantiae
1082 3363 1118 3422 ad
1139 3363 1272 3436 jndicem
1293 3362 1393 3435 appel-

216 3451 337 3510 lationis
358 3454 494 3514 notarius
511 3455 629 3514 mittere
643 3471 703 3514 nou
723 3461 859 3530 cogatur,
876 3455 936 3513 uisi
953 3453 1117 3528 probabilis
1137 3453 1239 3526 aliqua
1255 3452 1394 3512 salsitatis

216 3558 309 3602 causa
333 3547 363 3602 et
384 3544 519 3618 suspicio
540 3545 667 3616 incidat,
697 3563 764 3620 quae
783 3546 966 3620 judicialiter
985 3545 1155 3618 objiciatur,
1177 3549 1207 3602 ct
1229 3549 1313 3614 tunc,
1335 3549 1394 3602 ter·

219 3633 330 3693 minata
344 3649 445 3706 causa,
461 3635 637 3695 remittenda
653 3638 775 3696 suntad
794 3637 990 3706 ordinarium,
1012 3639 1043 3694 ul
1061 3635 1090 3692 iu
1107 3649 1164 3692 suo
1179 3633 1310 3692 archivio
1325 3649 1395 3692 corr-

218 3733 385 3784 serreutur.
1407 3792 1412 3799 ,

253 3817 311 3874 llll.
325 3819 459 3877 Censura
473 3819 678 3878 ecclesiastica
692 3819 723 3878 iu
745 3819 942 3893 appellantem
959 3817 1083 3890 prolata,
1099 3815 1225 3874 relaxari
1247 3818 1299 3872 aut
1313 3812 1396 3871 nulla

218 3905 360 3964 declarari
375 3923 428 3980 per
438 3908 571 3981 jndicem
591 3910 798 3984 appellationis
815 3925 875 3968 nou
896 3909 1003 3982 possit,
1019 3908 1079 3966 nisi
1095 3907 1206 3966 auditis
1219 3904 1353 3978 partibus
1367 3908 1397 3961 et

219 4009 309 4054 causa
322 3999 457 4072 cognita;
471 4005 613 4074 tuncque,
629 4002 655 4060 si
671 4002 840 4062 constiterit
851 4016 916 4060 eam
929 4001 1040 4076 justam
1054 4013 1133 4070 esse,
1146 3997 1184 4056 ad
1196 3996 1326 4069 judicem
1343 3995 1396 4067 qui

218 4087 487 4146 excommunicavit
498 4090 859 4162 appellansremittendus
869 4095 926 4158 est,
942 4088 1296 4160 utabipsojuxtasacros
1306 4101 1396 4144 cano·

220 4189 285 4243 nes,
302 4173 480 4234 beneficium
504 4177 718 4248 absolutionis,
736 4179 762 4237 si
781 4179 935 4237 humiliter
950 4177 1066 4250 petierit
1085 4176 1276 4248 debitamque
1294 4189 1396 4233 emen-

221 4265 370 4324 dationem
395 4267 576 4338 praestiterit,
591 4268 724 4328 obtineat
739 4287 746 4326 ε
763 4271 789 4328 si
804 4285 875 4327 vero
886 4270 1001 4342 justam
1018 4283 1087 4326 esse
1102 4271 1235 4341 apparet,
1259 4267 1397 4338 superior

221 4354 441 4414 absolutionem
454 4357 622 4432 impendat;
639 4359 665 4419 si
680 4359 844 4429 dubitetur,
859 4359 1018 4418 honestius
1034 4365 1128 4418 estut
1143 4359 1179 4417 ad
1195 4358 1399 4416 excommuni-

221 4450 351 4505 catorem
365 4447 444 4505 iutra
457 4448 576 4508 brevem
590 4451 722 4526 aliquem
746 4457 963 4525 competentem
984 4451 1157 4518 terminum,
1178 4449 1274 4506 eidem
1301 4447 1396 4521 praeti-

222 4535 364 4610 geudum,
374 4537 575 4599 absolvendus
586 4541 764 4612 remittatur,
776 4542 845 4601 licet
859 4543 949 4600 etiam
958 4541 1096 4615 superior
1105 4541 1162 4599 hoc
1177 4555 1249 4599 casu
1265 4539 1398 4612 idipsum

222 4639 274 4698 per
289 4641 322 4684 se
338 4633 480 4700 praestare
491 4629 559 4702 jnre
573 4633 681 4704 possit.

259 4718 330 4774 illll.
345 4717 500 4778 Absolutio
514 4720 549 4779 ad
569 4723 726 4796 cautelam,
742 4741 801 4784 non
817 4726 876 4784 nisi
891 4730 974 4798 parte
988 4725 1078 4786 citata
1092 4729 1122 4782 et
1134 4723 1208 4783 visis
1223 4722 1310 4792 actis,
1329 4735 1398 4779 cura
