3504 5566
560 577 647 622 cisen
669 575 798 623 rrnrrcs
818 574 1038 623 oneraremus.
1332 553 1390 621 ise

212 696 328 759 sertim
350 695 524 777 nuptialia.
550 693 701 760 Tandem
716 695 750 758 4ο
772 700 907 778 oportet
928 700 967 759 ut
982 694 1087 759 iidem
1106 693 1218 757 clerici
1239 693 1282 757 ab
1297 693 1391 756 omni

211 803 353 869 avadcia
372 803 521 866 maxime
545 804 614 866 sint
639 800 750 878 alieni,
775 801 1231 885 juxtailludProv.,xxv1u
1257 823 1263 862 :
1288 825 1303 859 «
1328 800 1392 877 Qui

212 911 350 974 festinat
367 911 476 986 ditari,
493 927 564 974 non
580 915 633 974 est
648 911 824 974 innocens.
844 935 859 968 »
876 910 1087 992 Quapropter
1101 907 1248 972 Ecclesia
1262 908 1392 972 eisdem

213 1019 351 1084 sustulit
371 1023 575 1102 potestatem
594 1017 764 1082 condendi
788 1023 994 1083 testamenta
1015 1019 1103 1101 (cap.
1127 1017 1390 1098 Qucmmdom);

213 1145 347 1192 necnon
366 1127 609 1208 negotiationis
629 1126 829 1190 exercitium
848 1130 882 1189 at
895 1126 1064 1209 praecipue
1082 1143 1274 1200 usurarum,
1290 1124 1392 1207 idque

214 1238 276 1300 sub
289 1236 761 1319 poensexcommunicationis
774 1235 1042 1318 (11101116νίοῆο
1057 1235 1091 1299 h.
1108 1236 1171 1310 tit,
1186 1240 1219 1298 et
1230 1235 1391 1310 Trident,

214 1364 297 1409 sess.
322 1345 377 1420 lt,
399 1364 428 1409 c.
455 1346 500 1427 l).
530 1347 577 1410 lle
603 1345 836 1426 negotiatione
862 1345 1038 1429 speciatim
1058 1345 1171 1426 agitur
1197 1344 1232 1408 in
1257 1343 1393 1407 titulolr

213 1452 317 1536 hujus
331 1453 418 1517 libri.
1084 1475 1086 1482 ·

456 1637 488 1686 11.
506 1637 545 1687 De
563 1635 695 1688 decentia
712 1629 827 1688 habitus
842 1634 1010 1688 clericorum
1024 1635 1148 1688 externa.

255 1775 421 1841 Definitur
434 1777 579 1859 positive
596 1783 631 1841 et
644 1779 803 1859 negative
821 1799 827 1842 :

255 1891 287 1970 a)
302 1887 427 1951 Eadem
448 1889 528 1952 vitae
543 1887 706 1952 clericalis
717 1889 879 1954 honestas
895 1889 1048 1972 exposcit
1058 1888 1247 1952 decentiam
1260 1885 1394 1950 habitus

215 2001 403 2060 externam.
428 1995 571 2061 Nomine
597 1997 743 2072 habitus,
769 1996 871 2061 latius
896 1996 1036 2079 accepti,
1060 1995 1155 2060 venit
1181 2012 1252 2058 non
1280 1993 1393 2058 solum

214 2104 330 2180 vestis,
347 2104 407 2168 sed
423 2109 458 2168 et
474 2110 615 2169 tonsura
623 2103 797 2170 clericalis.
813 2105 907 2170 Unde
917 2104 1080 2169 honestas
1090 2103 1226 2167 habitus
1240 2103 1396 2167 consistit

212 2213 248 2275 in
271 2217 413 2278 tonsura
435 2218 469 2276 et
490 2219 586 2279 veste
601 2214 732 2278 clericis
747 2215 895 2298 propria,
913 2213 960 2278 ita
981 2219 1019 2278 ut
1038 2231 1081 2276 ex
1100 2212 1217 2276 habitu
1236 2211 1396 2274 exteriori

214 2320 324 2402 primo
339 2325 479 2403 aspectu
493 2320 636 2385 clericus
649 2341 669 2386 a
681 2321 767 2386 laico
783 2321 1005 2385 discernatur.

254 2428 283 2509 d)
298 2427 380 2506 Once
405 2428 626 2492 adversentur
651 2429 824 2494 modestiae
845 2428 1016 2492 clericali?
1042 2429 1074 2490 l⁰
1091 2425 1208 2492 Clerici
1231 2427 1267 2490 in
1294 2425 1397 2490 sacris

214 2537 389 2599 constituti
405 2541 439 2600 et
455 2537 641 2602 minoristae
666 2537 855 2601 beneficiati
882 2535 1077 2616 obligantur
1101 2535 1143 2599 ad
1170 2540 1347 2598 tonsuram
1363 2538 1397 2596 et

216 2648 350 2707 restem
375 2643 577 2720 clericalem,
599 2663 643 2708 ex
666 2643 877 2708 Clementina
902 2645 935 2708 3·
959 2644 1003 2726 (h.
1030 2645 1105 2726 tit),
1132 2649 1167 2708 et
1185 2662 1228 2706 ex
1245 2642 1392 2705 Tridenl.

216 2752 312 2832 (sess.
328 2753 417 2826 liic.
435 2754 476 2834 6),
487 2754 579 2836 quod
593 2755 735 2818 statuit«
752 2761 790 2818 ut
802 2759 1085 2834 transgressores,
1099 2754 1141 2818 ab
1153 2753 1310 2836 episcopo
1325 2769 1396 2814 mo·
1516 2791 1522 2800 -

218 2859 278 2921 niti
294 2859 398 2922 etiam
419 2860 626 2940 generaliter
637 2880 699 2943 per
713 2863 862 2926 edictum
882 2861 1233 2944 publicum‚p1imum
1254 2877 1396 2941 suspen-

217 2965 340 3030 dentur
354 2969 397 3032 ab
412 2969 582 3032 officiis‘et
596 2969 786 3044 beneflciis3
803 2971 831 3034 si
847 2989 929 3034 vero
946 2969 1054 3033 semel
1066 2969 1211 3051 correpti
1229 2967 1340 3031 denuo
1361 2967 1396 3030 in

216 3075 280 3138 hcc
295 3075 510 3158 deliquerint,
528 3077 632 3141 etiam
656 3078 783 3161 privari
809 3079 928 3141 officiis
953 3083 988 3140 et
1011 3077 1184 3140 beneflciis
1207 3076 1340 3159 possint
1362 3081 1398 3138 et

218 3181 373 3246 debeant.
392 3183 584 3267 »Sequitur
602 3185 807 3250 habitumet
828 3192 1005 3250 tonsuram
1025 3184 1242 3250 habitualiter
1256 3202 1326 3248 non
1348 3185 1398 3246 fe-

217 3296 351 3354 rentem
364 3309 506 3374 peccare
521 3292 712 3358 mortaliter
727 3314 734 3356 :
750 3312 831 3358 nam
850 3311 961 3377 poenae
985 3292 1077 3356 istud
1100 3297 1308 3375 supponunt.
1332 3291 1397 3356 Sed

217 3397 329 3462 clerici
343 3399 534 3464 minoribus
548 3405 682 3464 tantum
691 3401 825 3478 initiati,
841 3401 1045 3465 beneficium
1055 3418 1126 3464 non
1137 3400 1314 3476 habentes,
1327 3419 1397 3465 non

217 3507 373 3588 rigorose
386 3507 583 3589 obligantur
595 3509 638 3574 ad
652 3508 878 3574 deferendum
892 3507 1049 3573 habitum
1064 3513 1099 3572 et
1113 3513 1291 3572 tonsuram
1304 3507 1398 3572 cleri-

219 3615 338 3682 calem.
354 3615 482 3682 Tamen
497 3636 567 3682 non
582 3619 775 3684 deserentes
791 3638 861 3683 non
876 3618 1029 3700 gaudent
1043 3616 1222 3700 privilegio
1236 3618 1312 3682 ieri.

251 3725 291 3788 2⁰
307 3723 423 3789 Clerici
438 3744 551 3810 neque
565 3745 701 3792 comam
716 3745 827 3810 neque
842 3727 983 3790 barbam
997 3725 1127 3788 nutrire
1141 3725 1267 3789 debent
1281 3725 1320 3808 (c.
1336 3726 1398 3801 ts

221 3834 284 3895 etl
299 3832 333 3894 h.
350 3835 397 3914 t),
416 3839 450 3896 et
465 3833 493 3897 si
508 3835 671 3910 nutriant,
686 3835 789 3899 etism
811 3833 909 3898 inviti
924 3835 966 3897 ab
982 3832 1228 3897 archidiaconis
1239 3833 1309 3896 suis
1324 3837 1399 3896 ton-

222 3939 292 4003 deri
305 3945 460 4022 possunt.
478 3939 557 4006 Illos
572 3960 722 4006 canones
736 3941 949 4006 consuetudo
965 3941 1013 4004 sic
1028 3938 1183 4023 explicat,
1201 3945 1240 4003 ut
1251 3940 1399 4023 prohibi-

220 4053 294 4110 tum
319 4048 364 4110 sit
383 4047 513 4112 clericis
534 4050 665 4114 nutrire
689 4067 824 4114 comam
848 4067 943 4112 more
965 4049 1119 4132 profano,
1137 4066 1218 4111 nam
1239 4048 1267 4111 si
1288 4046 1399 4130 capilli

219 4155 366 4220 formam
382 4173 454 4220 non
467 4156 673 4221 excederent
685 4174 706 4220 a
720 4156 802 4220 viris
812 4156 977 4232 honestis,
991 4155 1094 4219 etiam
1107 4154 1213 4233 laicis,
1226 4155 1397 4233 usitatam,

219 4261 361 4326 clericus
374 4261 574 4346 hujusmodi
594 4282 665 4328 non
688 4268 779 4328 asset
799 4262 1147 4329 excommunicandus
1162 4261 1218 4326 vel
1232 4261 1327 4325 aliter
1339 4279 1399 4344 pu-

220 4369 377 4434 niendus.
404 4369 475 4434 lluc
496 4371 644 4435 refertur
667 4371 773 4435 vetita
799 4370 924 4435 delatio
950 4388 1056 4434 comae
1081 4369 1267 4447 adscititiae,
1295 4368 1399 4449 vulgo

216 4497 396 4562 percoque,
414 4497 492 4562 quae
506 4478 587 4542 ferri
603 4478 723 4563 nequit
736 4497 757 4544 a
770 4478 910 4555 clericis,
923 4477 1025 4542 etiam
1041 4482 1136 4542 extra
1150 4477 1333 4540 missarum
1348 4493 1400 4540 so·

220 4585 357 4662 lemnia,
375 4586 448 4650 sine
460 4586 599 4651 licentia
613 4587 762 4670 episcopi
778 4587 913 4668 (Bened.
931 4585 1011 4660 xlv,
1027 4585 1110 4649 last.
1124 4586 1202 4649 eccl.
1219 4585 1270 4661 st,
1286 4583 1346 4663 §t
1364 4591 1398 4648 et

222 4695 271 4770 96,
290 4713 323 4758 n.
340 4696 381 4776 5).
