3504 5572
387 561 447 624 338
848 574 898 618 scs
919 572 1100 619 elnonrcuu.

427 695 609 761 Definitur:
622 717 638 752 «
650 692 720 769 Rei,
732 692 847 758 debito
862 690 938 756 loco
953 695 988 756 ct
1001 695 1165 774 tempore,
1180 685 1340 754 creditori
1351 685 1441 750 lacta
1453 680 1564 746 reddi-

387 803 445 869 tio.
463 827 479 862 ι)
492 801 600 886 igitur
613 805 652 866 ut
665 803 756 866 recte
770 799 832 864 ssat
846 798 981 876 solutio,
1000 797 1186 882 requiritur
1198 801 1237 860 ut
1250 795 1285 860 id
1301 791 1392 878 quod
1407 789 1560 862 solvitur,

388 911 432 974 sit
452 908 601 994 idipsum
622 909 714 993 quod
735 908 898 984 debetur;
919 911 957 972 ut
981 907 1041 972 flat
1067 905 1183 972 debito
1205 905 1391 980 lucanam
1414 897 1563 964 multum

387 1021 530 1084 interest
542 1015 718 1082 creditoris
734 1021 769 1080 et
781 1015 943 1080 debitoris
959 1032 1026 1098 quo
1042 1013 1117 1080 loco
1136 1014 1196 1078 ssot
1210 1011 1335 1077 solutio
1348 1030 1355 1087 ;
1372 1008 1511 1074 tandem
1525 1011 1564 1070 ut

387 1128 446 1191 liat
460 1131 612 1209 tempore
628 1124 752 1189 debito.
767 1123 885 1207 ltaque

425 1233 463 1298 ll.
486 1233 660 1317 Repulsita
682 1240 721 1296 ut
743 1231 864 1296 solutio
885 1233 949 1296 rite
968 1232 1042 1312 fiat.
1059 1232 1092 1313 a)
1114 1229 1163 1294 Ex
1186 1235 1282 1313 parte
1304 1229 1356 1291 rei
1380 1223 1559 1296 solvenda,

385 1341 589 1426 requiritur:
609 1343 642 1405 1ο
658 1344 697 1404 ut
711 1339 864 1404 solvatur
876 1357 932 1403 res
947 1358 1022 1424 quae
1038 1338 1192 1414 debetur,
1209 1355 1290 1402 nam
1304 1334 1397 1400 aliud
1410 1351 1473 1418 pro
1496 1331 1562 1397 alio

385 1450 472 1516 solvi
490 1468 560 1515 non
574 1455 698 1534 potest,
716 1450 823 1514 invito
842 1450 1021 1527 creditore,
1042 1448 1175 1514 etiamsi
1195 1465 1251 1512 res
1270 1447 1430 1530 sitaque
1451 1443 1561 1507 bona:

384 1559 431 1622 ita
443 1558 547 1622 etiam
561 1563 623 1622 art.
635 1557 714 1622 1115
729 1555 807 1622 Cod.
820 1557 884 1621 civ.
899 1557 990 1622 Solvi
1004 1557 1105 1622 debet
1114 1556 1149 1620 id
1162 1555 1254 1640 quod
1264 1554 1418 1630 debetur,
1431 1556 1466 1616 et
1479 1569 1561 1626 non,

395 1685 487 1747 v.g.,
512 1665 658 1750 pecunie
677 1665 752 1732 loco
773 1665 843 1730 vini
864 1666 920 1730 vel
941 1666 1115 1742 frumenti,
1139 1664 1195 1729 vel
1222 1668 1362 1728 moneta
1386 1662 1564 1726 chartacea

383 1774 459 1840 loco
479 1779 627 1840 monetae
647 1773 825 1840 metallicae
845 1793 908 1840 seu
931 1779 1126 1852 conventas,
1149 1773 1215 1838 nisi
1233 1771 1387 1837 salvatur
1404 1769 1563 1834 differen-

324 1913 329 1930 ·
384 1883 440 1960 tia,
456 1903 532 1968 quae
547 1882 652 1965 vulgo
665 1882 787 1948 dieitur
798 1883 927 1968 cloppe
943 1883 986 1965 (S.
1002 1883 1123 1964 Congr.
1136 1881 1234 1947 Univ.
1250 1879 1336 1964 lnq.,
1347 1879 1387 1944 10
1399 1897 1470 1962 apr.
1482 1877 1562 1942 1876

384 1995 419 2054 et
434 1991 472 2056 11
486 1998 570 2075 sept.
598 1993 698 2074 1877).
723 1991 847 2056 Tamen
874 1994 903 2056 si
917 1991 1051 2057 debitor
1072 1996 1220 2074 ponatur
1240 1985 1562 2072 inimpossibilitste

383 2099 547 2166 reddendi
563 2118 637 2164 rem
656 2101 776 2184 ipsam,
798 2105 879 2165 tuno
893 2099 1036 2164 reddere
1052 2099 1192 2164 deberet
1207 2096 1360 2163 valorem
1376 2115 1438 2160 seu
1459 2095 1563 2178 aequi-

383 2206 512 2272 valens.
529 2208 560 2272 1·
575 2207 817 2292 Requiriturut
832 2207 984 2274 solvatur
999 2211 1110 2272 totum
1125 2206 1209 2272 illud
1223 2205 1315 2290 quod
1330 2205 1483 2280 debetur,
1500 2220 1561 2266 scu

382 2321 420 2379 ut
430 2315 554 2380 solutio
563 2315 607 2380 sit
616 2316 791 2398 integralis
805 2335 867 2399 pro
879 2321 949 2381 tota
959 2315 1083 2392 debito,
1098 2332 1180 2379 nam
1194 2311 1406 2398 particularis
1420 2309 1558 2386 solutio,

383 2411 520 2506 propte'r
533 2422 668 2488 facilem
681 2424 822 2490 minutae
834 2424 988 2506 pacuniae
1002 2422 1312 2506 consumptionem,
1329 2421 1495 2486 damnosa
1510 2423 1562 2482 est

383 2530 543 2604 creditori
560 2531 629 2594 :ita
643 2531 747 2596 etiam
762 2536 824 2595 art.
849 2531 928 2594 1111
942 2529 1020 2596 Cod.
1037 2531 1101 2596 civ.
1126 2530 1254 2595 Temen
1270 2530 1299 2593 si
1311 2528 1459 2595 creditor
1471 2526 1561 2594 ultro

382 2638 539 2703 admittet
556 2637 762 2703 solutionem
775 2657 837 2722 per
853 2643 968 2722 partes
982 2637 1038 2702 vel
1052 2639 1100 2704 ita
1118 2643 1328 2704 conventum
1344 2636 1405 2713 sit,
1427 2640 1488 2700 eut
1500 2653 1562 2718 per

382 2750 495 2830 partes
510 2746 677 2810 creditum
691 2748 745 2824 sit,
762 2747 818 2810 vel
832 2765 876 2810 ex
888 2746 1032 2812 diversis
1047 2747 1159 2814 causis
1169 2747 1332 2824 debitum,
1349 2743 1560 2830 particsdaris

383 2872 458 2918 esse
481 2860 597 2937 posset
616 2853 740 2920 solutio
764 2875 772 2918 :
796 2856 844 2922 ita
865 2861 943 2938 post
959 2858 1017 2939 jus
1040 2855 1136 2920 Rom.
1159 2854 1238 2920 (lod.
1255 2855 1319 2919 civ.
1341 2854 1414 2936 (art.
1433 2851 1512 2915 11113
1527 2855 1561 2914 et

382 2961 552 3044 seq.).Sed
563 2961 645 3027 alias
654 2981 774 3028 causas
781 2963 939 3040 admittit,
948 2963 1075 3028 scilicet
1089 2983 1096 3026 :
1112 2963 1225 3048 quoad
1235 2961 1389 3027 haeredes
1397 2958 1560 3025 debitoris

381 3069 575 3152 (1111110),
599 3069 635 3134 in
649 3089 731 3135 casu
752 3071 1042 3154 compensationis
1064 3075 1099 3137 et
1116 3069 1348 3155 fidejussionis
1370 3069 1444 3150 (art.
1469 3065 1558 3140 11911,

380 3175 482 3256 1016),
500 3195 543 3240 ex
556 3178 777 3244 concessione
789 3177 914 3262 judicis
927 3179 1002 3261 (art.
1021 3179 1122 3262 1111).

419 3281 452 3346 3ο
467 3282 659 3349 Notandum
679 3285 837 3369 estquod
852 3285 976 3352 solutio
991 3305 1062 3352 non
1082 3287 1276 3353 necessario
1290 3283 1447 3351 faciende
1459 3287 1512 3347 est
1525 3282 1560 3347 in

382 3389 502 3456 eadem
522 3392 634 3474 specie
648 3397 797 3458 moneta
812 3393 847 3457 in
862 3413 930 3478 qua
946 3399 1117 3470 mutuum,
1130 3413 1163 3458 ν.
1184 3413 1232 3476 g.,
1247 3393 1366 3459 datum
1380 3396 1452 3467 est3
1468 3390 1562 3455 suill-

381 3497 427 3561 cit
442 3502 479 3561 ut
497 3499 556 3563 ssat
575 3499 610 3563 in
625 3506 840 3585 quacumque
863 3501 975 3585 specie
997 3501 1165 3566 currentis
1180 3507 1214 3566 et
1232 3500 1378 3566 valentis
1398 3503 1557 3575 monetes,

381 3622 443 3668 seu
461 3607 561 3688 juxte
579 3607 747 3672 actualem
767 3627 990 3673 nummorum
1013 3607 1167 3676 valorem
1189 3607 1365 3690 legalem:
1389 3607 1436 3673 ita
1458 3606 1561 3672 etiam
1671 3653 1674 3658 .

381 3717 444 3778 art.
473 3713 561 3778 1895.
579 3712 658 3779 Cod.
682 3713 746 3780 civ.
767 3715 880 3799 quoad
899 3721 1069 3780 mutuum.
1102 3715 1200 3781 Ratio
1224 3721 1287 3792 est,
1315 3715 1394 3800 quia
1415 3715 1451 3779 in
1473 3712 1560 3778 solu-

382 3819 473 3884 tione
493 3820 656 3902 generali,
681 3839 751 3888 non
769 3823 957 3888 attenditur
977 3824 1131 3900 materia,
1151 3823 1212 3888 sed
1230 3824 1342 3900 valor3
1360 3821 1484 3888 deinde
1504 3839 1561 3904 pe-

380 3927 481 3994 cunie
500 3928 537 3992 in
556 3947 618 3994 suo
639 3949 767 4014 genere
787 3931 991 4014 regulariter
1013 3935 1169 3996 mutuam
1192 3933 1405 3998 lunationem
1430 3930 1557 4014 recipit.

380 4035 507 4102 Temen
522 4037 550 4100 si
561 4037 603 4102 de
618 4039 740 4104 eedem
751 4041 863 4122 specie
878 4039 1054 4106 reddenda
1068 4057 1230 4123 expresse
1245 4045 1454 4107 conventum
1469 4042 1561 4103 esset

381 4151 415 4210 et
426 4143 484 4211 illa
497 4147 608 4213 adhuc
622 4147 756 4226 existat,
767 4149 988 4214 conventioni
1002 4149 1164 4215 standum
1176 4153 1278 4215 esset.

419 4251 449 4336 d)
464 4253 621 4339 Expecta
638 4254 703 4321 loci
719 4255 910 4332 solutionis,
930 4258 961 4320 1·
981 4257 1009 4321 ai
1024 4241 1142 4322 ‘certus
1162 4256 1259 4323 locus
1276 4257 1340 4322 luit
1356 4255 1561 4324 determina·

380 4366 446 4440 tus,
466 4360 590 4428 solutio
605 4363 679 4428 lieri
703 4364 805 4430 debet
817 4363 854 4428 in
873 4363 950 4430 loco
964 4370 1147 4442 convento,
1167 4383 1232 4431 nec
1252 4365 1331 4430 alibi
1352 4383 1372 4430 a
1392 4364 1559 4430 creditore

379 4469 449 4553 peti
461 4474 591 4554 potest:
608 4471 656 4536 ita
670 4471 773 4538 etiam
792 4475 855 4536 art.
873 4472 951 4536 1117
966 4472 1045 4538 God.
1070 4475 1134 4539 civ.
1152 4475 1185 4540 il·
1202 4473 1322 4540 Sinon
1339 4474 1405 4538 fuit
1423 4489 1561 4558 expres-

379 4595 438 4641 sus
457 4575 553 4644 locus
568 4577 759 4656 solutionis,
777 4577 902 4644 solutio
921 4579 1125 4663 regulariter
1142 4581 1212 4666 peti
1225 4586 1340 4666 potest
1359 4579 1416 4646 vel
1429 4581 1465 4646 in
1483 4581 1558 4648 loco

378 4688 583 4760 contractus,
612 4685 668 4750 vel
693 4685 729 4750 in
752 4685 923 4752 domicilio
946 4685 1119 4752 debitoris.
1142 4689 1212 4753 Art.
1240 4689 1329 4766 1117,
1356 4688 1446 4765 1609,
1466 4687 1555 4772 16111,
