3498 5572
532 616 620 664 maun
640 617 766 662 ruamus
786 616 1007 662 assummum
1304 599 1364 664 459

87 725 92 748 “
181 753 303 798 sensus
330 733 531 799 monialium
558 733 789 818 capitulariter
823 734 1124 810 consentientium,
1151 733 1279 799 scilicet
1304 753 1365 818 per

180 842 490 924 suffragiasecreta
508 845 675 924 majorem
699 846 833 924 partem
859 841 998 925 capituli
1026 842 1251 908 excedentia:
1280 842 1361 914 imo,

177 952 277 1032 juxta
302 949 430 1033 plures,
454 947 625 1031 praelatus,
651 949 767 1014 invitis
802 948 1024 1024 monialibus,
1061 953 1178 1033 posset
1212 949 1363 1032 recipere

180 1056 330 1140 adquam
345 1056 380 1120 in
394 1055 591 1131 monialem,
609 1055 731 1122 saltem
757 1057 784 1119 si
798 1055 976 1122 accederet
987 1056 1102 1138 gravis
1122 1074 1227 1122 causa
1246 1061 1281 1122 et
1301 1055 1365 1120 dis-

181 1183 304 1230 sensus
332 1163 470 1248 capituli
484 1169 578 1230 esset
601 1165 784 1230 manifeste
811 1164 972 1248 injustus.
990 1163 1083 1242 (Vide
1106 1163 1268 1238 Polliam,
1287 1183 1315 1228 c.
1332 1165 1363 1240 ι,

181 1292 214 1336 ιι.
232 1273 262 1348 2,
279 1273 309 1347 3,
327 1272 357 1346 4,
375 1273 420 1354 b.)

221 1380 253 1443 ι’
266 1379 305 1443 ln
317 1381 395 1462 jure
410 1378 514 1444 etiam
529 1379 691 1444 statuitur
705 1380 797 1463 quod
811 1397 883 1446 non
900 1379 1107 1462 recipiantur
1125 1378 1238 1461 plures
1263 1397 1366 1463 quam

181 1492 265 1572 quot
292 1505 336 1552 ex
364 1485 552 1554 redditibus
580 1489 869 1554 monasteriorum
899 1487 1083 1555 sustentari
1112 1493 1268 1570 possunt,
1300 1488 1363 1552 nisi

181 1595 297 1660 dotem
323 1594 550 1660 sufficientem
577 1596 725 1662 offerant
745 1617 751 1658 :
781 1596 829 1660 ita
850 1614 879 1659 c.
908 1595 1019 1678 lhuj.
1036 1595 1086 1658 tit.
1103 1595 1139 1658 in
1153 1595 1196 1670 6⁰,
1215 1600 1250 1660 et
1268 1615 1363 1662 eene.

181 1702 268 1767 Trid.
286 1701 441 1784 (sosatii,
458 1721 487 1768 c.
504 1704 534 1778 3,
549 1703 703 1788 dolien).
712 1703 996 1780 Tamen,atiamsi
1012 1702 1159 1768 atterant
1172 1703 1289 1768 dotem
1299 1707 1366 1770 sul-

180 1809 364 1886 ficientem,
380 1827 451 1874 nou
463 1815 607 1893 possunt
635 1811 739 1892 recipi
753 1811 844 1876 ultra
859 1829 1044 1876 numerum
1067 1829 1130 1894 pro
1155 1813 1365 1877 monasterio

182 1921 335 1982 mxatum
344 1916 566 2000 (constt'irca
575 1917 761 2001 pastoralis
771 1917 819 1980 Pii
830 1917 867 1994 V,
878 1918 970 2002 apud
984 1917 1108 1993 Pallia,
1123 1917 1144 1982 l.
1157 1919 1225 1994 cit,
1240 1937 1273 1982 n.
1287 1921 1362 2000 7-9).

180 2025 341 2108 Receptic
358 2025 446 2090 dotis
458 2042 529 2090 non
544 2029 597 2090 est
611 2025 903 2102 simoniaca,·cum
917 2025 980 2090 dos
1002 2043 1074 2090 non
1089 2025 1188 2090 detur
1203 2031 1366 2110 tanquam

180 2135 329 2216 pretium
356 2134 578 2217 receptionis,
607 2134 668 2198 sed
683 2139 721 2198 ut
741 2133 951 2217 stipendium
970 2135 1203 2200 necessarium
1222 2135 1266 2200 ad
1287 2135 1365 2200 vitae

182 2241 477 2304 sustentationem.
506 2241 553 2304 lte
569 2241 632 2306 hac
648 2241 726 2306 dote
740 2241 816 2305 fuse
833 2243 954 2306 tractat
968 2239 1162 2305 Pellizarius
1180 2243 1216 2305 in
1231 2247 1312 2308 sect.
1331 2263 1364 2320 ιι,

181 2367 253 2430 cap.
270 2348 300 2411 3.

221 2457 253 2519 3⁰
264 2455 483 2522 Conditicnes
498 2459 670 2542 requisita
686 2461 723 2522 in
737 2458 861 2542 puellis
874 2457 1095 2523 admittendis
1109 2459 1151 2523 ad
1164 2459 1366 2542 religionem

183 2569 263 2628 sunt
277 2571 482 2648 sequentes:
499 2569 529 2629 1⁰
545 2567 726 2650 nepotivse,
739 2572 777 2630 ut
787 2567 958 2648 ejusmodi
968 2547 1093 2651 puella
1104 2585 1174 2632 non
1191 2569 1261 2632 sint
1272 2565 1366 2633 scan-

183 2672 318 2751 dalosae,
331 2674 535 2758 petulantes,
554 2675 869 2752 excommunicata,
886 2675 1075 2757 flagitiosae,
1087 2680 1122 2740 et
1132 2695 1174 2738 ex
1188 2685 1284 2740 motu
1290 2695 1366 2760 pro-

175 2780 253 2863 prio
268 2780 353 2844 sixti
367 2781 403 2856 V,
421 2798 488 2846 sere
503 2781 615 2847 alieno
629 2786 799 2864 gravatae;
815 2783 847 2846 ι’
864 2783 1029 2866 position,
1050 2787 1088 2846 ut
1106 2781 1282 2847 moraliter
1298 2783 1366 2847 sint

181 2887 505 2972 irreprehensibiles,
521 2893 561 2953 ut
576 2889 673 2954 decet
687 2907 831 2973 sponsas
846 2889 978 2965 Christi,
995 2895 1030 2954 et
1050 2891 1223 2954 immunes
1241 2909 1262 2954 a
1285 2909 1366 2974 quo

181 3015 329 3081 cumque
344 2997 479 3062 delectu
493 2999 552 3082 qui
566 2997 641 3062 aliis
655 2997 825 3080 religiosis
836 3000 958 3064 obesse
968 2998 1089 3082 possit,
1102 3003 1137 3064 et
1146 2998 1366 3082 corporaliter

181 3123 252 3168 non
267 3107 488 3186 contagiosa,
509 3107 699 3178 morbosae;
726 3106 787 3170 sed
801 3125 911 3183 caecae,
929 3106 1070 3183 claudae,
1091 3106 1255 3188 gibbosas,
1270 3107 1365 3172 nullo

178 3215 256 3294 jure
271 3211 514 3295 impediuntur.

219 3323 252 3386 4⁰
261 3324 309 3388 De
321 3325 399 3404 jnre
411 3325 586 3388 communi
599 3329 745 3406 possunt
755 3324 858 3406 recipi
867 3324 910 3388 ad
924 3323 1127 3405 religionem
1141 3331 1212 3388 tum
1227 3325 1364 3390 feminae

181 3429 305 3505 viduae,
321 3429 508 3496 dummodo
528 3449 706 3515 nunquam
724 3431 896 3514 eligantur
912 3432 949 3495 in
966 3431 1173 3498 abbatissam
1186 3437 1246 3496 aut
1265 3451 1366 3515 supe-

181 3537 319 3613 riorem,
340 3543 413 3602 tum
427 3537 564 3602 femina
586 3537 699 3604 illicite
720 3543 899 3622 corrupta,
922 3545 1001 3622 post
1021 3539 1170 3605 debitam
1192 3546 1365 3622 peractam

181 3645 428 3728 poenitentiam,
446 3645 474 3708 si
493 3644 611 3728 lapsus
630 3647 796 3711 remansit
814 3646 984 3722 occultus;
1009 3646 1104 3712 nulla
1125 3647 1217 3711 enim
1235 3648 1271 3711 in
1286 3650 1364 3730 jure

182 3754 349 3837 reperitur
363 3753 557 3836 prohibitio.
572 3755 665 3818 ltlulti
679 3761 795 3820 tamen
808 3757 844 3819 in
856 3756 922 3820 boc
933 3755 1054 3821 intimo
1068 3773 1150 3820 casu
1164 3761 1308 3838 negant;
1331 3761 1366 3820 et

182 3863 505 3927 reverasecundum
519 3863 711 3928 decentiam
733 3869 768 3929 et
793 3865 1058 3930 convenientem
1085 3866 1313 3942 honestatem,
1329 3865 1365 3928 ia

182 3975 353 4034 conventu
370 3971 542 4052 virginum
558 3989 628 4037 non
643 3977 724 4038 sunt
738 3973 977 4050 admittendae;
997 3974 1057 4038 sed
1072 3992 1116 4038 an
1130 3973 1262 4057 possint
1274 3971 1365 4038 licite

135 4077 138 4084 “
183 4077 333 4160 recipere
346 4077 463 4144 velum
476 4079 753 4158 consecrationis,
770 4081 924 4146 dicemus
938 4085 1068 4164 postea.

223 4185 255 4246 ιιο
269 4185 349 4250 Duae
378 4191 512 4252 tantum
527 4205 673 4264 sorores,
691 4193 726 4252 et
736 4207 807 4253 non
818 4187 946 4273 plures,
964 4188 1097 4254 seclusa
1110 4187 1364 4272 dispensatione

184 4292 1365 4382 S.Gongr.llpisc.etReg.,possuntreoipiinunumidemquemonas·

187 4401 308 4464 terium
324 4421 331 4463 :
346 4401 393 4466 ite
407 4403 527 4468 statuit
539 4403 598 4468 illa
604 4403 726 4486 Gongr.
742 4404 879 4469 decreto
892 4405 932 4469 26
942 4423 1021 4486 aug.
1034 4405 1175 4482 lelund
1187 4403 1364 4470 evitandas

185 4509 412 4576 dissentiones
426 4517 460 4576 et
473 4513 638 4578 sactiones
652 4515 686 4578 in
694 4514 922 4579 monasteriis.
939 4513 1193 4598 &peditetiam
1203 4511 1366 4597 utpuella

185 4636 254 4682 non
268 4620 429 4702 suscipiat
439 4621 594 4686 habitum
608 4621 805 4705 religiosum
819 4624 854 4687 in
868 4642 909 4689 eo
924 4623 1133 4688 monasterio
1144 4624 1178 4687 in
1192 4641 1259 4706 quo
1272 4621 1366 4704 degit

186 4725 397 4794 educationis
410 4747 524 4806 causa,
542 4749 585 4795 ne
600 4731 687 4796 torte
702 4752 744 4798 ex
769 4732 907 4797 motivis
935 4731 1175 4815 temporalibus
1197 4730 1239 4796 ad
1259 4731 1364 4796 vitam
