3488 5564
537 641 624 687 unen
645 635 798 690 seeuuous
818 643 1036 700 oecumenem
1336 623 1376 688 ec

239 761 268 838 ὸ)
285 760 434 841 Qucieem
449 761 580 824 ratione
593 761 706 825 delicti
716 764 902 826 sortientur
913 759 1058 840 sortem?

239 869 447 954 'helinquens
463 868 678 952 quicumque,
692 870 735 932 oh
751 869 913 933 delictum
924 869 1176 952 quodcumque,
1191 869 1226 930 in
1236 867 1376 932 locode-

200 977 267 1044 licti
278 979 552 1044 sortiturlorum.
563 979 656 1044 Unde
668 981 810 1055 nobiles,
821 979 957 1054 milites,
967 979 1088 1055 clerici,
1103 981 1206 1043 etiam
1216 979 1374 1062 episcopi,

199 1088 255 1153 vel
274 1089 348 1152 alite
360 1107 515 1172 persone
528 1091 564 1153 in
579 1089 741 1170 dignitate
757 1090 949 1154 constituta.
965 1093 1023 1153 aut
1046 1091 1211 1171 exemptae
1228 1093 1262 1151 et
1276 1087 1378 1170 privi-

198 1195 344 1276 legiatae,
363 1199 440 1262 huic
459 1199 533 1264 foro
558 1200 792 1283 subjiciuntur,
809 1201 875 1264 nisi
890 1215 988 1264 casus
1004 1197 1114 1262 delicti
1132 1199 1175 1262 sit
1196 1213 1377 1280 expressus

198 1305 236 1368 in
249 1304 427 1387 privilegio
441 1305 481 1387 (c.
499 1305 538 1368 tl
552 1310 587 1370 et
602 1307 660 1370 fin.
674 1308 708 1371 h.
726 1309 773 1389 t).

241 1411 267 1492 e)
282 1411 454 1490 Quomodo
461 1412 572 1493 judee
586 1413 700 1477 delicti
707 1413 888 1500 procedere
898 1415 1012 1478 voleat
1026 1416 1060 1478 in
1075 1433 1170 1478 rerem
1186 1415 1220 1476 in
1235 1430 1294 1476 suo
1314 1419 1377 1475 ter-

199 1520 316 1582 ritorio
333 1515 585 1602 deliquentem?
598 1520 694 1601 Fingi
708 1527 854 1603 possunt
870 1522 955 1586 varii
967 1540 1076 1586 casus.
1096 1521 1189 1586 Unde

242 1628 273 1690 1⁰
289 1627 322 1692 Si
338 1626 538 1710 delinquens
554 1627 819 1710 deprehenditur
838 1629 874 1691 in
892 1628 967 1694 loco
982 1630 1104 1704 delicti,
1123 1627 1234 1711 puniri
1250 1631 1375 1710 potest,

198 1739 304 1816 prout
317 1733 466 1818 postulet
487 1735 573 1798 ratio
595 1735 716 1810 delicti,
740 1755 772 1797 v.
790 1755 822 1816 g.
841 1735 1025 1800 siclericus
1041 1741 1223 1799 extraneus
1238 1734 1378 1798 commi,-

201 1844 285 1906 serit
296 1843 333 1906 in
344 1841 479 1906 dioecesi
489 1841 601 1907 Sancti
615 1842 756 1906 Deodati
773 1842 933 1908 delictum
947 1843 1089 1923 dignum
1105 1843 1294 1926 privatione
1307 1842 1378 1906 ofli-

199 1942 255 2024 cii,
280 1949 449 2014 sententia
463 1954 580 2016 contra
602 1969 681 2014 eum
695 1950 776 2014 ferri
801 1955 913 2032 potest
934 1951 1149 2034 abepiscopo
1166 1949 1277 2014 Sancti
1293 1950 1379 2014 Deo-

201 2056 271 2119 dati
297 2061 331 2120 et
350 2061 430 2120 tunc
454 2058 626 2122 exsecutio
642 2058 740 2121 tieret
759 2057 973 2140 abepiscopo
998 2058 1133 2140 proprio
1149 2056 1379 2140 delinquentis

200 2164 241 2245 (o.
259 2164 298 2227 ll
311 2165 345 2227 h.
363 2165 411 2246 t).

241 2273 275 2334 2⁰
286 2269 320 2335 Si
332 2263 532 2356 delinquens
548 2273 683 2354 estjam
700 2289 859 2354 egressus
875 2271 979 2336 eloco
994 2272 1115 2349 delicti,
1127 2273 1205 2336 licet
1216 2274 1288 2354 jam
1302 2272 1379 2336 cita-

201 2381 295 2446 tione
310 2385 516 2463 praeventus,
533 2385 613 2444 tuno
624 2398 804 2464 processus
825 2383 944 2444 contra
959 2399 1038 2444 eum
1060 2380 1190 2444 institui
1204 2385 1327 2465 potest.
1345 2381 1378 2444 Si

200 2509 284 2554 vero
299 2489 458 2554 citatione
476 2507 546 2553 non
568 2489 632 2552 luit
653 2493 849 2572 praeventus
875 2493 953 2552 ante
969 2507 1157 2574 egressum,
1179 2493 1260 2553 tunc
1271 2490 1379 2572 judex

200 2597 315 2662 delicti
335 2601 448 2680 potest
471 2597 550 2660 dare
571 2596 701 2661 litteras
715 2593 989 2679 'requisitoriales
1018 2595 1123 2678 judici
1153 2597 1311 2660 territorii
1336 2598 1379 2662 ad

200 2706 293 2790 quod
308 2705 511 2786 delinquens
527 2704 618 2778 abiit,
645 2708 683 2766 ut
704 2705 746 2766 ah
759 2704 824 2766 isto
841 2702 954 2784 judice
972 2703 1103 2766 citetur.
1121 2702 1217 2766 Ratio
1234 2709 1286 2766 cst
1300 2705 1379 2787 quia

197 2815 307 2895 judex
323 2812 433 2876 delicti
454 2831 524 2876 non
553 2816 666 2894 potest
686 2815 781 2874 actus
801 2809 1046 2892 jurisdictionis
1067 2811 1279 2884 necessarie,
1296 2829 1379 2892 pree·

202 2923 321 2984 sertim
335 2940 414 2985 eum
426 2921 566 3004 strepitu
578 2899 740 3002 judiciali,
763 2935 921 2982 exercere
937 2917 972 2978 in
988 2915 1099 2982 alieno
1116 2916 1295 2982 tenitorio.
1313 2916 1379 2984 Sed

197 3031 307 3111 judex
315 3026 596 3115 deprelteoce'oetis,
607 3032 707 3112 juxto
718 3027 842 3111 plures,
854 3031 969 3110 posset
976 3027 1095 3110 punire
1108 3026 1377 3108 delinquentem;

200 3141 257 3206 alii
273 3144 535 3221 tamennegant,
552 3145 586 3204 et
597 3139 720 3203 docent
732 3137 843 3201 solum
850 3136 1001 3219 Judicem
1023 3134 1181 3200 domicilii
1196 3134 1254 3198 uel
1269 3135 1379 3199 delicti

200 3271 304 3333 agere
319 3250 469 3335 possein
484 3247 750 3332 delinquentem,
760 3265 838 3312 cum
850 3245 968 3310 nullibi
982 3245 1018 3308 in
1030 3246 1107 3327 jure
1118 3245 1178 3307 fiat
1192 3243 1320 3309 mentio
1337 3244 1378 3309 de

200 3363 277 3426 foro
292 3361 328 3424 in
342 3361 416 3425 loco
432 3358 711 3442 deprehensionis
724 3362 783 3422 aut
796 3356 1014 3420 inventionis.

242 3469 369 3533 Tamen
393 3469 464 3532 dori
484 3473 601 3551 posset
623 3466 835 3532 consuetudo
859 3465 915 3528 vel
933 3464 1115 3529 conventio
1132 3464 1222 3527 inter
1234 3463 1377 3546 judices,

201 3579 251 3643 ita
273 3583 312 3641 ut
336 3578 371 3640 in
391 3577 465 3641 loco
490 3575 769 3659 deprehensionis
793 3571 849 3638 vel
869 3572 1077 3637 inventionis
1101 3589 1180 3635 reus
1202 3571 1380 3634 sortiretur

201 3689 326 3752 iorum.

243 3797 276 3858 3⁰
289 3796 323 3858 Si
335 3794 497 3859 delictum
511 3791 554 3857 ad
574 3792 700 3875 duplex
724 3790 931 3855 territorium
946 3788 1105 3873 pertinet,
1124 3807 1155 3852 v.
1173 3807 1205 3869 g.
1224 3790 1253 3850 si
1270 3793 1381 3870 patra-

204 3909 352 3970 tumeat
376 3903 595 3971 homicidium
621 3903 655 3965 in
679 3901 827 3967 conssnio
853 3901 999 3965 duorum
1023 3897 1282 3972 territoriorum,
1301 3900 1381 3959 tuno

203 4032 290 4096 opus
304 4017 356 4078 est
368 4012 583 4076 distinctione
603 4031 610 4073 :

242 4121 305 4185 Uhi
319 4121 394 4204 quis
410 4119 533 4184 vulnus
546 4119 669 4184 lethale
700 4119 831 4194 inflixit,
848 4119 894 4182 ihi
925 4118 1065 4182 sortitur
1077 4118 1200 4189 forum,
1218 4113 1296 4176 licet
1310 4111 1381 4175 vul-

203 4235 344 4294 neratus
354 4229 490 4310 fugiens
505 4227 687 4292 decesserit
699 4228 734 4290 in
744 4227 810 4291 alio
825 4225 1012 4300 territorio;
1029 4225 1057 4288 si
1068 4223 1198 4288 occisus
1213 4221 1382 4304 reperitur

200 4341 320 4421 jncens
333 4340 368 4402 in
383 4338 530 4404 oonllnio
544 4338 690 4401 duorum
701 4336 947 4400 territoriorum
957 4339 991 4398 et
1003 4333 1176 4397 dubitatur
1186 4333 1222 4395 in
1234 4349 1301 4414 quo
1310 4329 1381 4393 vul-

204 4467 270 4512 nus
286 4448 462 4532 aoceperit,
480 4452 560 4511 tune
570 4465 649 4511 reus
663 4448 802 4512 sortitur
815 4449 928 4512 lorum
944 4447 1137 4527 inutraque
1156 4442 1335 4516 territorio,
1348 4446 1383 4505 et

204 4557 295 4620 iuter
306 4555 438 4638 judices
450 4556 545 4620 locus
562 4555 661 4620 datur
669 4555 909 4639 provectioni,
925 4555 1018 4630 item,
1037 4553 1065 4616 si
1077 4552 1151 4636 quis
1161 4555 1255 4615 stans
1269 4551 1382 4613 inuno

206 4665 377 4732 territorio
392 4663 542 4749 aliquem
558 4666 592 4729 iu
608 4664 674 4730 alio
690 4664 935 4730 consistentem
952 4663 1075 4744 sagitta
1087 4659 1294 4726 confoderet.
1320 4657 1382 4734 Qui

206 4774 240 4838 in
258 4792 328 4840 uno
351 4773 522 4840 territorio
541 4779 646 4851 stans,
670 4773 810 4840 mandat
829 4773 1051 4840 homicidium
1071 4771 1105 4836 in
1131 4768 1195 4836 alio
1211 4766 1383 4850 pemcion-
