<?xml version="1.0" encoding="UTF-8"?>
<!DOCTYPE html PUBLIC "-//W3C//DTD XHTML 1.0 Transitional//EN"
    "http://www.w3.org/TR/xhtml1/DTD/xhtml1-transitional.dtd">
<html xmlns="http://www.w3.org/1999/xhtml" xml:lang="en" lang="en">
 <head>
  <title>
</title>
<meta http-equiv="Content-Type" content="text/html;charset=utf-8" />
  <meta name='ocr-system' content='tesseract 3.04.00' />
  <meta name='ocr-capabilities' content='ocr_page ocr_carea ocr_par ocr_line ocrx_word'/>
</head>
<body>
  <div class='ocr_page' id='page_1' title='image "./juscanonicumjux00grangoog_0408.png"; bbox 0 0 3504 5572; ppageno 0'>
   <div class='ocr_carea' id='block_1_1' title="bbox 378 575 1098 638">
    <p class='ocr_par' dir='ltr' id='par_1_1' title="bbox 378 575 1098 638">
     <span class='ocr_line' id='line_1_1' title="bbox 378 575 1098 638; baseline -0.007 0"><span class='ocrx_word' id='word_1_1' title='bbox 378 575 439 638; x_wconf 86' lang='grc'>396</span> <span class='ocrx_word' id='word_1_2' title='bbox 840 590 893 636; x_wconf 80' lang='lat' dir='ltr'>rus</span> <span class='ocrx_word' id='word_1_3' title='bbox 915 587 1098 636; x_wconf 80' lang='lat' dir='ltr'>crucurcuu.</span> 
     </span>
    </p>
   </div>
   <div class='ocr_carea' id='block_1_2' title="bbox 374 703 1564 2623">
    <p class='ocr_par' dir='ltr' id='par_1_2' title="bbox 378 703 1564 986">
     <span class='ocr_line' id='line_1_2' title="bbox 378 703 1562 788; baseline -0.003 -17"><span class='ocrx_word' id='word_1_4' title='bbox 378 706 588 783; x_wconf 86' lang='lat' dir='ltr'>vulneratus,</span> <span class='ocrx_word' id='word_1_5' title='bbox 605 711 685 772; x_wconf 92' lang='lat' dir='ltr'>ante</span> <span class='ocrx_word' id='word_1_6' title='bbox 700 710 848 772; x_wconf 87' lang='lat' dir='ltr'>mortem</span> <span class='ocrx_word' id='word_1_7' title='bbox 862 725 932 772; x_wconf 91' lang='lat' dir='ltr'>non</span> <span class='ocrx_word' id='word_1_8' title='bbox 947 705 1077 769; x_wconf 87' lang='lat' dir='ltr'>incerta</span> <span class='ocrx_word' id='word_1_9' title='bbox 1091 704 1301 788; x_wconf 73' lang='lat' dir='ltr'>poenitentia.</span> <span class='ocrx_word' id='word_1_10' title='bbox 1316 704 1416 785; x_wconf 81' lang='lat' dir='ltr'>signa</span> <span class='ocrx_word' id='word_1_11' title='bbox 1431 703 1562 770; x_wconf 75' lang='lat' dir='ltr'>dederit</span> 
     </span>
     <span class='ocr_line' id='line_1_3' title="bbox 378 811 1557 898; baseline -0.003 -20"><span class='ocrx_word' id='word_1_12' title='bbox 378 818 481 898; x_wconf 88' lang='lat' dir='ltr'>atque</span> <span class='ocrx_word' id='word_1_13' title='bbox 501 833 522 879; x_wconf 90' lang='lat' dir='ltr'>a</span> <span class='ocrx_word' id='word_1_14' title='bbox 541 815 688 896; x_wconf 86' lang='lat' dir='ltr'>peccatis</span> <span class='ocrx_word' id='word_1_15' title='bbox 709 819 744 879; x_wconf 92' lang='lat' dir='ltr'>et</span> <span class='ocrx_word' id='word_1_16' title='bbox 758 814 914 878; x_wconf 86' lang='lat' dir='ltr'>censuris</span> <span class='ocrx_word' id='word_1_17' title='bbox 940 812 1192 878; x_wconf 87' lang='lat' dir='ltr'>absolutionem</span> <span class='ocrx_word' id='word_1_18' title='bbox 1211 811 1408 888; x_wconf 85' lang='lat' dir='ltr'>obtinuerit,</span> <span class='ocrx_word' id='word_1_19' title='bbox 1425 831 1469 877; x_wconf 85' lang='lat' dir='ltr'>ex</span> <span class='ocrx_word' id='word_1_20' title='bbox 1483 812 1557 878; x_wconf 91' lang='lat' dir='ltr'>eod.</span> 
     </span>
     <span class='ocr_line' id='line_1_4' title="bbox 384 921 1564 986; baseline -0.005 -2"><span class='ocrx_word' id='word_1_21' title='bbox 384 921 509 986; x_wconf 88' lang='lat' dir='ltr'>Bened.</span> <span class='ocrx_word' id='word_1_22' title='bbox 526 921 607 984; x_wconf 85' lang='lat' dir='ltr'>XIV.</span> <span class='ocrx_word' id='word_1_23' title='bbox 1561 941 1564 948; x_wconf 60' lang='lat'><strong><em>¹</em></strong></span> 
     </span>
    </p>

    <p class='ocr_par' dir='ltr' id='par_1_3' title="bbox 374 1027 1560 2172">
     <span class='ocr_line' id='line_1_5' title="bbox 419 1027 1559 1109; baseline -0.002 -17"><span class='ocrx_word' id='word_1_24' title='bbox 419 1029 470 1092; x_wconf 81' lang='lat' dir='ltr'>ll⁰</span> <span class='ocrx_word' id='word_1_25' title='bbox 482 1029 596 1106; x_wconf 81' lang='lat' dir='ltr'>Fures,</span> <span class='ocrx_word' id='word_1_26' title='bbox 613 1028 775 1106; x_wconf 87' lang='lat' dir='ltr'>latrones,</span> <span class='ocrx_word' id='word_1_27' title='bbox 790 1027 1023 1108; x_wconf 75' lang='lat' dir='ltr'>concubinarii</span> <span class='ocrx_word' id='word_1_28' title='bbox 1038 1027 1163 1092; x_wconf 85' lang='lat' dir='ltr'>notorii</span> <span class='ocrx_word' id='word_1_29' title='bbox 1183 1032 1218 1092; x_wconf 92' lang='lat' dir='ltr'>et</span> <span class='ocrx_word' id='word_1_30' title='bbox 1231 1027 1423 1109; x_wconf 77' lang='lat' dir='ltr'><strong>generatim</strong></span> <span class='ocrx_word' id='word_1_31' title='bbox 1438 1043 1559 1091; x_wconf 87' lang='lat' dir='ltr'>omnes</span> 
     </span>
     <span class='ocr_line' id='line_1_6' title="bbox 377 1133 1557 1220; baseline -0.003 -19"><span class='ocrx_word' id='word_1_32' title='bbox 377 1139 573 1220; x_wconf 78' lang='lat' dir='ltr'>peccatores</span> <span class='ocrx_word' id='word_1_33' title='bbox 585 1135 722 1220; x_wconf 82' lang='lat' dir='ltr'>publici,</span> <span class='ocrx_word' id='word_1_34' title='bbox 738 1141 777 1200; x_wconf 93' lang='lat' dir='ltr'>ut</span> <span class='ocrx_word' id='word_1_35' title='bbox 790 1140 872 1200; x_wconf 88' lang='lat' dir='ltr'>sunt</span> <span class='ocrx_word' id='word_1_36' title='bbox 886 1135 989 1200; x_wconf 84' lang='lat' dir='ltr'>etiam</span> <span class='ocrx_word' id='word_1_37' title='bbox 1004 1133 1137 1218; x_wconf 89' lang='lat' dir='ltr'>publice</span> <span class='ocrx_word' id='word_1_38' title='bbox 1148 1133 1424 1218; x_wconf 65' lang='lat' dir='ltr'><strong>blasphemantes</strong></span> <span class='ocrx_word' id='word_1_39' title='bbox 1439 1135 1557 1208; x_wconf 86' lang='lat' dir='ltr'>Deum,</span> 
     </span>
     <span class='ocr_line' id='line_1_7' title="bbox 376 1241 1559 1328; baseline -0.001 -21"><span class='ocrx_word' id='word_1_40' title='bbox 376 1244 412 1307; x_wconf 93' lang='grc' dir='ltr'>Β.</span> <span class='ocrx_word' id='word_1_41' title='bbox 430 1244 616 1326; x_wconf 81' lang='lat' dir='ltr'>Virginem,</span> <span class='ocrx_word' id='word_1_42' title='bbox 640 1243 777 1328; x_wconf 88' lang='lat' dir='ltr'>quando</span> <span class='ocrx_word' id='word_1_43' title='bbox 804 1242 974 1308; x_wconf 89' lang='lat' dir='ltr'>decedunt</span> <span class='ocrx_word' id='word_1_44' title='bbox 997 1242 1131 1306; x_wconf 86' lang='lat' dir='ltr'>notorie</span> <span class='ocrx_word' id='word_1_45' title='bbox 1159 1241 1231 1306; x_wconf 89' lang='lat' dir='ltr'>sine</span> <span class='ocrx_word' id='word_1_46' title='bbox 1252 1241 1473 1325; x_wconf 79' lang='lat' dir='ltr'>prenitentia;</span> <span class='ocrx_word' id='word_1_47' title='bbox 1499 1241 1559 1306; x_wconf 85' lang='lat' dir='ltr'>sed</span> 
     </span>
     <span class='ocr_line' id='line_1_8' title="bbox 376 1349 1556 1435; baseline -0.003 -19"><span class='ocrx_word' id='word_1_48' title='bbox 376 1351 663 1435; x_wconf 85' lang='lat' dir='ltr'>diciturpercator</span> <span class='ocrx_word' id='word_1_49' title='bbox 672 1351 839 1435; x_wconf 89' lang='lat' dir='ltr'>publicus,</span> <span class='ocrx_word' id='word_1_50' title='bbox 852 1349 1022 1415; x_wconf 78' lang='lat' dir='ltr'>decedens</span> <span class='ocrx_word' id='word_1_51' title='bbox 1032 1349 1126 1414; x_wconf 92' lang='lat' dir='ltr'>nullo</span> <span class='ocrx_word' id='word_1_52' title='bbox 1136 1350 1216 1415; x_wconf 92' lang='lat' dir='ltr'>dato</span> <span class='ocrx_word' id='word_1_53' title='bbox 1225 1350 1324 1432; x_wconf 76' lang='lat' dir='ltr'>signo</span> <span class='ocrx_word' id='word_1_54' title='bbox 1332 1349 1556 1425; x_wconf 75' lang='lat' dir='ltr'>contritionis,</span> 
     </span>
     <span class='ocr_line' id='line_1_9' title="bbox 377 1457 1560 1542; baseline -0.002 -17"><span class='ocrx_word' id='word_1_55' title='bbox 377 1479 458 1526; x_wconf 89' lang='lat' dir='ltr'>nam</span> <span class='ocrx_word' id='word_1_56' title='bbox 473 1461 501 1525; x_wconf 86' lang='lat' dir='ltr'>si</span> <span class='ocrx_word' id='word_1_57' title='bbox 516 1461 612 1525; x_wconf 90' lang='lat' dir='ltr'>daret</span> <span class='ocrx_word' id='word_1_58' title='bbox 628 1459 727 1542; x_wconf 81' lang='lat' dir='ltr'>signa</span> <span class='ocrx_word' id='word_1_59' title='bbox 742 1459 967 1534; x_wconf 84' lang='lat' dir='ltr'>contritionis,</span> <span class='ocrx_word' id='word_1_60' title='bbox 991 1476 1061 1522; x_wconf 90' lang='lat' dir='ltr'>non</span> <span class='ocrx_word' id='word_1_61' title='bbox 1075 1463 1168 1522; x_wconf 87' lang='lat' dir='ltr'>esset</span> <span class='ocrx_word' id='word_1_62' title='bbox 1183 1457 1370 1541; x_wconf 87' lang='lat' dir='ltr'>privandus</span> <span class='ocrx_word' id='word_1_63' title='bbox 1384 1457 1560 1542; x_wconf 88' lang='lat' dir='ltr'>sepultura</span> 
     </span>
     <span class='ocr_line' id='line_1_10' title="bbox 375 1565 1559 1652; baseline -0.003 -18"><span class='ocrx_word' id='word_1_64' title='bbox 375 1567 613 1634; x_wconf 87' lang='lat' dir='ltr'>ecclesiastica.</span> <span class='ocrx_word' id='word_1_65' title='bbox 633 1567 675 1632; x_wconf 93' lang='lat' dir='ltr'>Ut</span> <span class='ocrx_word' id='word_1_66' title='bbox 689 1566 813 1651; x_wconf 87' lang='lat' dir='ltr'>publici</span> <span class='ocrx_word' id='word_1_67' title='bbox 829 1570 1026 1650; x_wconf 88' lang='lat' dir='ltr'>peccatores</span> <span class='ocrx_word' id='word_1_68' title='bbox 1038 1565 1209 1630; x_wconf 90' lang='lat' dir='ltr'>habentur</span> <span class='ocrx_word' id='word_1_69' title='bbox 1221 1566 1325 1650; x_wconf 86' lang='lat' dir='ltr'>quiin</span> <span class='ocrx_word' id='word_1_70' title='bbox 1341 1570 1419 1631; x_wconf 91' lang='lat' dir='ltr'>actu</span> <span class='ocrx_word' id='word_1_71' title='bbox 1431 1568 1559 1652; x_wconf 89' lang='lat' dir='ltr'>peccati</span> 
     </span>
     <span class='ocr_line' id='line_1_11' title="bbox 376 1671 1558 1760; baseline -0.002 -18"><span class='ocrx_word' id='word_1_72' title='bbox 376 1677 505 1758; x_wconf 81' lang='lat' dir='ltr'>gravis,</span> <span class='ocrx_word' id='word_1_73' title='bbox 521 1675 653 1760; x_wconf 90' lang='lat' dir='ltr'>publice</span> <span class='ocrx_word' id='word_1_74' title='bbox 670 1693 732 1740; x_wconf 90' lang='lat' dir='ltr'>seu</span> <span class='ocrx_word' id='word_1_75' title='bbox 747 1673 893 1750; x_wconf 87' lang='lat' dir='ltr'>notorie,</span> <span class='ocrx_word' id='word_1_76' title='bbox 906 1672 1088 1738; x_wconf 87' lang='lat' dir='ltr'>decedunt.</span> <span class='ocrx_word' id='word_1_77' title='bbox 1106 1671 1384 1758; x_wconf 85' lang='lat' dir='ltr'>Corporaultimo</span> <span class='ocrx_word' id='word_1_78' title='bbox 1393 1674 1558 1758; x_wconf 88' lang='lat' dir='ltr'>supplicio</span> 
     </span>
     <span class='ocr_line' id='line_1_12' title="bbox 376 1781 1559 1866; baseline -0.003 -17"><span class='ocrx_word' id='word_1_79' title='bbox 376 1784 626 1858; x_wconf 86' lang='lat' dir='ltr'>damnatorum,</span> <span class='ocrx_word' id='word_1_80' title='bbox 644 1783 672 1846; x_wconf 88' lang='lat' dir='ltr'>sl</span> <span class='ocrx_word' id='word_1_81' title='bbox 687 1781 734 1846; x_wconf 91' lang='lat' dir='ltr'>illi</span> <span class='ocrx_word' id='word_1_82' title='bbox 751 1781 903 1846; x_wconf 89' lang='lat' dir='ltr'>damnati</span> <span class='ocrx_word' id='word_1_83' title='bbox 916 1781 1052 1846; x_wconf 87' lang='lat' dir='ltr'>contriti</span> <span class='ocrx_word' id='word_1_84' title='bbox 1074 1787 1289 1848; x_wconf 85' lang='lat' dir='ltr'>sacramenta</span> <span class='ocrx_word' id='word_1_85' title='bbox 1302 1781 1458 1846; x_wconf 75' lang='lat' dir='ltr'>Ecclesiae</span> <span class='ocrx_word' id='word_1_86' title='bbox 1484 1802 1559 1866; x_wconf 91' lang='lat' dir='ltr'>per-</span> 
     </span>
     <span class='ocr_line' id='line_1_13' title="bbox 374 1888 1560 1974; baseline -0.001 -18"><span class='ocrx_word' id='word_1_87' title='bbox 374 1897 549 1974; x_wconf 88' lang='lat' dir='ltr'>ceperunt,</span> <span class='ocrx_word' id='word_1_88' title='bbox 570 1895 661 1956; x_wconf 92' lang='lat' dir='ltr'>recte</span> <span class='ocrx_word' id='word_1_89' title='bbox 683 1890 855 1956; x_wconf 90' lang='lat' dir='ltr'>donantur</span> <span class='ocrx_word' id='word_1_90' title='bbox 871 1888 1046 1972; x_wconf 89' lang='lat' dir='ltr'>sepultura</span> <span class='ocrx_word' id='word_1_91' title='bbox 1061 1889 1306 1966; x_wconf 85' lang='lat' dir='ltr'>ecclesiastica;</span> <span class='ocrx_word' id='word_1_92' title='bbox 1322 1909 1402 1955; x_wconf 89' lang='lat' dir='ltr'>nam</span> <span class='ocrx_word' id='word_1_93' title='bbox 1414 1890 1560 1956; x_wconf 79' lang='lat' dir='ltr'>Ecclesia</span> 
     </span>
     <span class='ocr_line' id='line_1_14' title="bbox 374 1995 1559 2080; baseline 0 -16"><span class='ocrx_word' id='word_1_94' title='bbox 374 1999 544 2064; x_wconf 88' lang='lat' dir='ltr'>concessit</span> <span class='ocrx_word' id='word_1_95' title='bbox 556 2002 791 2074; x_wconf 85' lang='lat' dir='ltr'>sacramenta;</span> <span class='ocrx_word' id='word_1_96' title='bbox 805 1998 883 2063; x_wconf 92' lang='lat' dir='ltr'>inde</span> <span class='ocrx_word' id='word_1_97' title='bbox 899 1997 928 2062; x_wconf 89' lang='lat' dir='ltr'>si</span> <span class='ocrx_word' id='word_1_98' title='bbox 943 1995 1155 2080; x_wconf 83' lang='lat' dir='ltr'>sepulturam</span> <span class='ocrx_word' id='word_1_99' title='bbox 1175 1998 1370 2079; x_wconf 80' lang='lat' dir='ltr'>denegaret,</span> <span class='ocrx_word' id='word_1_100' title='bbox 1394 1997 1458 2062; x_wconf 92' lang='lat' dir='ltr'>sibi</span> <span class='ocrx_word' id='word_1_101' title='bbox 1482 2017 1559 2064; x_wconf 91' lang='lat' dir='ltr'>con·</span> 
     </span>
     <span class='ocr_line' id='line_1_15' title="bbox 377 2107 566 2172; baseline -0.016 -2"><span class='ocrx_word' id='word_1_102' title='bbox 377 2107 566 2172; x_wconf 90' lang='lat' dir='ltr'>tradiceret.</span> 
     </span>
    </p>

    <p class='ocr_par' dir='ltr' id='par_1_4' title="bbox 374 2213 1560 2623">
     <span class='ocr_line' id='line_1_16' title="bbox 415 2213 1560 2300; baseline 0.001 -22"><span class='ocrx_word' id='word_1_103' title='bbox 415 2215 573 2279; x_wconf 78' lang='lat' dir='ltr'>Attamen</span> <span class='ocrx_word' id='word_1_104' title='bbox 589 2215 701 2299; x_wconf 88' lang='lat' dir='ltr'>quoad</span> <span class='ocrx_word' id='word_1_105' title='bbox 715 2215 836 2280; x_wconf 90' lang='lat' dir='ltr'>ultimo</span> <span class='ocrx_word' id='word_1_106' title='bbox 851 2214 1015 2300; x_wconf 90' lang='lat' dir='ltr'>supplicio</span> <span class='ocrx_word' id='word_1_107' title='bbox 1031 2214 1225 2288; x_wconf 86' lang='lat' dir='ltr'>damnatos,</span> <span class='ocrx_word' id='word_1_108' title='bbox 1251 2213 1349 2278; x_wconf 87' lang='lat' dir='ltr'>multi</span> <span class='ocrx_word' id='word_1_109' title='bbox 1371 2216 1560 2298; x_wconf 90' lang='lat' dir='ltr'>approbant</span> 
     </span>
     <span class='ocr_line' id='line_1_17' title="bbox 374 2321 1560 2408; baseline 0 -20"><span class='ocrx_word' id='word_1_110' title='bbox 374 2322 662 2389; x_wconf 89' lang='lat' dir='ltr'>consuetudinem</span> <span class='ocrx_word' id='word_1_111' title='bbox 676 2341 747 2388; x_wconf 93' lang='lat' dir='ltr'>non</span> <span class='ocrx_word' id='word_1_112' title='bbox 761 2323 948 2408; x_wconf 87' lang='lat' dir='ltr'>sepeliendi</span> <span class='ocrx_word' id='word_1_113' title='bbox 962 2341 1022 2388; x_wconf 89' lang='lat' dir='ltr'>eos</span> <span class='ocrx_word' id='word_1_114' title='bbox 1035 2321 1071 2385; x_wconf 91' lang='lat' dir='ltr'>in</span> <span class='ocrx_word' id='word_1_115' title='bbox 1084 2321 1161 2387; x_wconf 93' lang='lat' dir='ltr'>loco</span> <span class='ocrx_word' id='word_1_116' title='bbox 1172 2339 1279 2397; x_wconf 85' lang='lat' dir='ltr'>sacro,</span> <span class='ocrx_word' id='word_1_117' title='bbox 1297 2323 1434 2406; x_wconf 89' lang='lat' dir='ltr'>quando</span> <span class='ocrx_word' id='word_1_118' title='bbox 1447 2325 1560 2406; x_wconf 74' lang='lat' dir='ltr'>agitur</span> 
     </span>
     <span class='ocr_line' id='line_1_18' title="bbox 375 2429 1556 2512; baseline -0.001 -15"><span class='ocrx_word' id='word_1_119' title='bbox 375 2432 417 2497; x_wconf 95' lang='lat' dir='ltr'>de</span> <span class='ocrx_word' id='word_1_120' title='bbox 430 2431 652 2497; x_wconf 83' lang='lat' dir='ltr'>atrocissimis</span> <span class='ocrx_word' id='word_1_121' title='bbox 668 2431 865 2508; x_wconf 88' lang='lat' dir='ltr'>sceleribus,</span> <span class='ocrx_word' id='word_1_122' title='bbox 883 2430 1017 2496; x_wconf 88' lang='lat' dir='ltr'>etiamsi</span> <span class='ocrx_word' id='word_1_123' title='bbox 1030 2429 1079 2494; x_wconf 91' lang='lat' dir='ltr'>illi</span> <span class='ocrx_word' id='word_1_124' title='bbox 1091 2429 1243 2495; x_wconf 88' lang='lat' dir='ltr'>damnati</span> <span class='ocrx_word' id='word_1_125' title='bbox 1255 2431 1310 2512; x_wconf 92' lang='lat' dir='ltr'>pie</span> <span class='ocrx_word' id='word_1_126' title='bbox 1330 2431 1556 2508; x_wconf 82' lang='lat' dir='ltr'>decesserint3</span> 
     </span>
     <span class='ocr_line' id='line_1_19' title="bbox 377 2535 1384 2623; baseline -0.001 -19"><span class='ocrx_word' id='word_1_127' title='bbox 377 2545 524 2623; x_wconf 82' lang='lat' dir='ltr'>negatur</span> <span class='ocrx_word' id='word_1_128' title='bbox 538 2539 714 2622; x_wconf 89' lang='lat' dir='ltr'>sepultura</span> <span class='ocrx_word' id='word_1_129' title='bbox 728 2539 772 2604; x_wconf 90' lang='lat' dir='ltr'>ad</span> <span class='ocrx_word' id='word_1_130' title='bbox 788 2544 953 2603; x_wconf 88' lang='lat' dir='ltr'>terrorem</span> <span class='ocrx_word' id='word_1_131' title='bbox 971 2542 1006 2602; x_wconf 90' lang='lat' dir='ltr'>et</span> <span class='ocrx_word' id='word_1_132' title='bbox 1017 2535 1214 2622; x_wconf 89' lang='lat' dir='ltr'>exemplum</span> <span class='ocrx_word' id='word_1_133' title='bbox 1228 2537 1384 2603; x_wconf 87' lang='lat' dir='ltr'>aliorum.</span> 
     </span>
    </p>
   </div>
   <div class='ocr_carea' id='block_1_3' title="bbox 696 2735 1236 2802">
    <p class='ocr_par' dir='ltr' id='par_1_5' title="bbox 696 2735 1236 2802">
     <span class='ocr_line' id='line_1_20' title="bbox 696 2735 1236 2802; baseline 0.002 -15"><span class='ocrx_word' id='word_1_134' title='bbox 696 2737 727 2788; x_wconf 88' lang='lat'>11.</span> <span class='ocrx_word' id='word_1_135' title='bbox 747 2735 896 2790; x_wconf 80' lang='lat' dir='ltr'>concessio</span> <span class='ocrx_word' id='word_1_136' title='bbox 911 2735 1060 2802; x_wconf 78' lang='lat' dir='ltr'>illegitima</span> <span class='ocrx_word' id='word_1_137' title='bbox 1073 2735 1236 2801; x_wconf 81' lang='lat' dir='ltr'>sepulture.</span> 
     </span>
    </p>
   </div>
   <div class='ocr_carea' id='block_1_4' title="bbox 374 2871 1559 4792">
    <p class='ocr_par' dir='ltr' id='par_1_6' title="bbox 374 2871 1559 3488">
     <span class='ocr_line' id='line_1_21' title="bbox 417 2871 1558 2956; baseline -0.001 -18"><span class='ocrx_word' id='word_1_138' title='bbox 417 2875 449 2955; x_wconf 86' lang='grc' dir='ltr'>α)</span> <span class='ocrx_word' id='word_1_139' title='bbox 475 2873 539 2951; x_wconf 80' lang='lat' dir='ltr'>Qui</span> <span class='ocrx_word' id='word_1_140' title='bbox 563 2873 705 2938; x_wconf 82' lang='lat' dir='ltr'>scienter</span> <span class='ocrx_word' id='word_1_141' title='bbox 723 2871 892 2956; x_wconf 88' lang='lat' dir='ltr'>sepeliunt</span> <span class='ocrx_word' id='word_1_142' title='bbox 914 2875 1119 2941; x_wconf 87' lang='lat' dir='ltr'>nominatim</span> <span class='ocrx_word' id='word_1_143' title='bbox 1143 2874 1477 2940; x_wconf 88' lang='lat' dir='ltr'>excommunicatum</span> <span class='ocrx_word' id='word_1_144' title='bbox 1503 2873 1558 2939; x_wconf 87' lang='lat' dir='ltr'>vel</span> 
     </span>
     <span class='ocr_line' id='line_1_22' title="bbox 375 2979 1559 3066; baseline 0.001 -21"><span class='ocrx_word' id='word_1_145' title='bbox 375 2979 607 3056; x_wconf 88' lang='lat' dir='ltr'>interdictum,</span> <span class='ocrx_word' id='word_1_146' title='bbox 622 2979 821 3046; x_wconf 75' lang='lat' dir='ltr'>hereticum</span> <span class='ocrx_word' id='word_1_147' title='bbox 832 2982 1015 3059; x_wconf 87' lang='lat' dir='ltr'>notorium,</span> <span class='ocrx_word' id='word_1_148' title='bbox 1028 2983 1249 3048; x_wconf 89' lang='lat' dir='ltr'>committunt</span> <span class='ocrx_word' id='word_1_149' title='bbox 1268 2987 1446 3066; x_wconf 89' lang='lat' dir='ltr'>peccatum</span> <span class='ocrx_word' id='word_1_150' title='bbox 1468 2999 1559 3047; x_wconf 91' lang='lat' dir='ltr'>mor-</span> 
     </span>
     <span class='ocr_line' id='line_1_23' title="bbox 378 3089 1557 3156; baseline -0.002 -2"><span class='ocrx_word' id='word_1_151' title='bbox 378 3089 443 3154; x_wconf 89' lang='lat' dir='ltr'>tale</span> <span class='ocrx_word' id='word_1_152' title='bbox 464 3093 499 3154; x_wconf 91' lang='lat' dir='ltr'>et</span> <span class='ocrx_word' id='word_1_153' title='bbox 522 3089 702 3154; x_wconf 86' lang='lat' dir='ltr'>incurrunt</span> <span class='ocrx_word' id='word_1_154' title='bbox 727 3089 1119 3155; x_wconf 86' lang='lat' dir='ltr'>excommunicationem</span> <span class='ocrx_word' id='word_1_155' title='bbox 1138 3089 1215 3156; x_wconf 74' lang='lat' dir='ltr'>latae</span> <span class='ocrx_word' id='word_1_156' title='bbox 1234 3090 1414 3154; x_wconf 81' lang='lat' dir='ltr'>sententiae</span> <span class='ocrx_word' id='word_1_157' title='bbox 1428 3089 1557 3154; x_wconf 91' lang='lat' dir='ltr'>nemini</span> 
     </span>
     <span class='ocr_line' id='line_1_24' title="bbox 375 3195 1554 3281; baseline -0.001 -21"><span class='ocrx_word' id='word_1_158' title='bbox 375 3201 569 3272; x_wconf 78' lang='lat' dir='ltr'>reservatae,</span> <span class='ocrx_word' id='word_1_159' title='bbox 590 3199 691 3280; x_wconf 87' lang='lat' dir='ltr'>juxta</span> <span class='ocrx_word' id='word_1_160' title='bbox 711 3197 845 3262; x_wconf 91' lang='lat' dir='ltr'>constit.</span> <span class='ocrx_word' id='word_1_161' title='bbox 862 3195 1062 3281; x_wconf 67' lang='lat' dir='ltr'>apostolice</span> <span class='ocrx_word' id='word_1_162' title='bbox 1077 3197 1187 3276; x_wconf 83' lang='lat' dir='ltr'>Sedis,</span> <span class='ocrx_word' id='word_1_163' title='bbox 1203 3202 1281 3280; x_wconf 90' lang='lat' dir='ltr'>post</span> <span class='ocrx_word' id='word_1_164' title='bbox 1291 3199 1349 3279; x_wconf 88' lang='lat' dir='ltr'>jus</span> <span class='ocrx_word' id='word_1_165' title='bbox 1365 3198 1554 3280; x_wconf 86' lang='lat' dir='ltr'>antiquum.</span> 
     </span>
     <span class='ocr_line' id='line_1_25' title="bbox 377 3303 1557 3388; baseline -0.001 -21"><span class='ocrx_word' id='word_1_166' title='bbox 377 3303 589 3386; x_wconf 90' lang='lat' dir='ltr'>Sepelientes</span> <span class='ocrx_word' id='word_1_167' title='bbox 615 3323 699 3370; x_wconf 80' lang='lat' dir='ltr'>vero</span> <span class='ocrx_word' id='word_1_168' title='bbox 726 3303 811 3370; x_wconf 88' lang='lat' dir='ltr'>alios</span> <span class='ocrx_word' id='word_1_169' title='bbox 836 3303 1019 3387; x_wconf 76' lang='lat' dir='ltr'>sepulturae</span> <span class='ocrx_word' id='word_1_170' title='bbox 1046 3303 1217 3386; x_wconf 80' lang='lat' dir='ltr'>indignos,</span> <span class='ocrx_word' id='word_1_171' title='bbox 1248 3309 1390 3388; x_wconf 89' lang='lat' dir='ltr'>peccaut</span> <span class='ocrx_word' id='word_1_172' title='bbox 1418 3303 1557 3387; x_wconf 85' lang='lat' dir='ltr'>quidem</span> 
     </span>
     <span class='ocr_line' id='line_1_26' title="bbox 374 3411 1347 3488; baseline -0.001 -13"><span class='ocrx_word' id='word_1_173' title='bbox 374 3411 574 3488; x_wconf 90' lang='lat' dir='ltr'>mortaliter,</span> <span class='ocrx_word' id='word_1_174' title='bbox 593 3411 653 3476; x_wconf 91' lang='lat' dir='ltr'>sed</span> <span class='ocrx_word' id='word_1_175' title='bbox 668 3429 739 3476; x_wconf 93' lang='lat' dir='ltr'>non</span> <span class='ocrx_word' id='word_1_176' title='bbox 753 3411 932 3476; x_wconf 91' lang='lat' dir='ltr'>incurrunt</span> <span class='ocrx_word' id='word_1_177' title='bbox 947 3411 1347 3478; x_wconf 78' lang='lat' dir='ltr'>excommunicationem.</span> 
     </span>
    </p>

    <p class='ocr_par' dir='ltr' id='par_1_7' title="bbox 375 3519 1558 4144">
     <span class='ocr_line' id='line_1_27' title="bbox 416 3519 1556 3604; baseline -0.001 -21"><span class='ocrx_word' id='word_1_178' title='bbox 416 3519 570 3584; x_wconf 86' lang='lat' dir='ltr'>Diximus</span> <span class='ocrx_word' id='word_1_179' title='bbox 592 3521 757 3599; x_wconf 62' lang='lat' dir='ltr'>arionem</span> <span class='ocrx_word' id='word_1_180' title='bbox 780 3537 862 3584; x_wconf 91' lang='lat' dir='ltr'>nam</span> <span class='ocrx_word' id='word_1_181' title='bbox 884 3520 942 3604; x_wconf 88' lang='lat' dir='ltr'>qui</span> <span class='ocrx_word' id='word_1_182' title='bbox 966 3537 1010 3584; x_wconf 87' lang='lat' dir='ltr'>ex</span> <span class='ocrx_word' id='word_1_183' title='bbox 1033 3519 1237 3600; x_wconf 79' lang='lat' dir='ltr'>ignorantia,</span> <span class='ocrx_word' id='word_1_184' title='bbox 1261 3520 1364 3584; x_wconf 88' lang='lat' dir='ltr'>etiam</span> <span class='ocrx_word' id='word_1_185' title='bbox 1386 3519 1556 3603; x_wconf 90' lang='lat' dir='ltr'>culpabili,</span> 
     </span>
     <span class='ocr_line' id='line_1_28' title="bbox 375 3627 1554 3712; baseline -0.004 -18"><span class='ocrx_word' id='word_1_186' title='bbox 375 3629 558 3712; x_wconf 76' lang='lat' dir='ltr'>praedictos</span> <span class='ocrx_word' id='word_1_187' title='bbox 582 3629 618 3693; x_wconf 92' lang='lat' dir='ltr'>in</span> <span class='ocrx_word' id='word_1_188' title='bbox 640 3628 715 3694; x_wconf 92' lang='lat' dir='ltr'>locc</span> <span class='ocrx_word' id='word_1_189' title='bbox 738 3646 834 3696; x_wconf 87' lang='lat' dir='ltr'>sacro</span> <span class='ocrx_word' id='word_1_190' title='bbox 853 3627 1033 3712; x_wconf 89' lang='lat' dir='ltr'>sepeliunt,</span> <span class='ocrx_word' id='word_1_191' title='bbox 1056 3629 1098 3693; x_wconf 90' lang='lat' dir='ltr'>ab</span> <span class='ocrx_word' id='word_1_192' title='bbox 1117 3628 1181 3693; x_wconf 89' lang='lat' dir='ltr'>hac</span> <span class='ocrx_word' id='word_1_193' title='bbox 1194 3645 1339 3693; x_wconf 89' lang='lat' dir='ltr'>censura</span> <span class='ocrx_word' id='word_1_194' title='bbox 1351 3633 1432 3694; x_wconf 87' lang='lat' dir='ltr'>sunt</span> <span class='ocrx_word' id='word_1_195' title='bbox 1446 3627 1554 3693; x_wconf 82' lang='lat' dir='ltr'>liberi.</span> 
     </span>
     <span class='ocr_line' id='line_1_29' title="bbox 377 3734 1558 3820; baseline 0 -21"><span class='ocrx_word' id='word_1_196' title='bbox 377 3736 474 3801; x_wconf 87' lang='lat' dir='ltr'>Ratio</span> <span class='ocrx_word' id='word_1_197' title='bbox 498 3741 560 3812; x_wconf 87' lang='lat' dir='ltr'>est,</span> <span class='ocrx_word' id='word_1_198' title='bbox 583 3737 663 3820; x_wconf 89' lang='lat' dir='ltr'>quia</span> <span class='ocrx_word' id='word_1_199' title='bbox 683 3755 787 3819; x_wconf 83' lang='lat' dir='ltr'>poena</span> <span class='ocrx_word' id='word_1_200' title='bbox 808 3734 876 3812; x_wconf 90' lang='lat' dir='ltr'>illa,</span> <span class='ocrx_word' id='word_1_201' title='bbox 899 3755 974 3819; x_wconf 77' lang='lat' dir='ltr'>quae</span> <span class='ocrx_word' id='word_1_202' title='bbox 993 3734 1063 3800; x_wconf 88' lang='lat' dir='ltr'>lata</span> <span class='ocrx_word' id='word_1_203' title='bbox 1081 3735 1146 3799; x_wconf 84' lang='lat' dir='ltr'>fuit</span> <span class='ocrx_word' id='word_1_204' title='bbox 1160 3735 1318 3818; x_wconf 91' lang='lat' dir='ltr'>primitus</span> <span class='ocrx_word' id='word_1_205' title='bbox 1332 3755 1394 3819; x_wconf 91' lang='lat' dir='ltr'>per</span> <span class='ocrx_word' id='word_1_206' title='bbox 1407 3735 1558 3800; x_wconf 83' lang='lat' dir='ltr'>Clemen-</span> 
     </span>
     <span class='ocr_line' id='line_1_30' title="bbox 379 3843 1558 3928; baseline 0 -21"><span class='ocrx_word' id='word_1_207' title='bbox 379 3846 485 3910; x_wconf 88' lang='lat' dir='ltr'>tinam</span> <span class='ocrx_word' id='word_1_208' title='bbox 499 3846 645 3928; x_wconf 89' lang='lat' dir='ltr'>primam</span> <span class='ocrx_word' id='word_1_209' title='bbox 659 3845 763 3928; x_wconf 87' lang='lat' dir='ltr'>hujus</span> <span class='ocrx_word' id='word_1_210' title='bbox 779 3844 878 3922; x_wconf 89' lang='lat' dir='ltr'>tituli,</span> <span class='ocrx_word' id='word_1_211' title='bbox 893 3843 1096 3927; x_wconf 84' lang='lat' dir='ltr'>respiciebat</span> <span class='ocrx_word' id='word_1_212' title='bbox 1110 3861 1170 3909; x_wconf 90' lang='lat' dir='ltr'>eos</span> <span class='ocrx_word' id='word_1_213' title='bbox 1184 3847 1317 3910; x_wconf 90' lang='lat' dir='ltr'>tantum</span> <span class='ocrx_word' id='word_1_214' title='bbox 1338 3845 1396 3928; x_wconf 87' lang='lat' dir='ltr'>qui</span> <span class='ocrx_word' id='word_1_215' title='bbox 1417 3844 1558 3908; x_wconf 83' lang='lat' dir='ltr'>scienter</span> 
     </span>
     <span class='ocr_line' id='line_1_31' title="bbox 377 3951 1558 4036; baseline -0.001 -20"><span class='ocrx_word' id='word_1_216' title='bbox 377 3957 626 4036; x_wconf 70' lang='lat' dir='ltr'>praesumerent</span> <span class='ocrx_word' id='word_1_217' title='bbox 637 3951 723 4016; x_wconf 90' lang='lat' dir='ltr'>tales</span> <span class='ocrx_word' id='word_1_218' title='bbox 739 3951 884 4036; x_wconf 87' lang='lat' dir='ltr'>sepelire</span> <span class='ocrx_word' id='word_1_219' title='bbox 903 3953 939 4015; x_wconf 90' lang='lat' dir='ltr'>in</span> <span class='ocrx_word' id='word_1_220' title='bbox 951 3951 1026 4018; x_wconf 91' lang='lat' dir='ltr'>leco</span> <span class='ocrx_word' id='word_1_221' title='bbox 1042 3969 1149 4017; x_wconf 87' lang='lat' dir='ltr'>sacro.</span> <span class='ocrx_word' id='word_1_222' title='bbox 1167 3951 1271 4018; x_wconf 90' lang='lat' dir='ltr'>Porro</span> <span class='ocrx_word' id='word_1_223' title='bbox 1287 3956 1396 4017; x_wconf 89' lang='lat' dir='ltr'>const.</span> <span class='ocrx_word' id='word_1_224' title='bbox 1416 3951 1558 4036; x_wconf 77' lang='lat' dir='ltr'>Aposto-</span> 
     </span>
     <span class='ocr_line' id='line_1_32' title="bbox 379 4060 1140 4144; baseline 0 -18"><span class='ocrx_word' id='word_1_225' title='bbox 379 4061 450 4126; x_wconf 75' lang='lat' dir='ltr'>iice</span> <span class='ocrx_word' id='word_1_226' title='bbox 465 4061 564 4127; x_wconf 84' lang='lat' dir='ltr'>Sedis</span> <span class='ocrx_word' id='word_1_227' title='bbox 579 4061 663 4124; x_wconf 92' lang='lat' dir='ltr'>nibil</span> <span class='ocrx_word' id='word_1_228' title='bbox 677 4060 806 4126; x_wconf 86' lang='lat' dir='ltr'>addidit</span> <span class='ocrx_word' id='word_1_229' title='bbox 818 4061 889 4143; x_wconf 84' lang='lat' dir='ltr'>juri</span> <span class='ocrx_word' id='word_1_230' title='bbox 905 4060 1056 4144; x_wconf 89' lang='lat' dir='ltr'>antiquo.</span> <span class='ocrx_word' id='word_1_231' title='bbox 1075 4061 1140 4126; x_wconf 89' lang='lat' dir='ltr'>Sed</span> 
     </span>
    </p>

    <p class='ocr_par' dir='ltr' id='par_1_8' title="bbox 379 4167 1559 4792">
     <span class='ocr_line' id='line_1_33' title="bbox 419 4167 1558 4253; baseline -0.001 -21"><span class='ocrx_word' id='word_1_232' title='bbox 419 4169 449 4250; x_wconf 78' lang='grc' dir='ltr'>ὁ)</span> <span class='ocrx_word' id='word_1_233' title='bbox 459 4168 628 4246; x_wconf 74' lang='lat' dir='ltr'>Quaeritur</span> <span class='ocrx_word' id='word_1_234' title='bbox 640 4187 647 4231; x_wconf 93' lang='lat'>:</span> <span class='ocrx_word' id='word_1_235' title='bbox 661 4167 753 4249; x_wconf 79' lang='lat' dir='ltr'>Quid</span> <span class='ocrx_word' id='word_1_236' title='bbox 761 4167 971 4250; x_wconf 81' lang='lat' dir='ltr'>faciendum,</span> <span class='ocrx_word' id='word_1_237' title='bbox 982 4187 1063 4234; x_wconf 82' lang='lat' dir='ltr'>casu</span> <span class='ocrx_word' id='word_1_238' title='bbox 1073 4187 1139 4252; x_wconf 83' lang='lat' dir='ltr'>quo</span> <span class='ocrx_word' id='word_1_239' title='bbox 1150 4168 1256 4233; x_wconf 82' lang='lat' dir='ltr'>elicui</span> <span class='ocrx_word' id='word_1_240' title='bbox 1265 4167 1558 4253; x_wconf 84' lang='lat' dir='ltr'>sepulturacatbo·</span> 
     </span>
     <span class='ocr_line' id='line_1_34' title="bbox 380 4275 1556 4362; baseline -0.002 -22"><span class='ocrx_word' id='word_1_241' title='bbox 380 4277 444 4342; x_wconf 84' lang='lat' dir='ltr'>lice</span> <span class='ocrx_word' id='word_1_242' title='bbox 459 4295 613 4342; x_wconf 78' lang='lat' dir='ltr'>concessa</span> <span class='ocrx_word' id='word_1_243' title='bbox 626 4277 707 4360; x_wconf 81' lang='lat' dir='ltr'>suit,</span> <span class='ocrx_word' id='word_1_244' title='bbox 717 4277 773 4340; x_wconf 82' lang='lat' dir='ltr'>cui</span> <span class='ocrx_word' id='word_1_245' title='bbox 780 4276 843 4340; x_wconf 85' lang='lat' dir='ltr'>illa</span> <span class='ocrx_word' id='word_1_246' title='bbox 858 4277 1062 4362; x_wconf 73' lang='lat' dir='ltr'>deneqanda</span> <span class='ocrx_word' id='word_1_247' title='bbox 1076 4277 1176 4342; x_wconf 83' lang='lat' dir='ltr'>erat?</span> <span class='ocrx_word' id='word_1_248' title='bbox 1190 4278 1222 4340; x_wconf 85' lang='lat' dir='ltr'>l⁰</span> <span class='ocrx_word' id='word_1_249' title='bbox 1233 4277 1267 4340; x_wconf 90' lang='lat' dir='ltr'>Si</span> <span class='ocrx_word' id='word_1_250' title='bbox 1279 4293 1359 4341; x_wconf 89' lang='lat' dir='ltr'>ossa</span> <span class='ocrx_word' id='word_1_251' title='bbox 1372 4275 1420 4341; x_wconf 86' lang='lat' dir='ltr'>ita</span> <span class='ocrx_word' id='word_1_252' title='bbox 1435 4275 1556 4358; x_wconf 90' lang='lat' dir='ltr'>sepulti</span> 
     </span>
     <span class='ocr_line' id='line_1_35' title="bbox 379 4383 1557 4470; baseline -0.003 -20"><span class='ocrx_word' id='word_1_253' title='bbox 379 4385 421 4450; x_wconf 91' lang='lat' dir='ltr'>ab</span> <span class='ocrx_word' id='word_1_254' title='bbox 448 4384 593 4450; x_wconf 91' lang='lat' dir='ltr'>aliorum</span> <span class='ocrx_word' id='word_1_255' title='bbox 621 4385 775 4450; x_wconf 89' lang='lat' dir='ltr'>ssdelium</span> <span class='ocrx_word' id='word_1_256' title='bbox 803 4387 1001 4470; x_wconf 89' lang='lat' dir='ltr'>corporibus</span> <span class='ocrx_word' id='word_1_257' title='bbox 1030 4385 1176 4451; x_wconf 90' lang='lat' dir='ltr'>discerni</span> <span class='ocrx_word' id='word_1_258' title='bbox 1204 4385 1347 4470; x_wconf 91' lang='lat' dir='ltr'>possint,</span> <span class='ocrx_word' id='word_1_259' title='bbox 1379 4383 1557 4448; x_wconf 82' lang='lat' dir='ltr'>exhumari</span> 
     </span>
     <span class='ocr_line' id='line_1_36' title="bbox 379 4490 1555 4578; baseline -0.005 -22"><span class='ocrx_word' id='word_1_260' title='bbox 379 4491 515 4568; x_wconf 90' lang='lat' dir='ltr'>debent,</span> <span class='ocrx_word' id='word_1_261' title='bbox 534 4497 569 4556; x_wconf 90' lang='lat' dir='ltr'>et</span> <span class='ocrx_word' id='word_1_262' title='bbox 592 4511 613 4557; x_wconf 91' lang='lat' dir='ltr'>a</span> <span class='ocrx_word' id='word_1_263' title='bbox 633 4493 799 4559; x_wconf 85' lang='lat' dir='ltr'>catholica</span> <span class='ocrx_word' id='word_1_264' title='bbox 813 4492 989 4578; x_wconf 90' lang='lat' dir='ltr'>sepultura</span> <span class='ocrx_word' id='word_1_265' title='bbox 999 4493 1118 4578; x_wconf 90' lang='lat' dir='ltr'>procul</span> <span class='ocrx_word' id='word_1_266' title='bbox 1132 4494 1242 4578; x_wconf 90' lang='lat' dir='ltr'>abjici,</span> <span class='ocrx_word' id='word_1_267' title='bbox 1256 4495 1356 4576; x_wconf 89' lang='lat' dir='ltr'>juxta</span> <span class='ocrx_word' id='word_1_268' title='bbox 1369 4511 1442 4574; x_wconf 91' lang='lat' dir='ltr'>cap.</span> <span class='ocrx_word' id='word_1_269' title='bbox 1461 4491 1499 4554; x_wconf 81' lang='grc'>13</span> <span class='ocrx_word' id='word_1_270' title='bbox 1521 4490 1555 4552; x_wconf 93' lang='lat' dir='ltr'>b.</span> 
     </span>
     <span class='ocr_line' id='line_1_37' title="bbox 380 4599 1559 4686; baseline -0.002 -22"><span class='ocrx_word' id='word_1_271' title='bbox 380 4599 477 4664; x_wconf 88' lang='lat' dir='ltr'>tituli.</span> <span class='ocrx_word' id='word_1_272' title='bbox 500 4601 533 4664; x_wconf 89' lang='lat' dir='ltr'>Si</span> <span class='ocrx_word' id='word_1_273' title='bbox 555 4601 699 4666; x_wconf 88' lang='lat' dir='ltr'>discerni</span> <span class='ocrx_word' id='word_1_274' title='bbox 724 4607 907 4686; x_wconf 89' lang='lat' dir='ltr'>nequeant,</span> <span class='ocrx_word' id='word_1_275' title='bbox 935 4622 1005 4667; x_wconf 93' lang='lat' dir='ltr'>non</span> <span class='ocrx_word' id='word_1_276' title='bbox 1026 4607 1108 4668; x_wconf 89' lang='lat' dir='ltr'>sunt</span> <span class='ocrx_word' id='word_1_277' title='bbox 1127 4601 1354 4676; x_wconf 87' lang='lat' dir='ltr'>exhumanda,</span> <span class='ocrx_word' id='word_1_278' title='bbox 1376 4619 1419 4664; x_wconf 93' lang='lat' dir='ltr'>ne</span> <span class='ocrx_word' id='word_1_279' title='bbox 1441 4615 1559 4681; x_wconf 90' lang='lat' dir='ltr'>corpo-</span> 
     </span>
     <span class='ocr_line' id='line_1_38' title="bbox 380 4705 1022 4792; baseline 0.006 -22"><span class='ocrx_word' id='word_1_280' title='bbox 380 4708 472 4772; x_wconf 86' lang='lat' dir='ltr'>ribus</span> <span class='ocrx_word' id='word_1_281' title='bbox 489 4708 633 4774; x_wconf 89' lang='lat' dir='ltr'>aliorum</span> <span class='ocrx_word' id='word_1_282' title='bbox 649 4705 801 4775; x_wconf 88' lang='lat' dir='ltr'>ttdelium</span> <span class='ocrx_word' id='word_1_283' title='bbox 815 4709 941 4792; x_wconf 78' lang='lat' dir='ltr'>inJ&#39;uria</span> <span class='ocrx_word' id='word_1_284' title='bbox 954 4712 1022 4774; x_wconf 87' lang='lat' dir='ltr'>ssat.</span> 
     </span>
    </p>
   </div>
   <div class='ocr_carea' id='block_1_5' title="bbox 0 0 1756 5572">
    <p class='ocr_par' dir='ltr' id='par_1_9' title="bbox 0 0 1756 5572">
     <span class='ocr_line' id='line_1_39' title="bbox 0 0 1756 5572; baseline 0 0"><span class='ocrx_word' id='word_1_285' title='bbox 0 0 1756 5572; x_wconf 95' lang='lat' dir='ltr'> </span> 
     </span>
    </p>
   </div>
  </div>
 </body>
</html>
