3504 5566
484 530 572 579 rrnsn
593 529 744 582 sneuxous
764 533 983 583 exonerentur.
1266 521 1325 586 roe

192 651 224 716 2⁰
237 650 353 716 Testes
366 651 576 736 producendi
598 657 680 716 sunt
699 657 778 736 post
790 654 886 720 litem
903 659 1140 732 contestatam,
1156 656 1246 720 intra
1260 662 1324 720 ter-

156 761 282 826 minum
296 758 442 844 ajudice
460 755 651 844 praeflxum,
678 767 717 825 ut
738 761 866 828 dictum
881 768 934 828 est
946 765 983 828 in·
999 765 1047 828 tit.
1062 763 1103 828 Vl
1116 764 1221 847 hujus
1234 764 1321 828 libri.

155 867 213 931 Ter
226 873 360 932 tantum
373 867 514 951 produci
528 874 681 952 possunt,
699 870 764 934 nisi
780 889 823 934 ex
834 874 928 954 justa
941 891 1045 938 oense
1061 877 1186 937 etcum
1202 871 1325 936 solem-

154 976 253 1040 nitate
268 973 370 1057 legali
385 975 525 1040 delinita
537 977 573 1040 in
592 976 672 1042 Nor.
683 977 732 1054 90,
749 997 778 1042 c.
790 979 821 1054 1,
839 985 873 1042 et
886 986 1023 1064 recepta
1036 983 1144 1064 ejure
1160 981 1322 1045 canonico

152 1085 189 1166 (c.
204 1085 242 1148 15
257 1087 293 1148 et
305 1085 346 1148 55
358 1084 392 1148 b.
410 1085 458 1167 1.),
475 1079 596 1168 quarta
608 1085 785 1168 productio
799 1089 1001 1172 requiratur.

187 1190 259 1257 lmo
282 1195 388 1256 testes
408 1191 524 1269 iidem,
545 1193 653 1257 semel
669 1193 836 1277 producti,
853 1197 1046 1279 possuntin
1061 1196 1183 1260 eodem
1195 1197 1323 1280 judicio

152 1317 249 1382 super
271 1299 391 1364 iisdem
416 1299 565 1365 articulis
588 1302 778 1386 reproduci‚
808 1302 995 1369 dummodo
1011 1304 1204 1388 producens
1227 1305 1324 1369 elteri

149 1407 361 1490 productioni
374 1426 445 1472 non
461 1409 709 1474 renuntiaverit
723 1411 763 1492 (c.
777 1411 818 1476 to
831 1413 866 1476 b.
883 1413 932 1494 1.).
948 1412 1033 1477 Nem
1047 1412 1136 1476 siout
1148 1411 1326 1478 indefinita

149 1514 324 1596 productio
339 1521 431 1580 esset
444 1515 634 1598 perniciosa
647 1517 825 1602 multiplici
839 1537 882 1582 ex
896 1520 1017 1604 capite,
1032 1519 1081 1582 ite
1091 1501 1235 1584 'facultas
1248 1538 1326 1602 pro-

149 1621 324 1688 bationum
335 1641 407 1688 non
424 1629 477 1688 est
487 1624 636 1690 indebite
651 1627 908 1708 coangustando
920 1629 960 1710 (o.
975 1627 1015 1690 lo
1028 1627 1061 1690 h.
1079 1626 1128 1707 1.).

181 1731 212 1794 3·
226 1729 351 1796 Forma
360 1731 396 1794 in
409 1731 621 1814 depositione
629 1734 797 1800 servande
807 1740 859 1799 est
871 1753 1019 1818 sequens
1032 1753 1039 1798 :
1052 1740 1156 1810 ector,
1173 1735 1209 1796 in
1224 1735 1324 1816 serip-

147 1845 217 1904 ture
230 1841 431 1904 eontinente
451 1841 612 1906 articulos
634 1842 839 1925 probandos,
856 1843 1017 1926 exprimit
1029 1846 1136 1906 testes
1151 1843 1209 1926 qui
1222 1859 1326 1923 super

145 1946 198 2011 tali
212 1948 358 2013 articulo
369 1953 450 2012 sunt
463 1950 681 2014 examinandi
693 1970 709 2026 ;·
717 1955 752 2016 et
760 1951 833 2015 baec
843 1951 1009 2034 scripture
1020 1969 1042 2014 o
1047 1949 1160 2032 judice
1173 1967 1325 2014 commu-

143 2053 275 2120 nicetur
297 2074 368 2134 ree,
380 2059 430 2120 'ut
451 2058 482 2120 is
503 2057 619 2122 videet
632 2077 676 2123 an
690 2063 810 2122 eontra
827 2056 988 2122 articulos
1002 2055 1058 2122 vel
1075 2073 1241 2140 personas
1257 2062 1322 2120 tes·

143 2161 224 2226 tium
239 2163 399 2247 excipere
412 2163 506 2240 velit,
522 2163 579 2228 vel
592 2165 741 2230 formare
753 2165 1026 2247 interrogatoria.

178 2271 270 2337 Reus
284 2273 322 2335 in
335 2272 459 2356 scripto
474 2272 576 2337 offert
586 2273 694 2356 judici
709 2293 789 2339 suas
805 2274 1024 2356 exceptiones
1040 2277 1074 2344 et
1098 2273 1323 2352 interrogato-

142 2379 190 2444 ria
205 2400 213 2444 :
230 2379 453 2464 exceptiones
465 2383 762 2446 communicantur
782 2382 899 2458 actori,
915 2399 986 2446 non
1005 2386 1122 2446 autem
1135 2381 1323 2461 interroga-

143 2487 235 2564 torio,
251 2506 299 2551 ne
323 2491 429 2551 testes
450 2487 665 2554 instruantur
684 2489 728 2553 ed
749 2488 1029 2572 respondendum
1060 2509 1066 2550 :
1098 2505 1173 2571 qum
1202 2485 1322 2550 ultima

141 2595 349 2679 prescriptio
363 2595 570 2677 rigidissime
585 2597 686 2660 estin
700 2597 915 2680 processibus
939 2594 1196 2661 beatificationis
1222 2601 1257 2658 et
1269 2613 1321 2659 ca-

141 2705 368 2770 nonizationis
383 2710 589 2770 sanctorum.

177 2813 270 2880 Tunc
294 2813 403 2896 iudex
425 2813 507 2879 citat
534 2819 639 2878 testes
655 2814 697 2878 ab
711 2817 825 2878 actore
841 2813 1055 2889 nominatos;
1080 2813 1108 2876 si
1121 2831 1192 2878 non
1207 2817 1323 2876 essent

141 2922 275 3000 subditi,
303 2920 420 2988 veleb
449 2922 646 2988 distantiam
672 2920 828 2988 locorum
855 2921 1020 3004 impediti,
1040 2925 1121 2985 tune
1142 2919 1250 3003 judex
1261 2937 1323 3002 per

141 3029 267 3095 litteras
279 3031 489 3120 remissorias
501 3029 643 3114 requirit
654 3029 807 3112 judicem
824 3028 963 3092 ulterius
978 3027 1161 3110 provinciae
1186 3033 1225 3090 ut
1245 3045 1325 3090 exa—

140 3154 215 3203 men
236 3138 380 3202 illorum
402 3139 544 3202 testium
558 3138 595 3200 in
610 3155 646 3202 se
668 3136 819 3220 recipiet,
842 3153 1029 3219 eorumque
1044 3135 1275 3218 depositiones
1287 3135 1323 3198 in

141 3247 270 3330 scriptis
289 3246 353 3310 sub
368 3265 430 3311 suo
445 3244 556 3326 sigillo
569 3245 701 3310 clausas
714 3245 866 3308 remittat
879 3244 946 3326 (jus
962 3243 1084 3327 Rom).

176 3353 331 3420 l'andem
345 3353 389 3420 ad
403 3354 635 3437 receptionem
649 3335 800 3426 testium,
811 3350 1020 3432 regulariter
1029 3349 1164 3422 citanda
1176 3353 1229 3414 est
1243 3368 1321 3434 pars

141 3459 296 3539 adversa,
310 3465 349 3524 ut
360 3461 396 3524 in
407 3463 483 3544 ejus
492 3460 676 3544 praesentia
688 3463 793 3523 testes
808 3457 1023 3540 recipiantur,
1036 3461 1076 3520 nt
1085 3459 1322 3540 juramentum

141 3587 259 3634 eorum
272 3567 400 3645 audiat,
417 3571 494 3644 etc,
518 3585 589 3632 non
613 3571 730 3632 tamen
744 3567 880 3630 intersit
903 3569 1035 3629 secreto
1051 3565 1200 3628 examini
1214 3569 1250 3648 et
1265 3564 1324 3628 de·

141 3675 368 3758 positionibus
383 3676 423 3757 (o.
437 3675 458 3739 1
470 3675 504 3738 h.
520 3680 543 3738 t.
562 3673 768 3758 explicatum
779 3675 880 3756 juxte
888 3674 946 3754 jus
960 3671 1082 3754 Rom).
1099 3670 1138 3734 ln
1152 3671 1320 3756 aliquibus

143 3787 256 3847 tamen
278 3783 424 3860 casibus,
449 3783 523 3847 haec
545 3781 660 3846 eitetio
679 3781 784 3865 partis
807 3781 959 3845 adversae
983 3797 1053 3843 non
1072 3780 1266 3862 requiritur,
1283 3783 1322 3842 ut

140 3889 174 3952 in
188 3909 297 3956 causa
322 3891 474 3966 haeresis,
500 3889 557 3954 vel
570 3889 629 3952 ubi
651 3893 705 3952 est
717 3885 907 3971 periculum
932 3887 1033 3968 fugae,
1052 3891 1115 3952 eto.
1134 3889 1172 3969 (c.
1195 3888 1254 3951 tin.
1280 3888 1321 3950 de

140 3995 278 4074 liceret,
296 3999 333 4062 in
345 4000 389 4076 6⁰,
407 4004 442 4063 et
452 4001 510 4082 jus
518 3997 640 4078 Rom).
656 3995 850 4060 Notandum
871 3995 1028 4078 estquod
1052 3993 1229 4077 productio
1255 3977 1335 4058 tes-¹

141 4103 223 4169 tium
236 4107 277 4169 tlt
293 4106 485 4190 sumptibus
500 4103 720 4188 producentis
736 4105 775 4185 (o.
793 4104 828 4166 11
846 4102 888 4166 de
901 4103 1024 4180 lieren,
1040 4103 1077 4166 in
1090 4103 1133 4178 δ’,
1151 4103 1238 4184 eto).

178 4212 208 4296 b)
226 4212 279 4278 nd
304 4213 546 4298 depositionem
572 4213 712 4277 testium
734 4211 825 4296 quod
846 4215 985 4294 spectat,
1014 4209 1203 4274 notandum
1230 4210 1321 4294 quod

139 4320 396 4404 praerequiritur
406 4323 644 4404 juramentum
659 4319 808 4384 examini
819 4324 854 4384 et
862 4317 1066 4402 depositioni
1079 4318 1229 4382 testium.
1396 4299 1402 4309 ’

178 4428 210 4491 l·
222 4427 464 4492 decrementum
482 4433 644 4510 proestare
665 4426 792 4493 debent
817 4431 922 4490 testes
942 4443 1074 4501 omnes,
1093 4425 1195 4489 etiam
1211 4425 1321 4507 digni-

142 4535 570 4618 tateeminentiiulgentm,
581 4541 766 4621 antequam
781 4535 1005 4600 admittentur
1015 4535 1059 4599 ed
1068 4534 1320 4599 testificandum

142 4641 320 4722 (juellum.
336 4645 373 4707 in
387 4663 460 4710 can.
477 4645 520 4710 Si
530 4652 639 4719 testes,
655 4644 686 4720 4,
704 4664 735 4728 q.
752 4644 782 4719 3,
800 4642 982 4725 relatum).
