3488 5568
378 579 438 641 588
837 595 889 642 rus
910 596 1091 644 aaronem.

377 713 513 780 tudines
531 715 870 780 contrariaslamen
886 715 1092 798 probabilior
1112 718 1282 783 sententie
1304 718 1461 795 affirmat,
1479 723 1555 784 tum

378 822 534 906 quiahoc
547 821 675 887 habent
687 840 808 887 omnes
821 822 916 904 leges
927 843 1002 908 quae
1016 823 1088 889 solo
1096 827 1174 909 jure
1184 827 1335 892 humano
1348 827 1555 893 introductae

379 936 468 1008 sunt,
491 937 564 996 tum
585 933 664 1016 quia
684 933 726 998 de
747 933 836 997 iacto
856 933 1068 999 consuetudo
1084 934 1221 998 sustulit
1234 941 1294 1000 aut
1307 936 1429 1001 saltem
1443 938 1557 1001 immi-

378 1043 453 1107 nuit
466 1041 717 1106 immunitatem
730 1039 884 1117 localem,
901 1060 978 1106 eam
991 1044 1229 1124 restringendo
1244 1045 1288 1108 ad
1302 1045 1469 1128 quosdam
1476 1064 1556 1110 reos

379 1155 413 1215 et
426 1149 611 1216 auterendo
627 1149 830 1233 quibusdam
843 1149 937 1213 locis.
953 1149 1078 1214 Textus
1090 1153 1177 1234 juris
1192 1153 1249 1235 qui
1264 1152 1376 1218 solent
1389 1153 1502 1216 allerri
1518 1152 1555 1214 in

377 1259 595 1335 contrarium,
616 1261 724 1338 agunt
739 1261 871 1321 tantum
885 1256 927 1322 de
942 1258 1157 1324 immunitato
1170 1259 1350 1342 personali,
1378 1277 1448 1324 nou
1470 1277 1554 1325 varo

380 1367 421 1431 de
434 1365 543 1431 locali.

418 1475 450 1538 3⁰
463 1475 554 1540 Reus
568 1474 662 1559 asylo
676 1475 831 1558 gaudeus
846 1473 948 1540 debet
960 1475 1075 1557 recipi,
1094 1479 1128 1539 et
1142 1475 1304 1540 alimenta
1317 1477 1440 1540 ansuis
1454 1477 1555 1540 bouis

380 1583 411 1648 ei
431 1582 707 1666 suppeditantur;
730 1583 759 1647 si
779 1584 870 1647 bona
888 1601 959 1648 non
972 1583 1106 1659 habeat,
1129 1583 1204 1665 ipsa
1224 1581 1366 1647 eeclesia
1384 1602 1463 1648 eum
1482 1584 1553 1649 alit.

379 1689 488 1756 ludex
498 1689 604 1756 laicus
617 1691 700 1756 nihil
711 1689 931 1756 criminaliter
943 1690 1123 1774 disponere
1135 1695 1373 1774 potestcontra
1388 1711 1478 1769 eum,
1491 1710 1556 1756 uec

380 1799 423 1864 ad
436 1819 575 1884 poenam
591 1819 733 1882 gravem
754 1801 1005 1876 condemmaro‚
1022 1798 1131 1864 multo
1145 1801 1260 1864 minus
1271 1819 1350 1864 eum
1363 1802 1552 1866 extrahere.

420 1909 450 1992 bl
471 1910 558 1974 Loca
580 1927 655 1994 quae
675 1910 828 1990 gaudent
844 1913 922 1994 jure
941 1909 1036 1992 asyli,
1061 1914 1142 1973 suut
1163 1911 1363 1994 sequentia:
1381 1911 1412 1973 l⁰
1433 1928 1555 1976 omues

380 2017 528 2084 eeclesiae
544 2019 743 2083 auctoritate
759 2018 908 2102 episcopi
923 2023 1044 2083 erecta
1058 2036 1137 2082 cum
1151 2019 1347 2082 coemeterio
1362 2023 1396 2082 et
1410 2023 1481 2084 tota
1493 2039 1556 2085 sua

380 2127 506 2192 fabrica
523 2126 676 2191 interiori
695 2130 730 2190 et
746 2127 926 2202 exteriori;
953 2126 1044 2190 unde
1066 2144 1146 2190 reus
1170 2127 1274 2212 etiam
1296 2131 1429 2191 vectem
1448 2133 1555 2211 portae

380 2235 436 2299 rel
450 2252 589 2298 murum
605 2233 754 2298 ecclesiae
776 2234 948 2316 tangendo
963 2235 1091 2314 gaudet
1105 2232 1217 2316 asylo;
1238 2233 1272 2297 Ψ
1287 2235 1403 2300 omnia
1420 2253 1556 2300 monas·

380 2344 465 2408 teria
478 2361 556 2407 cum
568 2343 639 2406 suis
652 2342 771 2418 bortis,
786 2341 885 2418 areis,
899 2341 1040 2406 stabulis
1050 2342 1140 2405 inter
1150 2345 1246 2425 septa
1254 2344 1453 2407 monasterii
1468 2345 1553 2421 sitis;

379 2454 411 2518 3·
432 2452 549 2516 omnia
563 2451 638 2517 loca
657 2470 733 2535 quae
745 2454 823 2534 jura
843 2451 1006 2516 canonico
1017 2456 1201 2515 censentur
1215 2450 1384 2533 religiosa,
1403 2471 1464 2517 seu
1476 2471 1556 2517 cum

380 2561 580 2627 auctoritate
606 2559 754 2644 episcopi
782 2563 909 2635 erecta,
939 2564 978 2622 ut
1004 2560 1219 2632 coemeteria.
1246 2560 1442 2643 hospitalia,
1471 2567 1555 2639 etc.;

379 2671 412 2736 t·
423 2669 587 2754 palatium
601 2669 770 2754 episcopi:
787 2667 829 2732 de
839 2667 892 2731 bis
906 2667 1065 2732 omnibus
1073 2673 1207 2733 constat
1219 2687 1262 2733 ex
1270 2669 1373 2734 variis
1388 2675 1421 2734 et
1430 2671 1556 2754 apertis

377 2780 522 2862 juribus.
544 2777 638 2842 ldem
661 2777 879 2862 privilegium
909 2777 1073 2859 competit
1099 2777 1318 2860 probabiliter
1343 2777 1460 2842 domui
1486 2779 1557 2861 epi-

382 2889 475 2970 scopi
503 2886 647 2952 titularis
676 2890 710 2950 et
735 2884 866 2968 praelati
890 2884 1165 2968 jurisdictionem
1197 2886 1294 2968 quasi
1329 2884 1559 2970 episcopalem

388 2995 555 3060 habentis.
575 2997 609 3059 5⁰
624 2993 690 3059 Sed
711 2995 776 3059 boc
795 2996 872 3077 Jure
885 3011 956 3057 non
981 2992 1133 3074 gaudent
1158 2995 1305 3059 oratoria
1325 2993 1457 3077 privata
1481 2995 1557 3058 siue

381 3103 582 3168 auctoritate
596 3104 746 3187 episcopi
760 3107 882 3179 erecta,
899 3100 1024 3184 palatia
1036 3101 1068 3165 S.
1083 3101 1121 3165 R.
1131 3101 1165 3164 E.
1178 3101 1411 3177 cardinalium,
1423 3119 1504 3165 cum
1515 3101 1557 3165 de

380 3211 434 3276 his
457 3212 540 3276 nibil
564 3217 730 3278 statutum
754 3213 808 3290 sit,
842 3213 963 3277 domus
985 3211 1060 3294 piae,
1086 3230 1198 3296 neque
1222 3229 1307 3276 crux
1326 3211 1382 3275 vel
1404 3209 1478 3276 aliae
1502 3229 1559 3276 res

382 3341 497 3388 sacrae.

422 3431 448 3514 c)
465 3431 619 3496 Personae
634 3451 709 3514 quae
724 3431 877 3517 pandent
885 3433 1072 3516 Jareasyli.
1085 3435 1117 3496 1⁰
1128 3431 1337 3496 Generaliter
1348 3447 1470 3495 omues
1483 3449 1560 3514 per-

382 3557 475 3604 sonae
489 3539 641 3620 gaudent
657 3539 836 3623 privilegio
858 3539 953 3624 asyli,
972 3540 1000 3603 si
1021 3537 1212 3623 specialiter
1231 3539 1266 3602 in
1285 3541 1362 3621 jure
1387 3555 1458 3603 non
1478 3545 1559 3602 sunt

382 3651 542 3730 excepta.
559 3647 662 3712 Porro
676 3647 710 3711 9·
724 3647 937 3731 excipiuntur
956 3651 1100 3724 tantum,
1116 3651 1248 3711 attento
1260 3649 1338 3729 jure
1358 3644 1492 3721 actuali,
1514 3663 1559 3709 ex

286 3841 288 3846 ,
381 3761 489 3820 const.
500 3755 597 3838 Greg.
608 3756 677 3820 XIV
693 3755 1046 3832 Cumuliasnonnulti,
1058 3753 1184 3818 Bened.
1200 3753 1335 3818 lllllEr
1348 3773 1414 3838 prro
1424 3753 1553 3830 divina,

381 3868 490 3927 const.
503 3863 732 3945 Officiinoatri
738 3863 1017 3928 etDetertabilem
1030 3861 1155 3926 Bened.
1166 3861 1247 3924 xlv:
1253 3861 1385 3946 publici
1395 3861 1555 3936 tatrones,

383 3969 440 4054 qui
454 3969 490 4032 in
504 3969 569 4034 viis
585 3970 727 4054 publicis
740 3990 802 4054 per
816 3970 956 4034 insidias
971 3968 1026 4033 vel
1040 3969 1076 4032 in
1088 3968 1246 4033 domibus
1258 3968 1398 4050 privatis
1412 3985 1474 4050 per
1487 3969 1560 4032 vio-

381 4075 522 4141 lentiam
535 4077 692 4142 homines
707 4078 963 4160 aggrediuntur,
980 4095 1040 4142 eos
1051 4075 1240 4160 spoliando,
1255 4080 1335 4140 etse
1347 4073 1560 4140 defendenti-

286 4198 290 4206 '
382 4184 446 4249 bus
462 4203 583 4250 necem
602 4191 662 4250 aut
679 4185 823 4250 vulnera
834 4185 1019 4267 infligendo
1033 4205 1040 4260 ;
1051 4183 1182 4268 publici
1191 4190 1399 4267 praecatores
1409 4183 1558 4259 ciarum,

383 4294 440 4376 qui
457 4294 493 4357 in
508 4293 571 4358 viis
592 4299 626 4358 et
642 4295 756 4359 stratis
769 4293 912 4378 publicis
930 4293 1080 4358 viatores
1094 4289 1317 4373 agrediuntur
1332 4296 1367 4354 et
1387 4289 1558 4373 spoliaut;

384 4402 413 4464 si
426 4403 554 4487 absque
573 4404 665 4468 caede
683 4409 718 4468 et
731 4403 978 4479 vulneratione,
1001 4401 1223 4484 requiruntur
1245 4399 1360 4483 plures
1376 4399 1561 4480 grassatio-

384 4527 465 4586 ues;
491 4513 520 4576 si
540 4531 619 4577 cum
640 4531 723 4578 nece
738 4513 792 4577 vel
806 4511 1031 4588 mutilatione,
1049 4509 1174 4574 suflicit
1188 4509 1309 4572 unicus
1324 4512 1430 4582 actus,
1448 4513 1486 4570 ut
1502 4507 1562 4571 de-

383 4624 529 4698 negetur
540 4623 597 4703 jus
612 4621 707 4705 asyli.
726 4621 902 4686 Grassator
914 4619 1069 4704 publicus
1088 4623 1123 4684 et
1136 4617 1222 4682 latro
1240 4617 1313 4681 iere
1335 4616 1561 4700 synonymice

383 4725 438 4792 hic
464 4730 688 4815 excipiuntur.
