3504 5568
547 573 633 620 nrnsn
654 573 780 620 ruamus
800 573 1022 620 sacerrimus.
1314 559 1372 622 507

242 690 274 754 l⁰
292 690 326 754 Si
341 691 491 768 ecclesia,
507 709 586 758 cum
605 693 735 777 polluta
757 694 830 771 luit,
846 693 1063 758 solummodo
1078 695 1256 759 benedicta
1270 695 1371 772 esset,

203 817 265 862 seu
274 799 428 866 nondum
440 807 647 878 consecrata,
658 801 866 868 reconciliari
875 807 989 886 potest
997 821 1058 887 per
1069 803 1256 886 simplicem
1267 821 1374 868 sacer-

203 909 319 974 dotem
332 911 529 994 aspersione
545 928 642 995 aquae
657 911 856 988 benedicta,
873 913 975 976 etiam
989 911 1126 976 licentia
1141 912 1289 996 episcopi
1304 931 1373 977 non

203 1021 406 1102 exspectata,
422 1021 459 1082 ut
475 1018 598 1084 docent
612 1018 710 1084 multi
721 1017 1043 1100 (schmalzgrueber,
1054 1019 1244 1096 Bellicum,
1259 1019 1374 1086 Ferra-

202 1126 259 1202 ris,
276 1127 354 1208 eto.)
368 1129 403 1190 et
418 1143 537 1190 eruere
552 1131 720 1192 conantur
734 1145 859 1210 excep.
873 1127 932 1190 sm.
949 1125 982 1188 h.
1001 1125 1049 1188 tit.
1066 1145 1100 1188 :«
1112 1125 1209 1209 Aqua
1217 1127 1373 1210 protinus

203 1233 391 1298 exorcizata
409 1233 551 1299 lavetur.
571 1258 586 1290 »
602 1233 729 1298 Tamen
743 1237 796 1298 sat
807 1233 1036 1298 communiter
1052 1233 1118 1296 llll.
1135 1233 1236 1298 hodie
1256 1237 1374 1300 tenent

202 1340 406 1405 contrariam
438 1339 653 1416 sententiam,
683 1357 758 1423 quae
791 1339 898 1424 exigit
922 1338 1094 1404 licentiam
1119 1339 1265 1422 episcopi
1286 1339 1374 1405 :hoc

203 1447 338 1511 videtur
350 1447 484 1513 fundari
498 1447 534 1511 in
548 1445 672 1512 Rituali
686 1446 851 1523 Romano,
869 1447 960 1530 quod
971 1427 1213 1512 declaratlranc
1225 1447 1374 1513 reconci-

202 1554 378 1618 liationem
396 1555 469 1618 sseri
493 1572 572 1619 cum
593 1571 682 1637 aqua
699 1553 830 1618 lustrali
848 1572 910 1643 per
929 1554 1140 1620 sacerdotem
1154 1554 1348 1636 delegatum
1364 1575 1371 1632 ;

204 1660 325 1726 deinde
342 1661 374 1725 S.
392 1661 557 1744 congreg.
574 1661 653 1737 Bit,
671 1660 725 1726 die
739 1661 853 1725 creor.
871 1661 961 1737 1608,
977 1662 1042 1726 hoc
1056 1661 1233 1728 decretum
1248 1662 1370 1727 edidit:

204 1796 219 1827 «
238 1769 389 1852 Simplex
402 1770 631 1836 reconciliatio
647 1768 797 1834 ccclesiae
812 1787 874 1833 seu
889 1771 1075 1834 coemeterii
1097 1789 1169 1836 non
1186 1773 1373 1837 consecrati

202 1881 315 1962 potest
332 1877 497 1942 committi
511 1877 709 1960 presbytero
723 1878 760 1941 in
779 1877 942 1958 dignitate
957 1879 1161 1955 constituto;
1178 1884 1213 1944 et
1230 1880 1273 1944 ed
1297 1897 1374 1944 eam

202 1987 432 2070 peragendam
443 1985 714 2070 independenter
727 1987 949 2070 abepiscopo,
966 1987 1149 2070 requiritur
1157 1988 1374 2070 privilegium

205 2095 440 2180 apostolicum.
457 2121 472 2154 o
488 2096 614 2162 Tamen
628 2095 777 2177 delegari
792 2099 905 2180 potest
919 2096 1076 2160 sacerdos
1092 2097 1247 2181 simplex,
1264 2116 1324 2162 seu
1338 2100 1374 2164 iu

203 2203 368 2286 dignitate
392 2223 462 2270 non
482 2205 698 2281 constitutus,
715 2209 754 2270 ut
767 2209 901 2270 constat
912 2223 954 2268 ex
970 2205 1035 2268 Rit.
1050 2203 1148 2270 Rom.
1166 2209 1253 2270 etex
1265 2207 1371 2288 praxi.

135 2340 140 2352 ·
203 2311 296 2392 (Vide
313 2311 446 2388 Giraldi‚
463 2331 516 2398 op.
533 2315 600 2388 cit,
616 2331 649 2396 p.
667 2311 691 2388 l,
709 2316 790 2376 sect.
804 2313 888 2394 603.)

241 2419 274 2482 2⁰
289 2419 322 2484 Si
336 2423 534 2484 consecrata
552 2419 626 2494 luit,
652 2417 861 2483 reconciliari
883 2418 1021 2484 debete
1043 2421 1180 2504 proprio
1202 2421 1370 2504 episcopo,

201 2527 268 2604 vel,
294 2527 336 2592 de
359 2529 434 2610 ejus
456 2525 664 2602 licentiaco
688 2527 844 2610 episcopo
869 2531 1042 2604 extraneo,
1066 2531 1168 2610 prout
1180 2527 1325 2592 habetur
1338 2529 1373 2592 in

201 2635 310 2718 cap-9
323 2635 357 2698 h.
375 2634 424 2698 tit.
441 2633 507 2698 Sed
522 2633 701 2717 episcopus
715 2633 873 2715 delegare
888 2635 1007 2718 nequit
1019 2633 1205 2718 simplicem
1220 2635 1374 2699 sacerdo-

205 2748 275 2806 tem
290 2742 334 2806 ad
345 2740 629 2807 reconciliandam
644 2741 822 2808 ecclesiam
835 2741 1012 2825 pollutam,
1029 2742 1057 2806 si
1071 2742 1143 2806 haec
1159 2740 1300 2807 eeclesia
1310 2742 1375 2806 luit

203 2855 419 2925 consecrata;
437 2849 517 2934 quia
530 2849 770 2927 reconciliatio,
786 2867 856 2915 non
877 2868 975 2914 secus
996 2867 1036 2914 ae
1058 2850 1132 2934 ipsa
1152 2851 1371 2926 consecratio,

204 2962 257 3022 est
277 2962 372 3022 actus
397 2957 525 3022 ordinis
540 2957 750 3041 episcopalis,
776 2976 878 3041 quem
891 2957 1070 3040 episcopus
1088 2956 1293 3021 demandare
1315 2975 1374 3020 ne-

205 3067 278 3150 quit
300 3064 429 3130 clericis
454 3065 624 3132 inferioris
648 3066 787 3130 ordinis.
814 3065 988 3131 Contraria
1013 3066 1129 3149 praxis
1154 3063 1298 3132 dicenda
1323 3069 1375 3128 est

203 3174 408 3259 corruptela,
425 3193 464 3240 ac
480 3174 622 3258 proinde
641 3175 759 3259 nequit
772 3175 979 3240 constituere
995 3173 1278 3239 consuetudinem
1292 3173 1375 3255 legi-

203 3285 331 3349 timum.

241 3393 273 3456 3·
288 3391 337 3456 Ex
349 3392 590 3458 commissione
605 3392 660 3455 vel
682 3392 860 3475 privilegio
881 3393 990 3475 Papae,
1011 3395 1126 3476 potest
1145 3390 1373 3456 reconciliatio

202 3500 351 3566 ecclesiae
365 3505 570 3564 consecralae
585 3499 660 3564 llari
673 3517 693 3564 a
706 3501 849 3584 simplici
864 3500 1051 3566 sacerdote.
1063 3499 1202 3564 Constat
1215 3517 1258 3562 ex
1272 3515 1375 3580 supra

202 3607 300 3672 dictis
330 3607 372 3672 de
396 3609 663 3672 consecratione.
690 3607 767 3672 Haec
795 3608 1023 3673 reconciliatio
1048 3609 1087 3671 ut
1107 3623 1185 3672 cum
1210 3606 1374 3690 aqua-cui

202 3714 434 3779 admiscentur
445 3715 577 3779 cineres
592 3719 627 3779 et
641 3715 805 3796 vinum(c.
821 3716 888 3779 dh.
907 3715 955 3798 t.);
972 3733 1115 3800 quaque
1131 3713 1321 3779 benedictio
1336 3713 1375 3776 iit

203 3839 282 3887 cum
295 3823 407 3886 forma
418 3825 545 3886 statuta
558 3822 593 3884 in
608 3820 794 3886 pontificali
808 3823 973 3888 Romano.

243 3927 338 3993 idem
353 3927 535 3993 dicendum
548 3931 601 3991 est
614 3927 656 3992 de
666 3927 939 3994 reconciliatione
950 3929 1136 3994 cmmeterii
1151 3946 1190 3994 ac
1201 3928 1242 3992 de
1257 3943 1375 3991 recon-

203 4035 371 4101 ciliatione
390 4033 552 4110 ecclesiae,
575 4034 737 4099 nimirum
757 4037 992 4105 coemeterium
1009 4035 1155 4100 solemni
1173 4035 1240 4099 ritu
1255 4053 1373 4100 conse-

202 4147 334 4208 cratum
351 4142 470 4226 nequit
483 4141 692 4207 reconciliari
712 4142 778 4206 nisi
793 4143 835 4210 ab
851 4143 1022 4227 episcopo,
1037 4142 1092 4208 vel
1107 4143 1282 4208 sacerdote
1295 4159 1373 4228 oum

202 4251 338 4316 licentia
351 4249 447 4316 Sedis
464 4249 674 4333 Apostolicae.

241 4359 274 4423 4⁰
288 4358 434 4424 Ecclesia
446 4356 575 4442 polluta
586 4375 657 4424 non
673 4358 910 4425 reconciliatur
923 4359 997 4426 sola
1009 4361 1237 4426 celebratione
1246 4361 1371 4436 missa,

203 4473 242 4532 ut
254 4467 370 4550 plures
383 4465 504 4531 volunt
517 4483 560 4530 ex
574 4466 778 4549 quibusdam
791 4467 941 4533 textibus
955 4468 1044 4534 male
1066 4467 1256 4532 intellectis.
1276 4467 1372 4533 Ratio

204 4581 266 4650 est,
292 4574 370 4658 quia
394 4573 430 4638 in
452 4575 530 4656 jure
551 4575 779 4656 praescrihitur
791 4575 915 4640 modus
937 4574 1177 4641 reconciliandi
1196 4575 1373 4640 ecclesiam

202 4681 367 4768 pollutam
386 4703 393 4744 :
411 4699 512 4768 porro
532 4680 626 4746 nulla
645 4683 685 4746 llt
708 4685 838 4749 mentio
862 4683 1145 4750 reconciliationis
1170 4701 1232 4766 per
1258 4683 1371 4748 missae
