<?xml version="1.0" encoding="UTF-8"?>
<!DOCTYPE html PUBLIC "-//W3C//DTD XHTML 1.0 Transitional//EN"
    "http://www.w3.org/TR/xhtml1/DTD/xhtml1-transitional.dtd">
<html xmlns="http://www.w3.org/1999/xhtml" xml:lang="en" lang="en">
 <head>
  <title>
</title>
<meta http-equiv="Content-Type" content="text/html;charset=utf-8" />
  <meta name='ocr-system' content='tesseract 3.04.00' />
  <meta name='ocr-capabilities' content='ocr_page ocr_carea ocr_par ocr_line ocrx_word'/>
</head>
<body>
  <div class='ocr_page' id='page_1' title='image "./juscanonicumjux00grangoog_0125.png"; bbox 0 0 3504 5566; ppageno 0'>
   <div class='ocr_carea' id='block_1_1' title="bbox 530 593 1363 656">
    <p class='ocr_par' dir='ltr' id='par_1_1' title="bbox 530 593 1363 656">
     <span class='ocr_line' id='line_1_1' title="bbox 530 593 1363 656; baseline 0.006 -5"><span class='ocrx_word' id='word_1_1' title='bbox 530 605 615 652; x_wconf 79' lang='lat' dir='ltr'>traso</span> <span class='ocrx_word' id='word_1_2' title='bbox 638 605 788 654; x_wconf 80' lang='lat' dir='ltr'>saccnocs</span> <span class='ocrx_word' id='word_1_3' title='bbox 808 607 1026 655; x_wconf 75' lang='lat' dir='ltr'>nscearxcrun.</span> <span class='ocrx_word' id='word_1_4' title='bbox 1118 610 1122 617; x_wconf 93' lang='lat'>·</span> <span class='ocrx_word' id='word_1_5' title='bbox 1306 593 1363 656; x_wconf 86' lang='grc'>113</span> 
     </span>
    </p>
   </div>
   <div class='ocr_carea' id='block_1_2' title="bbox 193 723 1362 914">
    <p class='ocr_par' dir='ltr' id='par_1_2' title="bbox 193 723 1362 914">
     <span class='ocr_line' id='line_1_2' title="bbox 193 723 1362 808; baseline -0.001 -19"><span class='ocrx_word' id='word_1_6' title='bbox 193 729 348 806; x_wconf 90' lang='lat' dir='ltr'>possunt,</span> <span class='ocrx_word' id='word_1_7' title='bbox 371 725 459 788; x_wconf 91' lang='lat' dir='ltr'>sicut</span> <span class='ocrx_word' id='word_1_8' title='bbox 475 723 577 788; x_wconf 89' lang='lat' dir='ltr'>etiam</span> <span class='ocrx_word' id='word_1_9' title='bbox 595 743 699 808; x_wconf 90' lang='lat' dir='ltr'>super</span> <span class='ocrx_word' id='word_1_10' title='bbox 718 725 880 791; x_wconf 90' lang='lat' dir='ltr'>indirecte</span> <span class='ocrx_word' id='word_1_11' title='bbox 906 727 1083 792; x_wconf 87' lang='lat' dir='ltr'>contrariis</span> <span class='ocrx_word' id='word_1_12' title='bbox 1098 727 1137 808; x_wconf 89' lang='lat' dir='ltr'>(c.</span> <span class='ocrx_word' id='word_1_13' title='bbox 1154 727 1239 789; x_wconf 77' lang='grc'>3311.</span> <span class='ocrx_word' id='word_1_14' title='bbox 1255 728 1310 808; x_wconf 87' lang='lat' dir='ltr'>t.);</span> <span class='ocrx_word' id='word_1_15' title='bbox 1329 728 1362 789; x_wconf 92' lang='lat' dir='ltr'>in</span> 
     </span>
     <span class='ocr_line' id='line_1_3' title="bbox 193 831 1035 914; baseline 0.001 -20"><span class='ocrx_word' id='word_1_16' title='bbox 193 831 257 896; x_wconf 94' lang='lat' dir='ltr'>hoc</span> <span class='ocrx_word' id='word_1_17' title='bbox 272 831 403 895; x_wconf 90' lang='lat' dir='ltr'>nullum</span> <span class='ocrx_word' id='word_1_18' title='bbox 412 832 558 894; x_wconf 88' lang='lat' dir='ltr'>babetur</span> <span class='ocrx_word' id='word_1_19' title='bbox 570 831 758 914; x_wconf 90' lang='lat' dir='ltr'>periculum</span> <span class='ocrx_word' id='word_1_20' title='bbox 772 834 1035 898; x_wconf 81' lang='lat' dir='ltr'><strong>subornationis.</strong></span> 
     </span>
    </p>
   </div>
   <div class='ocr_carea' id='block_1_3' title="bbox 233 941 1365 1026">
    <p class='ocr_par' dir='ltr' id='par_1_3' title="bbox 233 941 1365 1026">
     <span class='ocr_line' id='line_1_4' title="bbox 233 941 1365 1026; baseline 0.004 -23"><span class='ocrx_word' id='word_1_21' title='bbox 233 941 260 1024; x_wconf 89' lang='lat' dir='ltr'>c)</span> <span class='ocrx_word' id='word_1_22' title='bbox 275 941 517 1005; x_wconf 82' lang='lat' dir='ltr'>Attestationes</span> <span class='ocrx_word' id='word_1_23' title='bbox 539 941 573 1003; x_wconf 95' lang='lat' dir='ltr'>in</span> <span class='ocrx_word' id='word_1_24' title='bbox 596 959 664 1006; x_wconf 90' lang='lat' dir='ltr'>uno</span> <span class='ocrx_word' id='word_1_25' title='bbox 680 941 807 1023; x_wconf 90' lang='lat' dir='ltr'>judicio</span> <span class='ocrx_word' id='word_1_26' title='bbox 825 961 940 1007; x_wconf 89' lang='lat' dir='ltr'>coram</span> <span class='ocrx_word' id='word_1_27' title='bbox 953 943 1066 1024; x_wconf 87' lang='lat' dir='ltr'>judice</span> <span class='ocrx_word' id='word_1_28' title='bbox 1086 949 1299 1026; x_wconf 79' lang='lat' dir='ltr'>competente</span> <span class='ocrx_word' id='word_1_29' title='bbox 1315 963 1365 1007; x_wconf 91' lang='lat' dir='ltr'>re·</span> 
     </span>
    </p>
   </div>
   <div class='ocr_carea' id='block_1_4' title="bbox 193 1049 1367 2537">
    <p class='ocr_par' dir='ltr' id='par_1_4' title="bbox 193 1049 1365 1348">
     <span class='ocr_line' id='line_1_5' title="bbox 193 1049 1365 1134; baseline 0.003 -20"><span class='ocrx_word' id='word_1_30' title='bbox 193 1055 299 1134; x_wconf 80' lang='lat' dir='ltr'>ceptae</span> <span class='ocrx_word' id='word_1_31' title='bbox 320 1049 425 1114; x_wconf 85' lang='lat' dir='ltr'>iidem</span> <span class='ocrx_word' id='word_1_32' title='bbox 445 1049 646 1130; x_wconf 80' lang='lat' dir='ltr'>regulariter</span> <span class='ocrx_word' id='word_1_33' title='bbox 663 1050 792 1115; x_wconf 88' lang='lat' dir='ltr'>faciunt</span> <span class='ocrx_word' id='word_1_34' title='bbox 815 1053 850 1115; x_wconf 92' lang='lat' dir='ltr'>in</span> <span class='ocrx_word' id='word_1_35' title='bbox 872 1052 938 1115; x_wconf 92' lang='lat' dir='ltr'>alio</span> <span class='ocrx_word' id='word_1_36' title='bbox 959 1052 1099 1134; x_wconf 75' lang='lat' dir='ltr'>J&#39;udicio,</span> <span class='ocrx_word' id='word_1_37' title='bbox 1124 1052 1213 1114; x_wconf 88' lang='lat' dir='ltr'>inter</span> <span class='ocrx_word' id='word_1_38' title='bbox 1227 1052 1365 1117; x_wconf 89' lang='lat' dir='ltr'>easdem</span> 
     </span>
     <span class='ocr_line' id='line_1_6' title="bbox 193 1159 1362 1244; baseline 0.003 -23"><span class='ocrx_word' id='word_1_39' title='bbox 193 1177 356 1240; x_wconf 80' lang='lat' dir='ltr'>personas</span> <span class='ocrx_word' id='word_1_40' title='bbox 381 1159 498 1242; x_wconf 89' lang='lat' dir='ltr'>eisque</span> <span class='ocrx_word' id='word_1_41' title='bbox 526 1159 746 1223; x_wconf 77' lang='lat' dir='ltr'>succedentes</span> <span class='ocrx_word' id='word_1_42' title='bbox 769 1165 803 1224; x_wconf 92' lang='lat' dir='ltr'>et</span> <span class='ocrx_word' id='word_1_43' title='bbox 821 1163 854 1224; x_wconf 94' lang='lat' dir='ltr'>in</span> <span class='ocrx_word' id='word_1_44' title='bbox 876 1161 995 1226; x_wconf 90' lang='lat' dir='ltr'>eadem</span> <span class='ocrx_word' id='word_1_45' title='bbox 1015 1179 1118 1226; x_wconf 90' lang='lat' dir='ltr'>causa</span> <span class='ocrx_word' id='word_1_46' title='bbox 1136 1162 1175 1239; x_wconf 84' lang='lat' dir='ltr'>(c.</span> <span class='ocrx_word' id='word_1_47' title='bbox 1194 1163 1229 1224; x_wconf 90' lang='grc'>11</span> <span class='ocrx_word' id='word_1_48' title='bbox 1254 1163 1286 1224; x_wconf 89' lang='lat' dir='ltr'>h.</span> <span class='ocrx_word' id='word_1_49' title='bbox 1317 1163 1362 1244; x_wconf 87' lang='grc'>1.).</span> 
     </span>
     <span class='ocr_line' id='line_1_7' title="bbox 193 1266 374 1348; baseline 0.006 -20"><span class='ocrx_word' id='word_1_50' title='bbox 193 1266 374 1348; x_wconf 73' lang='lat' dir='ltr'>speciatim</span> 
     </span>
    </p>

    <p class='ocr_par' dir='ltr' id='par_1_5' title="bbox 193 1375 1365 1870">
     <span class='ocr_line' id='line_1_8' title="bbox 234 1375 1364 1459; baseline 0 -22"><span class='ocrx_word' id='word_1_51' title='bbox 234 1376 266 1437; x_wconf 83' lang='lat' dir='ltr'>l⁰</span> <span class='ocrx_word' id='word_1_52' title='bbox 280 1376 523 1439; x_wconf 83' lang='lat' dir='ltr'>Attestationes</span> <span class='ocrx_word' id='word_1_53' title='bbox 539 1395 559 1439; x_wconf 92' lang='lat' dir='ltr'>a</span> <span class='ocrx_word' id='word_1_54' title='bbox 569 1375 682 1458; x_wconf 91' lang='lat' dir='ltr'>judice</span> <span class='ocrx_word' id='word_1_55' title='bbox 698 1375 874 1459; x_wconf 84' lang='lat' dir='ltr'>publicatae</span> <span class='ocrx_word' id='word_1_56' title='bbox 887 1376 991 1442; x_wconf 86' lang='lat' dir='ltr'>iidem</span> <span class='ocrx_word' id='word_1_57' title='bbox 1003 1375 1173 1459; x_wconf 90' lang='lat' dir='ltr'>publicam</span> <span class='ocrx_word' id='word_1_58' title='bbox 1187 1376 1316 1440; x_wconf 88' lang='lat' dir='ltr'>faciunt</span> <span class='ocrx_word' id='word_1_59' title='bbox 1330 1375 1364 1438; x_wconf 92' lang='lat' dir='ltr'>in</span> 
     </span>
     <span class='ocr_line' id='line_1_9' title="bbox 194 1483 1362 1568; baseline -0.001 -22"><span class='ocrx_word' id='word_1_60' title='bbox 194 1483 260 1547; x_wconf 93' lang='lat' dir='ltr'>alio</span> <span class='ocrx_word' id='word_1_61' title='bbox 272 1483 400 1565; x_wconf 90' lang='lat' dir='ltr'>judicio</span> <span class='ocrx_word' id='word_1_62' title='bbox 415 1483 570 1565; x_wconf 89' lang='lat' dir='ltr'>ejusdem</span> <span class='ocrx_word' id='word_1_63' title='bbox 588 1485 739 1560; x_wconf 91' lang='lat' dir='ltr'>rationis,</span> <span class='ocrx_word' id='word_1_64' title='bbox 757 1503 880 1568; x_wconf 89' lang='lat' dir='ltr'>nempe</span> <span class='ocrx_word' id='word_1_65' title='bbox 900 1484 988 1548; x_wconf 91' lang='lat' dir='ltr'>civili</span> <span class='ocrx_word' id='word_1_66' title='bbox 1006 1483 1061 1547; x_wconf 89' lang='lat' dir='ltr'>vel</span> <span class='ocrx_word' id='word_1_67' title='bbox 1074 1483 1237 1548; x_wconf 90' lang='lat' dir='ltr'>criminali</span> <span class='ocrx_word' id='word_1_68' title='bbox 1254 1487 1291 1564; x_wconf 81' lang='lat' dir='ltr'>(c.</span> <span class='ocrx_word' id='word_1_69' title='bbox 1305 1484 1362 1546; x_wconf 89' lang='lat' dir='ltr'>lin.</span> 
     </span>
     <span class='ocr_line' id='line_1_10' title="bbox 194 1589 1364 1675; baseline -0.002 -21"><span class='ocrx_word' id='word_1_70' title='bbox 194 1591 235 1654; x_wconf 84' lang='lat' dir='ltr'>de</span> <span class='ocrx_word' id='word_1_71' title='bbox 250 1591 415 1672; x_wconf 83' lang='lat' dir='ltr'>Prodat.);</span> <span class='ocrx_word' id='word_1_72' title='bbox 438 1609 519 1655; x_wconf 90' lang='lat' dir='ltr'>nam</span> <span class='ocrx_word' id='word_1_73' title='bbox 533 1592 659 1654; x_wconf 88' lang='lat' dir='ltr'>veritas</span> <span class='ocrx_word' id='word_1_74' title='bbox 682 1609 817 1674; x_wconf 89' lang='lat' dir='ltr'>semper</span> <span class='ocrx_word' id='word_1_75' title='bbox 832 1597 866 1655; x_wconf 90' lang='lat' dir='ltr'>et</span> <span class='ocrx_word' id='word_1_76' title='bbox 881 1592 1005 1675; x_wconf 87' lang='lat' dir='ltr'>ubique</span> <span class='ocrx_word' id='word_1_77' title='bbox 1019 1597 1071 1656; x_wconf 91' lang='lat' dir='ltr'>est</span> <span class='ocrx_word' id='word_1_78' title='bbox 1085 1591 1216 1656; x_wconf 90' lang='lat' dir='ltr'>eadem.</span> <span class='ocrx_word' id='word_1_79' title='bbox 1240 1589 1364 1654; x_wconf 86' lang='lat' dir='ltr'>Tamen</span> 
     </span>
     <span class='ocr_line' id='line_1_11' title="bbox 193 1697 1365 1782; baseline -0.002 -20"><span class='ocrx_word' id='word_1_80' title='bbox 193 1700 411 1780; x_wconf 84' lang='lat' dir='ltr'>probationes</span> <span class='ocrx_word' id='word_1_81' title='bbox 431 1698 466 1760; x_wconf 94' lang='lat' dir='ltr'>in</span> <span class='ocrx_word' id='word_1_82' title='bbox 478 1698 606 1780; x_wconf 87' lang='lat' dir='ltr'>judicio</span> <span class='ocrx_word' id='word_1_83' title='bbox 623 1699 809 1764; x_wconf 88' lang='lat' dir='ltr'>summario</span> <span class='ocrx_word' id='word_1_84' title='bbox 825 1718 894 1764; x_wconf 93' lang='lat' dir='ltr'>non</span> <span class='ocrx_word' id='word_1_85' title='bbox 909 1700 1054 1782; x_wconf 91' lang='lat' dir='ltr'>probant</span> <span class='ocrx_word' id='word_1_86' title='bbox 1069 1699 1104 1762; x_wconf 92' lang='lat' dir='ltr'>in</span> <span class='ocrx_word' id='word_1_87' title='bbox 1119 1699 1281 1782; x_wconf 87' lang='lat' dir='ltr'>plenario,</span> <span class='ocrx_word' id='word_1_88' title='bbox 1300 1697 1365 1760; x_wconf 90' lang='lat' dir='ltr'>nisi</span> 
     </span>
     <span class='ocr_line' id='line_1_12' title="bbox 194 1805 1034 1870; baseline -0.002 -1"><span class='ocrx_word' id='word_1_89' title='bbox 194 1805 409 1870; x_wconf 88' lang='lat' dir='ltr'>adversarius</span> <span class='ocrx_word' id='word_1_90' title='bbox 423 1807 614 1870; x_wconf 83' lang='lat' dir='ltr'>consentiat</span> <span class='ocrx_word' id='word_1_91' title='bbox 629 1806 682 1870; x_wconf 91' lang='lat' dir='ltr'>vel</span> <span class='ocrx_word' id='word_1_92' title='bbox 698 1811 802 1870; x_wconf 90' lang='lat' dir='ltr'>testes</span> <span class='ocrx_word' id='word_1_93' title='bbox 817 1807 941 1870; x_wconf 91' lang='lat' dir='ltr'>mortui</span> <span class='ocrx_word' id='word_1_94' title='bbox 957 1807 1034 1870; x_wconf 92' lang='lat' dir='ltr'>sint.</span> 
     </span>
    </p>

    <p class='ocr_par' dir='ltr' id='par_1_6' title="bbox 194 1913 1367 2537">
     <span class='ocr_line' id='line_1_13' title="bbox 233 1913 1367 1996; baseline -0.001 -20"><span class='ocrx_word' id='word_1_95' title='bbox 233 1913 265 1976; x_wconf 71' lang='grc'>1·</span> <span class='ocrx_word' id='word_1_96' title='bbox 281 1913 314 1975; x_wconf 89' lang='lat' dir='ltr'>Si</span> <span class='ocrx_word' id='word_1_97' title='bbox 325 1913 560 1978; x_wconf 88' lang='lat' dir='ltr'>attestationes</span> <span class='ocrx_word' id='word_1_98' title='bbox 570 1932 640 1978; x_wconf 91' lang='lat' dir='ltr'>non</span> <span class='ocrx_word' id='word_1_99' title='bbox 653 1919 733 1977; x_wconf 91' lang='lat' dir='ltr'>sunt</span> <span class='ocrx_word' id='word_1_100' title='bbox 745 1914 933 1996; x_wconf 70' lang='lat' dir='ltr'>publicata,</span> <span class='ocrx_word' id='word_1_101' title='bbox 945 1913 1146 1995; x_wconf 81' lang='lat' dir='ltr'>regulariter</span> <span class='ocrx_word' id='word_1_102' title='bbox 1158 1931 1227 1977; x_wconf 95' lang='lat' dir='ltr'>non</span> <span class='ocrx_word' id='word_1_103' title='bbox 1240 1915 1367 1978; x_wconf 88' lang='lat' dir='ltr'>faciunt</span> 
     </span>
     <span class='ocr_line' id='line_1_14' title="bbox 194 2021 1366 2106; baseline 0.003 -22"><span class='ocrx_word' id='word_1_104' title='bbox 194 2021 297 2085; x_wconf 86' lang='lat' dir='ltr'>tidem</span> <span class='ocrx_word' id='word_1_105' title='bbox 312 2025 350 2102; x_wconf 87' lang='lat' dir='ltr'>(c.</span> <span class='ocrx_word' id='word_1_106' title='bbox 364 2023 448 2086; x_wconf 82' lang='lat'>3711.</span> <span class='ocrx_word' id='word_1_107' title='bbox 461 2025 507 2105; x_wconf 72' lang='lat' dir='ltr'>t).</span> <span class='ocrx_word' id='word_1_108' title='bbox 523 2023 619 2088; x_wconf 87' lang='lat' dir='ltr'>Ratio</span> <span class='ocrx_word' id='word_1_109' title='bbox 631 2028 692 2098; x_wconf 92' lang='lat' dir='ltr'>est,</span> <span class='ocrx_word' id='word_1_110' title='bbox 708 2023 786 2106; x_wconf 87' lang='lat' dir='ltr'>quia</span> <span class='ocrx_word' id='word_1_111' title='bbox 793 2023 900 2106; x_wconf 89' lang='lat' dir='ltr'>judex</span> <span class='ocrx_word' id='word_1_112' title='bbox 910 2021 1048 2088; x_wconf 86' lang='lat' dir='ltr'>alterius</span> <span class='ocrx_word' id='word_1_113' title='bbox 1056 2023 1174 2105; x_wconf 87' lang='lat' dir='ltr'>judicii</span> <span class='ocrx_word' id='word_1_114' title='bbox 1184 2042 1253 2088; x_wconf 94' lang='lat' dir='ltr'>non</span> <span class='ocrx_word' id='word_1_115' title='bbox 1263 2023 1366 2088; x_wconf 88' lang='lat' dir='ltr'>habet</span> 
     </span>
     <span class='ocr_line' id='line_1_15' title="bbox 194 2129 1364 2213; baseline -0.003 -21"><span class='ocrx_word' id='word_1_116' title='bbox 194 2129 363 2211; x_wconf 87' lang='lat' dir='ltr'>publicam</span> <span class='ocrx_word' id='word_1_117' title='bbox 374 2131 529 2195; x_wconf 90' lang='lat' dir='ltr'>notitiam</span> <span class='ocrx_word' id='word_1_118' title='bbox 539 2131 673 2196; x_wconf 88' lang='lat' dir='ltr'>illarum</span> <span class='ocrx_word' id='word_1_119' title='bbox 684 2131 951 2195; x_wconf 90' lang='lat' dir='ltr'>attestationum.</span> <span class='ocrx_word' id='word_1_120' title='bbox 963 2131 1089 2194; x_wconf 86' lang='lat' dir='ltr'>Dicitur</span> <span class='ocrx_word' id='word_1_121' title='bbox 1103 2131 1364 2213; x_wconf 79' lang='lat' dir='ltr'>«regulariter»,</span> 
     </span>
     <span class='ocr_line' id='line_1_16' title="bbox 196 2240 1365 2322; baseline 0.001 -20"><span class='ocrx_word' id='word_1_122' title='bbox 196 2241 274 2319; x_wconf 85' lang='lat' dir='ltr'>quia</span> <span class='ocrx_word' id='word_1_123' title='bbox 293 2240 321 2302; x_wconf 92' lang='lat' dir='ltr'>si</span> <span class='ocrx_word' id='word_1_124' title='bbox 336 2245 449 2322; x_wconf 89' lang='lat' dir='ltr'>partes</span> <span class='ocrx_word' id='word_1_125' title='bbox 461 2242 686 2316; x_wconf 90' lang='lat' dir='ltr'>consentiant,</span> <span class='ocrx_word' id='word_1_126' title='bbox 703 2241 758 2304; x_wconf 88' lang='lat' dir='ltr'>vel</span> <span class='ocrx_word' id='word_1_127' title='bbox 772 2245 876 2304; x_wconf 89' lang='lat' dir='ltr'>testes</span> <span class='ocrx_word' id='word_1_128' title='bbox 893 2241 1112 2316; x_wconf 78' lang='lat' dir='ltr'>cimmerici,</span> <span class='ocrx_word' id='word_1_129' title='bbox 1128 2240 1365 2305; x_wconf 74' lang='lat' dir='ltr'>valetudinarii</span> 
     </span>
     <span class='ocr_line' id='line_1_17' title="bbox 195 2347 1366 2431; baseline 0.001 -23"><span class='ocrx_word' id='word_1_130' title='bbox 195 2350 254 2409; x_wconf 90' lang='lat' dir='ltr'>aut</span> <span class='ocrx_word' id='word_1_131' title='bbox 266 2348 369 2410; x_wconf 88' lang='lat' dir='ltr'>nimis</span> <span class='ocrx_word' id='word_1_132' title='bbox 384 2347 557 2424; x_wconf 80' lang='lat' dir='ltr'>distantes,</span> <span class='ocrx_word' id='word_1_133' title='bbox 584 2349 831 2424; x_wconf 86' lang='lat' dir='ltr'>attestationes,</span> <span class='ocrx_word' id='word_1_134' title='bbox 858 2349 960 2414; x_wconf 88' lang='lat' dir='ltr'>etiam</span> <span class='ocrx_word' id='word_1_135' title='bbox 974 2367 1044 2413; x_wconf 91' lang='lat' dir='ltr'>non</span> <span class='ocrx_word' id='word_1_136' title='bbox 1057 2347 1245 2431; x_wconf 79' lang='lat' dir='ltr'>publicatae,</span> <span class='ocrx_word' id='word_1_137' title='bbox 1264 2347 1366 2410; x_wconf 85' lang='lat' dir='ltr'>iidem</span> 
     </span>
     <span class='ocr_line' id='line_1_18' title="bbox 196 2453 669 2537; baseline 0.004 -22"><span class='ocrx_word' id='word_1_138' title='bbox 196 2453 322 2518; x_wconf 85' lang='lat' dir='ltr'>faciunt</span> <span class='ocrx_word' id='word_1_139' title='bbox 336 2473 450 2520; x_wconf 90' lang='lat' dir='ltr'>coram</span> <span class='ocrx_word' id='word_1_140' title='bbox 466 2455 531 2520; x_wconf 90' lang='lat' dir='ltr'>alio</span> <span class='ocrx_word' id='word_1_141' title='bbox 544 2457 669 2537; x_wconf 88' lang='lat' dir='ltr'>judice.</span> 
     </span>
    </p>
   </div>
   <div class='ocr_carea' id='block_1_5' title="bbox 234 2703 1327 2777">
    <p class='ocr_par' dir='ltr' id='par_1_7' title="bbox 234 2703 1327 2777">
     <span class='ocr_line' id='line_1_19' title="bbox 234 2703 1327 2777; baseline 0 -15"><span class='ocrx_word' id='word_1_142' title='bbox 234 2704 250 2777; x_wconf 65' lang='grc' dir='ltr'><strong>ς</strong></span> <span class='ocrx_word' id='word_1_143' title='bbox 270 2708 315 2762; x_wconf 80' lang='lat' dir='ltr'>lv.</span> <span class='ocrx_word' id='word_1_144' title='bbox 336 2705 377 2762; x_wconf 79' lang='lat' dir='ltr'>lle</span> <span class='ocrx_word' id='word_1_145' title='bbox 390 2705 610 2776; x_wconf 73' lang='lat' dir='ltr'>exceptionibus</span> <span class='ocrx_word' id='word_1_146' title='bbox 626 2710 731 2762; x_wconf 83' lang='lat' dir='ltr'>contra</span> <span class='ocrx_word' id='word_1_147' title='bbox 744 2719 898 2776; x_wconf 77' lang='lat' dir='ltr'>pervorans,</span> <span class='ocrx_word' id='word_1_148' title='bbox 920 2719 1044 2762; x_wconf 79' lang='lat' dir='ltr'>eramen</span> <span class='ocrx_word' id='word_1_149' title='bbox 1059 2709 1088 2762; x_wconf 85' lang='lat' dir='ltr'>ct</span> <span class='ocrx_word' id='word_1_150' title='bbox 1102 2703 1182 2762; x_wconf 84' lang='lat' dir='ltr'>dicto</span> <span class='ocrx_word' id='word_1_151' title='bbox 1197 2706 1327 2764; x_wconf 82' lang='lat' dir='ltr'>testium.</span> 
     </span>
    </p>
   </div>
   <div class='ocr_carea' id='block_1_6' title="bbox 194 2897 1371 4900">
    <p class='ocr_par' dir='ltr' id='par_1_8' title="bbox 194 2897 1369 3520">
     <span class='ocr_line' id='line_1_20' title="bbox 237 2897 1368 2981; baseline 0.001 -21"><span class='ocrx_word' id='word_1_152' title='bbox 237 2903 269 2976; x_wconf 87' lang='grc' dir='ltr'>α)</span> <span class='ocrx_word' id='word_1_153' title='bbox 282 2899 329 2960; x_wconf 87' lang='lat' dir='ltr'>De</span> <span class='ocrx_word' id='word_1_154' title='bbox 347 2899 602 2981; x_wconf 86' lang='lat' dir='ltr'>exceptionibus</span> <span class='ocrx_word' id='word_1_155' title='bbox 621 2903 739 2963; x_wconf 86' lang='lat' dir='ltr'>contra</span> <span class='ocrx_word' id='word_1_156' title='bbox 753 2917 896 2962; x_wconf 75' lang='lat' dir='ltr'>examen</span> <span class='ocrx_word' id='word_1_157' title='bbox 919 2903 978 2962; x_wconf 89' lang='lat' dir='ltr'>aut</span> <span class='ocrx_word' id='word_1_158' title='bbox 992 2897 1082 2961; x_wconf 82' lang='lat' dir='ltr'>dicta</span> <span class='ocrx_word' id='word_1_159' title='bbox 1103 2899 1253 2974; x_wconf 85' lang='lat' dir='ltr'>testium,</span> <span class='ocrx_word' id='word_1_160' title='bbox 1275 2897 1368 2961; x_wconf 90' lang='lat' dir='ltr'>nulla</span> 
     </span>
     <span class='ocr_line' id='line_1_21' title="bbox 197 3004 1367 3088; baseline -0.002 -20"><span class='ocrx_word' id='word_1_161' title='bbox 197 3010 248 3068; x_wconf 87' lang='lat' dir='ltr'>est</span> <span class='ocrx_word' id='word_1_162' title='bbox 267 3005 463 3080; x_wconf 75' lang='lat' dir='ltr'>difficultas;</span> <span class='ocrx_word' id='word_1_163' title='bbox 480 3024 561 3069; x_wconf 91' lang='lat' dir='ltr'>nam</span> <span class='ocrx_word' id='word_1_164' title='bbox 576 3005 664 3070; x_wconf 89' lang='lat' dir='ltr'>dicta</span> <span class='ocrx_word' id='word_1_165' title='bbox 683 3024 752 3069; x_wconf 89' lang='lat' dir='ltr'>non</span> <span class='ocrx_word' id='word_1_166' title='bbox 768 3005 995 3080; x_wconf 90' lang='lat' dir='ltr'>innotescunt,</span> <span class='ocrx_word' id='word_1_167' title='bbox 1013 3005 1077 3068; x_wconf 91' lang='lat' dir='ltr'>nisi</span> <span class='ocrx_word' id='word_1_168' title='bbox 1091 3011 1169 3087; x_wconf 90' lang='lat' dir='ltr'>post</span> <span class='ocrx_word' id='word_1_169' title='bbox 1182 3004 1367 3088; x_wconf 87' lang='lat' dir='ltr'>publicatas</span> 
     </span>
     <span class='ocr_line' id='line_1_22' title="bbox 196 3113 1367 3196; baseline -0.003 -18"><span class='ocrx_word' id='word_1_170' title='bbox 196 3115 441 3188; x_wconf 83' lang='lat' dir='ltr'>attestationes,</span> <span class='ocrx_word' id='word_1_171' title='bbox 467 3119 501 3176; x_wconf 92' lang='lat' dir='ltr'>et</span> <span class='ocrx_word' id='word_1_172' title='bbox 525 3113 601 3177; x_wconf 91' lang='lat' dir='ltr'>ideo</span> <span class='ocrx_word' id='word_1_173' title='bbox 615 3120 693 3196; x_wconf 89' lang='lat' dir='ltr'>post</span> <span class='ocrx_word' id='word_1_174' title='bbox 709 3113 802 3178; x_wconf 93' lang='lat' dir='ltr'>illam</span> <span class='ocrx_word' id='word_1_175' title='bbox 816 3113 1079 3196; x_wconf 90' lang='lat' dir='ltr'>publicationem</span> <span class='ocrx_word' id='word_1_176' title='bbox 1104 3119 1236 3176; x_wconf 89' lang='lat' dir='ltr'>tantum</span> <span class='ocrx_word' id='word_1_177' title='bbox 1259 3113 1367 3194; x_wconf 87' lang='lat' dir='ltr'>excipi</span> 
     </span>
     <span class='ocr_line' id='line_1_23' title="bbox 195 3221 1369 3304; baseline -0.003 -19"><span class='ocrx_word' id='word_1_178' title='bbox 195 3227 328 3304; x_wconf 88' lang='lat' dir='ltr'>potest;</span> <span class='ocrx_word' id='word_1_179' title='bbox 352 3241 394 3284; x_wconf 90' lang='lat' dir='ltr'>ex</span> <span class='ocrx_word' id='word_1_180' title='bbox 414 3221 520 3286; x_wconf 87' lang='lat' dir='ltr'>altera</span> <span class='ocrx_word' id='word_1_181' title='bbox 541 3227 648 3304; x_wconf 88' lang='lat' dir='ltr'>parte,</span> <span class='ocrx_word' id='word_1_182' title='bbox 670 3223 711 3286; x_wconf 91' lang='lat' dir='ltr'>de</span> <span class='ocrx_word' id='word_1_183' title='bbox 734 3223 989 3304; x_wconf 82' lang='lat' dir='ltr'>exceptionibus</span> <span class='ocrx_word' id='word_1_184' title='bbox 1012 3227 1129 3284; x_wconf 89' lang='lat' dir='ltr'>contra</span> <span class='ocrx_word' id='word_1_185' title='bbox 1151 3239 1294 3285; x_wconf 88' lang='lat' dir='ltr'>examen</span> <span class='ocrx_word' id='word_1_186' title='bbox 1317 3225 1369 3284; x_wconf 90' lang='lat' dir='ltr'>sat</span> 
     </span>
     <span class='ocr_line' id='line_1_24' title="bbox 194 3328 1367 3412; baseline -0.003 -19"><span class='ocrx_word' id='word_1_187' title='bbox 194 3335 329 3394; x_wconf 88' lang='lat' dir='ltr'>constat</span> <span class='ocrx_word' id='word_1_188' title='bbox 340 3349 382 3393; x_wconf 89' lang='lat' dir='ltr'>ex</span> <span class='ocrx_word' id='word_1_189' title='bbox 395 3335 517 3394; x_wconf 88' lang='lat' dir='ltr'>natura</span> <span class='ocrx_word' id='word_1_190' title='bbox 529 3329 737 3393; x_wconf 86' lang='lat' dir='ltr'>earumdem.</span> <span class='ocrx_word' id='word_1_191' title='bbox 750 3331 871 3409; x_wconf 77' lang='lat' dir='ltr'>Agitur</span> <span class='ocrx_word' id='word_1_192' title='bbox 883 3329 1058 3412; x_wconf 88' lang='lat' dir='ltr'>spaciatim</span> <span class='ocrx_word' id='word_1_193' title='bbox 1071 3329 1112 3392; x_wconf 91' lang='lat' dir='ltr'>de</span> <span class='ocrx_word' id='word_1_194' title='bbox 1125 3328 1226 3411; x_wconf 90' lang='lat' dir='ltr'>priori</span> <span class='ocrx_word' id='word_1_195' title='bbox 1242 3346 1367 3408; x_wconf 88' lang='lat' dir='ltr'>genere</span> 
     </span>
     <span class='ocr_line' id='line_1_25' title="bbox 195 3439 447 3520; baseline -0.004 -19"><span class='ocrx_word' id='word_1_196' title='bbox 195 3439 447 3520; x_wconf 86' lang='lat' dir='ltr'>exceptionum.</span> 
     </span>
    </p>

    <p class='ocr_par' dir='ltr' id='par_1_9' title="bbox 195 3543 1370 3956">
     <span class='ocr_line' id='line_1_26' title="bbox 234 3543 1369 3630; baseline 0 -24"><span class='ocrx_word' id='word_1_197' title='bbox 234 3543 457 3627; x_wconf 87' lang='lat' dir='ltr'>Exceptiones</span> <span class='ocrx_word' id='word_1_198' title='bbox 471 3550 589 3610; x_wconf 90' lang='lat' dir='ltr'>contra</span> <span class='ocrx_word' id='word_1_199' title='bbox 596 3565 762 3630; x_wconf 82' lang='lat' dir='ltr'>personas</span> <span class='ocrx_word' id='word_1_200' title='bbox 777 3546 916 3611; x_wconf 90' lang='lat' dir='ltr'>testium</span> <span class='ocrx_word' id='word_1_201' title='bbox 935 3547 967 3608; x_wconf 80' lang='lat'>1⁰</span> <span class='ocrx_word' id='word_1_202' title='bbox 983 3543 1183 3626; x_wconf 87' lang='lat' dir='ltr'>regulariter</span> <span class='ocrx_word' id='word_1_203' title='bbox 1197 3548 1277 3606; x_wconf 89' lang='lat' dir='ltr'>sunt</span> <span class='ocrx_word' id='word_1_204' title='bbox 1294 3561 1369 3625; x_wconf 92' lang='lat' dir='ltr'>pro-</span> 
     </span>
     <span class='ocr_line' id='line_1_27' title="bbox 195 3649 1369 3736; baseline -0.004 -20"><span class='ocrx_word' id='word_1_205' title='bbox 195 3653 363 3735; x_wconf 85' lang='lat' dir='ltr'>ponendae</span> <span class='ocrx_word' id='word_1_206' title='bbox 376 3659 455 3717; x_wconf 88' lang='lat' dir='ltr'>ante</span> <span class='ocrx_word' id='word_1_207' title='bbox 473 3653 738 3736; x_wconf 90' lang='lat' dir='ltr'>publicationem</span> <span class='ocrx_word' id='word_1_208' title='bbox 753 3654 1010 3718; x_wconf 90' lang='lat' dir='ltr'>attestationum</span> <span class='ocrx_word' id='word_1_209' title='bbox 1033 3653 1071 3733; x_wconf 91' lang='lat' dir='ltr'>(c.</span> <span class='ocrx_word' id='word_1_210' title='bbox 1092 3652 1127 3714; x_wconf 83' lang='lat'>31</span> <span class='ocrx_word' id='word_1_211' title='bbox 1149 3651 1182 3714; x_wconf 94' lang='lat' dir='ltr'>h.</span> <span class='ocrx_word' id='word_1_212' title='bbox 1208 3653 1254 3732; x_wconf 89' lang='grc'>1.).</span> <span class='ocrx_word' id='word_1_213' title='bbox 1273 3649 1369 3712; x_wconf 88' lang='lat' dir='ltr'>Ratio</span> 
     </span>
     <span class='ocr_line' id='line_1_28' title="bbox 196 3761 1370 3848; baseline -0.003 -24"><span class='ocrx_word' id='word_1_214' title='bbox 196 3765 259 3838; x_wconf 85' lang='lat' dir='ltr'>est,</span> <span class='ocrx_word' id='word_1_215' title='bbox 272 3761 351 3846; x_wconf 89' lang='lat' dir='ltr'>quia</span> <span class='ocrx_word' id='word_1_216' title='bbox 360 3763 543 3843; x_wconf 87' lang='lat' dir='ltr'>litigantes,</span> <span class='ocrx_word' id='word_1_217' title='bbox 554 3765 589 3828; x_wconf 93' lang='lat' dir='ltr'>in</span> <span class='ocrx_word' id='word_1_218' title='bbox 600 3764 863 3848; x_wconf 87' lang='lat' dir='ltr'>publicationem</span> <span class='ocrx_word' id='word_1_219' title='bbox 875 3761 1280 3833; x_wconf 88' lang='lat' dir='ltr'>illarumconsentientes,</span> <span class='ocrx_word' id='word_1_220' title='bbox 1293 3777 1370 3821; x_wconf 90' lang='lat' dir='ltr'>cen-</span> 
     </span>
     <span class='ocr_line' id='line_1_29' title="bbox 196 3873 874 3956; baseline 0.001 -24"><span class='ocrx_word' id='word_1_221' title='bbox 196 3875 316 3934; x_wconf 90' lang='lat' dir='ltr'>sentur</span> <span class='ocrx_word' id='word_1_222' title='bbox 328 3873 533 3953; x_wconf 86' lang='lat' dir='ltr'>approbasse</span> <span class='ocrx_word' id='word_1_223' title='bbox 547 3891 712 3956; x_wconf 88' lang='lat' dir='ltr'>personas</span> <span class='ocrx_word' id='word_1_224' title='bbox 724 3873 874 3936; x_wconf 91' lang='lat' dir='ltr'>testium.</span> 
     </span>
    </p>

    <p class='ocr_par' dir='ltr' id='par_1_10' title="bbox 196 3973 1371 4380">
     <span class='ocr_line' id='line_1_30' title="bbox 237 3973 1371 4061; baseline -0.004 -22"><span class='ocrx_word' id='word_1_225' title='bbox 237 3977 391 4041; x_wconf 85' lang='lat' dir='ltr'>Diximus</span> <span class='ocrx_word' id='word_1_226' title='bbox 407 3979 673 4061; x_wconf 78' lang='lat' dir='ltr'>«regulariter»,</span> <span class='ocrx_word' id='word_1_227' title='bbox 694 3999 774 4044; x_wconf 91' lang='lat' dir='ltr'>nam</span> <span class='ocrx_word' id='word_1_228' title='bbox 793 3979 945 4042; x_wconf 88' lang='lat' dir='ltr'>incitato</span> <span class='ocrx_word' id='word_1_229' title='bbox 960 3979 1068 4061; x_wconf 91' lang='lat' dir='ltr'>capite</span> <span class='ocrx_word' id='word_1_230' title='bbox 1085 3982 1154 4041; x_wconf 89' lang='lat' dir='ltr'>tres</span> <span class='ocrx_word' id='word_1_231' title='bbox 1169 3993 1268 4040; x_wconf 90' lang='lat' dir='ltr'>casus</span> <span class='ocrx_word' id='word_1_232' title='bbox 1283 3973 1371 4036; x_wconf 89' lang='lat' dir='ltr'>exci-</span> 
     </span>
     <span class='ocr_line' id='line_1_31' title="bbox 197 4080 1370 4170; baseline -0.004 -24"><span class='ocrx_word' id='word_1_233' title='bbox 197 4085 336 4166; x_wconf 90' lang='lat' dir='ltr'>piuntur</span> <span class='ocrx_word' id='word_1_234' title='bbox 352 4107 359 4148; x_wconf 86' lang='lat'>:</span> <span class='ocrx_word' id='word_1_235' title='bbox 376 4087 404 4149; x_wconf 91' lang='lat' dir='ltr'>si</span> <span class='ocrx_word' id='word_1_236' title='bbox 420 4089 495 4170; x_wconf 89' lang='lat' dir='ltr'>quis</span> <span class='ocrx_word' id='word_1_237' title='bbox 506 4090 702 4170; x_wconf 76' lang='lat' dir='ltr'>J&#39;uramento</span> <span class='ocrx_word' id='word_1_238' title='bbox 713 4088 861 4152; x_wconf 71' lang='lat' dir='ltr'>astlrmm</span> <span class='ocrx_word' id='word_1_239' title='bbox 875 4085 966 4169; x_wconf 90' lang='lat' dir='ltr'>quod</span> <span class='ocrx_word' id='word_1_240' title='bbox 978 4085 1068 4148; x_wconf 91' lang='lat' dir='ltr'>bona</span> <span class='ocrx_word' id='word_1_241' title='bbox 1082 4085 1148 4147; x_wconf 88' lang='lat' dir='ltr'>lide</span> <span class='ocrx_word' id='word_1_242' title='bbox 1164 4082 1324 4163; x_wconf 85' lang='lat' dir='ltr'>excipiat:</span> <span class='ocrx_word' id='word_1_243' title='bbox 1342 4080 1370 4142; x_wconf 92' lang='lat' dir='ltr'>si</span> 
     </span>
     <span class='ocr_line' id='line_1_32' title="bbox 197 4189 1371 4277; baseline -0.005 -23"><span class='ocrx_word' id='word_1_244' title='bbox 197 4191 261 4255; x_wconf 92' lang='lat' dir='ltr'>sibi</span> <span class='ocrx_word' id='word_1_245' title='bbox 276 4195 503 4258; x_wconf 87' lang='lat' dir='ltr'>reservaverit</span> <span class='ocrx_word' id='word_1_246' title='bbox 513 4197 570 4276; x_wconf 86' lang='lat' dir='ltr'>jus</span> <span class='ocrx_word' id='word_1_247' title='bbox 586 4195 790 4277; x_wconf 90' lang='lat' dir='ltr'>excipiendi;</span> <span class='ocrx_word' id='word_1_248' title='bbox 808 4195 836 4256; x_wconf 92' lang='lat' dir='ltr'>si</span> <span class='ocrx_word' id='word_1_249' title='bbox 850 4210 953 4258; x_wconf 86' lang='lat' dir='ltr'>causa</span> <span class='ocrx_word' id='word_1_250' title='bbox 967 4189 1154 4272; x_wconf 89' lang='lat' dir='ltr'>excipiendi</span> <span class='ocrx_word' id='word_1_251' title='bbox 1171 4189 1279 4271; x_wconf 90' lang='lat' dir='ltr'>primo</span> <span class='ocrx_word' id='word_1_252' title='bbox 1295 4193 1371 4269; x_wconf 88' lang='lat' dir='ltr'>post</span> 
     </span>
     <span class='ocr_line' id='line_1_33' title="bbox 196 4298 674 4380; baseline 0.01 -19"><span class='ocrx_word' id='word_1_253' title='bbox 196 4298 462 4380; x_wconf 88' lang='lat' dir='ltr'>publicationem</span> <span class='ocrx_word' id='word_1_254' title='bbox 478 4302 674 4367; x_wconf 88' lang='lat' dir='ltr'>innotuerit.</span> 
     </span>
    </p>

    <p class='ocr_par' dir='ltr' id='par_1_11' title="bbox 197 4405 1371 4809">
     <span class='ocr_line' id='line_1_34' title="bbox 237 4405 1369 4492; baseline -0.003 -23"><span class='ocrx_word' id='word_1_255' title='bbox 237 4406 268 4469; x_wconf 54' lang='grc' dir='ltr'>θ’</span> <span class='ocrx_word' id='word_1_256' title='bbox 284 4407 361 4471; x_wconf 86' lang='lat' dir='ltr'>llaec</span> <span class='ocrx_word' id='word_1_257' title='bbox 371 4409 525 4492; x_wconf 87' lang='lat' dir='ltr'>exceptio</span> <span class='ocrx_word' id='word_1_258' title='bbox 535 4429 605 4474; x_wconf 92' lang='lat' dir='ltr'>non</span> <span class='ocrx_word' id='word_1_259' title='bbox 619 4409 732 4474; x_wconf 81' lang='lat' dir='ltr'>diflert</span> <span class='ocrx_word' id='word_1_260' title='bbox 741 4425 939 4492; x_wconf 88' lang='lat' dir='ltr'>processum</span> <span class='ocrx_word' id='word_1_261' title='bbox 955 4425 1016 4471; x_wconf 90' lang='lat' dir='ltr'>nec</span> <span class='ocrx_word' id='word_1_262' title='bbox 1031 4405 1179 4470; x_wconf 81' lang='lat' dir='ltr'>excludit</span> <span class='ocrx_word' id='word_1_263' title='bbox 1190 4406 1369 4480; x_wconf 87' lang='lat' dir='ltr'>actionem,</span> 
     </span>
     <span class='ocr_line' id='line_1_35' title="bbox 197 4512 1371 4600; baseline -0.005 -22"><span class='ocrx_word' id='word_1_264' title='bbox 197 4532 237 4578; x_wconf 89' lang='lat' dir='ltr'>ac</span> <span class='ocrx_word' id='word_1_265' title='bbox 250 4515 393 4597; x_wconf 86' lang='lat' dir='ltr'>proinde</span> <span class='ocrx_word' id='word_1_266' title='bbox 419 4521 562 4580; x_wconf 89' lang='lat' dir='ltr'>nonest</span> <span class='ocrx_word' id='word_1_267' title='bbox 586 4517 745 4581; x_wconf 82' lang='lat' dir='ltr'>dilatoria</span> <span class='ocrx_word' id='word_1_268' title='bbox 769 4535 832 4580; x_wconf 93' lang='lat' dir='ltr'>neo</span> <span class='ocrx_word' id='word_1_269' title='bbox 847 4515 1086 4600; x_wconf 80' lang='lat' dir='ltr'>peremptorio.</span> <span class='ocrx_word' id='word_1_270' title='bbox 1113 4513 1238 4576; x_wconf 83' lang='lat' dir='ltr'>Tamen</span> <span class='ocrx_word' id='word_1_271' title='bbox 1259 4512 1371 4576; x_wconf 88' lang='lat' dir='ltr'>vocari</span> 
     </span>
     <span class='ocr_line' id='line_1_36' title="bbox 198 4621 1369 4708; baseline -0.003 -23"><span class='ocrx_word' id='word_1_272' title='bbox 198 4621 285 4686; x_wconf 87' lang='lat' dir='ltr'>solet</span> <span class='ocrx_word' id='word_1_273' title='bbox 306 4623 407 4705; x_wconf 83' lang='lat' dir='ltr'>quast</span> <span class='ocrx_word' id='word_1_274' title='bbox 419 4625 661 4708; x_wconf 80' lang='lat' dir='ltr'>peremptorio,</span> <span class='ocrx_word' id='word_1_275' title='bbox 686 4623 775 4708; x_wconf 90' lang='lat' dir='ltr'>quia,</span> <span class='ocrx_word' id='word_1_276' title='bbox 802 4623 935 4689; x_wconf 89' lang='lat' dir='ltr'>sublata</span> <span class='ocrx_word' id='word_1_277' title='bbox 956 4621 1153 4705; x_wconf 91' lang='lat' dir='ltr'>probatione</span> <span class='ocrx_word' id='word_1_278' title='bbox 1178 4639 1240 4703; x_wconf 88' lang='lat' dir='ltr'>per</span> <span class='ocrx_word' id='word_1_279' title='bbox 1254 4624 1369 4694; x_wconf 88' lang='lat' dir='ltr'>testes,</span> 
     </span>
     <span class='ocr_line' id='line_1_37' title="bbox 198 4717 738 4809; baseline 0.009 -18"><span class='ocrx_word' id='word_1_280' title='bbox 198 4729 294 4809; x_wconf 87' lang='lat' dir='ltr'>quasi</span> <span class='ocrx_word' id='word_1_281' title='bbox 308 4729 470 4795; x_wconf 88' lang='lat' dir='ltr'>indirecte</span> <span class='ocrx_word' id='word_1_282' title='bbox 486 4729 615 4795; x_wconf 91' lang='lat' dir='ltr'>tollitur</span> <span class='ocrx_word' id='word_1_283' title='bbox 628 4717 738 4796; x_wconf 86' lang='lat' dir='ltr'>actio.¹</span> 
     </span>
    </p>

    <p class='ocr_par' dir='ltr' id='par_1_12' title="bbox 340 4839 1231 4900">
     <span class='ocr_line' id='line_1_38' title="bbox 340 4839 1231 4900; baseline 0.001 -1"><span class='ocrx_word' id='word_1_284' title='bbox 340 4857 372 4900; x_wconf 89' lang='lat' dir='ltr'>u.</span> <span class='ocrx_word' id='word_1_285' title='bbox 1212 4839 1231 4900; x_wconf 90' lang='lat'><em>8</em></span> 
     </span>
    </p>
   </div>
   <div class='ocr_carea' id='block_1_7' title="bbox 0 0 1762 5566">
    <p class='ocr_par' dir='ltr' id='par_1_13' title="bbox 0 0 1762 5566">
     <span class='ocr_line' id='line_1_39' title="bbox 0 0 1762 5566; baseline 0 0"><span class='ocrx_word' id='word_1_286' title='bbox 0 0 1762 5566; x_wconf 95' lang='lat' dir='ltr'> </span> 
     </span>
    </p>
   </div>
  </div>
 </body>
</html>
