3488 5564
397 561 417 624 ι
853 576 904 622 rus
924 577 1102 626 caucurauu.

397 693 540 760 Romani
553 691 891 777 quihusrespondent
903 694 987 758 varii
1000 693 1088 758 tituli
1097 695 1201 778 hujus
1212 694 1300 775 libri,
1313 697 1494 782 diligenter
1507 717 1565 766 no·

397 803 554 881 tabimus,
569 804 710 869 strictim
733 802 888 869 indicatis
913 805 1017 870 etiam
1037 804 1186 870 articulis
1198 806 1285 888 juris
1299 806 1413 874 Gallici
1428 807 1471 876 sd
1492 827 1566 874 rem

396 912 607 978 facientibus.

395 1047 397 1052 v
435 1022 465 1085 ι.
482 1021 541 1086 llio
554 1021 649 1099 iiber,
670 1021 727 1107 qui
743 1027 795 1088 est
808 1023 963 1090 omnium
977 1024 1122 1091 aliorum
1135 1025 1299 1092 librorum
1311 1027 1398 1110 juris
1412 1027 1566 1094 canonici

397 1129 624 1210 difficillimus,
641 1131 794 1196 distribui
810 1133 897 1198 solet
912 1134 947 1198 in
962 1135 1027 1200 tria
1037 1137 1202 1216 membra,
1216 1136 1564 1222 scilicetprincipium,

396 1240 548 1304 medium
561 1246 595 1306 et
607 1241 713 1305 ssnem
727 1259 907 1324 processus
919 1242 1099 1324 judiciarii.
1116 1244 1356 1310 Verumtamen
1370 1246 1407 1309 in
1421 1251 1567 1329 quatuor

396 1354 508 1432 partes
523 1349 700 1415 commode
717 1350 820 1414 diuidi
839 1356 962 1434 potest,
990 1357 1024 1416 et
1043 1353 1096 1418 hic
1119 1353 1289 1418 dividitur.
1311 1353 1431 1430 Prima,
1458 1374 1566 1438 usque

396 1459 440 1522 ad
453 1457 589 1522 titulum
604 1458 640 1536 V,
655 1459 912 1542 comprehendit
933 1461 1069 1524 initium
1091 1460 1178 1538 iitis;
1205 1463 1364 1542 secunda,
1390 1483 1497 1548 usqne
1524 1464 1567 1528 ad

395 1565 532 1631 titulum
553 1566 646 1644 llVll,
672 1566 740 1632 litis
765 1568 919 1634 ordinem
945 1569 1119 1646 describit;
1141 1571 1250 1647 tertia,
1284 1591 1393 1656 usque
1419 1571 1462 1637 ad
1490 1572 1567 1635 titu-

395 1673 467 1739 lum
480 1670 604 1753 llllVll,
621 1677 725 1741 refert
740 1695 780 1741 ea
796 1696 871 1761 quae
887 1682 1041 1760 spectant
1055 1679 1272 1762 probationes
1288 1685 1322 1745 et
1337 1680 1565 1764 exceptionem

396 1784 534 1849 tandem
549 1789 669 1868 quarta
678 1786 783 1850 finem
796 1785 864 1850 litis
881 1789 1021 1870 exponit
1036 1807 1097 1870 per
1113 1789 1290 1854 sententiae
1305 1789 1467 1855 lationem
1478 1792 1567 1873 ejus

396 1911 462 1976 que
477 1893 743 1970 exsecutionem,
759 1899 819 1958 aut
833 1895 875 1958 ab
890 1895 1012 1960 eodem
1028 1895 1281 1980 appellationes.

435 2001 465 2064 3.
483 2001 541 2066 Hic
554 2000 649 2078 liber,
676 2002 732 2085 qui
754 2003 790 2066 in
803 2003 877 2067 loro
893 2003 1056 2070 canonico
1078 2005 1226 2070 mamma
1252 2007 1366 2082 refert,
1394 2005 1457 2075 etsi
1478 2005 1568 2090 apud

396 2125 459 2173 nos
480 2108 641 2174 oblivioni
661 2109 760 2174 detur
781 2111 892 2176 iorma
913 2131 1092 2196 processus
1111 2113 1292 2196 judiciarii,
1318 2115 1419 2180 ctiam
1440 2115 1475 2178 iu
1494 2116 1568 2179 foro

396 2215 485 2282 civili
509 2217 590 2282 olim
609 2223 681 2282 erat
694 2235 828 2300 maguae
848 2220 1109 2286 existimationis
1126 2227 1160 2286 et
1174 2221 1346 2298 utilitatis;
1374 2223 1459 2288 adeo
1478 2223 1569 2286 enim

397 2327 550 2392 ordinata
572 2329 676 2392 series
692 2334 829 2394 actuum
850 2330 1063 2412 judicialium
1089 2351 1159 2396 non
1184 2333 1418 2416 reperiebatur
1440 2333 1569 2415 injure

397 2435 485 2498 civili
499 2435 663 2512 Romano,
688 2455 751 2501 nec
771 2437 872 2502 hodie
889 2439 923 2500 iu
938 2444 1067 2516 nostro,
1085 2439 1249 2524 quidquid
1261 2443 1392 2523 jactent
1404 2429 1567 2504 civilistae.

398 2546 617 2629 Quapropter,
629 2547 772 2612 amedio
787 2565 861 2613 aevo
876 2568 985 2633 usque
1000 2549 1044 2615 ad
1057 2551 1283 2614 recentiorem
1290 2555 1436 2628 aetatem,
1450 2568 1569 2614 omnes

396 2655 466 2720 iere
480 2656 581 2719 curiae
597 2655 775 2720 saeculares
789 2659 988 2722 canonicam
1001 2659 1202 2724 methodum
1209 2677 1388 2742 processus
1400 2657 1569 2742 judicialis

276 2841 283 2858 ι
398 2781 441 2826 ox
455 2768 537 2840 toto,
554 2763 664 2829 velex
678 2771 772 2848 parte
787 2773 1003 2851 receperunt,
1020 2769 1089 2832 imo
1102 2767 1289 2832 hodiernus
1301 2768 1410 2833 codex
1425 2765 1569 2838 Gallicus

397 2873 440 2936 ad
471 2872 643 2956 exemplar
670 2893 850 2958 processus
879 2877 1048 2959 judiciarii
1072 2877 1225 2943 canonici
1252 2882 1366 2961 aperte
1395 2875 1569 2941 conlectus

398 2987 461 3048 est.

815 3415 985 3506 PRIMA
1016 3412 1153 3506 rias

755 3619 820 3666 DE
852 3619 1030 3668 INITIO
1067 3620 1214 3669 oms

440 3966 478 4034 ln
492 3969 566 4053 ipso
581 3968 677 4032 initio
695 3965 764 4031 litis
777 3965 843 4031 tria
855 3967 1046 4050 praesertim
1068 3970 1148 4031 sunt
1168 3965 1439 4032 consideranda:
1457 3965 1487 4029 ιι
1504 3955 1571 4049 quo

397 4079 524 4161 judicio
539 4078 660 4162 aliquis
675 4076 757 4141 velit
771 4077 992 4152 contendere;
1010 4078 1043 4140 ιι
1065 4093 1181 4142 coram
1202 4093 1269 4159 quo
1288 4075 1418 4160 judice,
1443 4075 1476 4138 3⁰
1492 4093 1573 4158 quo-

400 4187 501 4252 modo
526 4193 561 4252 et
582 4185 663 4270 quid
683 4191 786 4270 petat.
811 4185 931 4251 Primae
956 4185 1137 4270 quaestioui
1160 4183 1344 4267 respondet
1367 4183 1485 4248 titulus
1507 4183 1575 4266 pri-

400 4314 494 4373 mus;
512 4297 680 4375 secunda,
706 4295 824 4360 titulus
849 4295 890 4360 de
904 4297 990 4361 Foro
1011 4296 1222 4381 competenti,
1239 4299 1274 4359 et
1289 4293 1429 4358 tandem
1452 4293 1572 4368 tertia,

401 4403 489 4468 tituli
508 4404 549 4468 cte
567 4405 687 4471 libelli
697 4405 880 4486 oblatione,
903 4405 945 4470 de
958 4403 1087 4472 Metuis
1094 4403 1324 4490 petitionibus,
1343 4402 1385 4466 tte
1397 4402 1480 4466 litis
1500 4418 1575 4464 con-

401 4515 588 4580 testatione.
659 4551 661 4557 ,
