3488 5568
392 561 453 629 tot
853 577 904 626 res
926 579 1120 628 aenomaus,

394 695 563 764 haditam.
580 696 707 764 Tamen
722 697 794 761 bac
805 696 1012 781 praescriptio
1025 714 1095 762 non
1104 695 1239 761 videtur
1246 697 1371 779 gravis,
1382 696 1570 781 acproinde

394 826 463 874 uon
478 807 661 891 requiritur
673 805 787 889 gravis
802 823 905 872 causa
920 811 959 870 ut
971 799 1139 890 parochus
1158 805 1195 870 in
1206 805 1325 872 ¹aliena
1345 805 1487 874 ecclesia
1506 825 1569 892 pro

392 917 592 1001 populosae
606 915 763 992 celebret,
791 916 912 982 saltem
928 915 1064 1000 quando
1078 916 1191 998 agitur
1206 915 1247 980 de
1262 914 1328 980 illis
1338 914 1458 980 diebus
1473 917 1569 981 festis

393 1026 594 1109 suppressis,
611 1026 647 1089 in
662 1025 785 1108 quibus
799 1023 946 1108 populus
959 1041 1030 1088 non
1044 1027 1180 1088 tenetur
1193 1021 1311 1088 audire
1326 1041 1470 1088 sacrum.

431 1132 464 1197 4ο
478 1133 512 1198 Si
525 1133 704 1218 parochus,
717 1149 933 1216 quocumque
941 1131 1045 1196 modo
1054 1131 1248 1214 impeditus,
1258 1149 1329 1196 non
1340 1131 1453 1215 potuit
1465 1132 1570 1216 appli-

390 1261 468 1308 care
480 1259 542 1326 pro
556 1241 692 1326 populo,
710 1258 823 1325 neque
837 1259 900 1324 per
919 1259 956 1305 se
971 1257 1084 1324 neque
1097 1259 1160 1323 per
1172 1239 1287 1316 alium
1304 1244 1441 1306 tenetur
1450 1244 1570 1324 postea
1593 1232 1596 1236 ’

390 1352 433 1416 ad
453 1351 596 1417 totidem
617 1351 741 1416 missas
756 1349 973 1434 applicandas
987 1369 1048 1434 pro
1064 1349 1218 1434 propalo.
1235 1349 1325 1415 ltaS.
1340 1349 1374 1413 G.
1385 1349 1497 1430 Cone,
1513 1351 1569 1417 die

391 1459 430 1523 11
444 1459 516 1524 dec.
534 1459 623 1536 1853,
639 1457 831 1542 promissis
852 1458 988 1523 omissis
1002 1462 1156 1542 tempore
1174 1475 1330 1522 secessus
1353 1458 1569 1525 ecclesiastici

390 1567 446 1633 vel
456 1566 588 1650 synodi,
603 1565 699 1630 etdie
714 1565 754 1630 11
764 1566 835 1630 deo.
853 1565 942 1641 1871,
960 1565 1063 1631 modo
1077 1565 1240 1648 generali,
1252 1566 1363 1650 quoad
1375 1591 1391 1625 α
1402 1569 1569 1651 parochos

389 1675 586 1742 infirmitate
598 1675 654 1740 vel
669 1673 734 1740 alia
748 1692 851 1738 causa
859 1673 1041 1756 impeditos
1050 1699 1077 1737 n.
1088 1673 1185 1740 ilatio
1193 1675 1297 1758 hujus
1306 1677 1570 1760 proscriptionis

390 1787 456 1859 est,
479 1783 570 1868 qnod
592 1785 728 1864 tempus
749 1799 819 1846 non
843 1781 1039 1862 assignatur
1060 1782 1103 1846 ad
1133 1784 1421 1865 exstinguendam
1442 1783 1571 1868 obliga-

390 1891 528 1958 tionem.

427 2003 460 2066 5⁰
468 2000 770 2066 Monuimusantea
778 2005 933 2084 pastores
944 2000 1051 2066 teneri
1061 2001 1103 2066 ad
1112 2001 1419 2086 applicandumpro
1428 2002 1568 2086 populo,

389 2111 522 2176 etiamsi
537 2115 659 2175 tenues
670 2111 819 2175 habeant
830 2110 983 2174 redditus
999 2115 1033 2174 et
1044 2128 1212 2194 pauperes
1226 2112 1304 2176 sint.
1322 2111 1449 2177 Tamen
1463 2111 1570 2177 Bene-

389 2219 498 2284 dictus
519 2218 599 2295 xiv,
616 2219 652 2283 in
674 2221 782 2283 const.
807 2216 892 2282 Cam
912 2235 1052 2302 semper,
1075 2223 1282 2301 potestatem
1298 2219 1380 2285 lacit
1402 2219 1569 2303 episcopis

387 2327 607 2412 'dispensandi
635 2343 714 2390 oum
741 2325 896 2408 parochis
918 2327 1125 2410 pauperibus
1148 2331 1187 2392 ut
1207 2327 1263 2391 isti
1283 2328 1426 2412 possint,
1448 2328 1568 2394 diebus

388 2436 530 2513 festivis,
548 2435 715 2520 applicare
727 2451 789 2517 pro
805 2434 1061 2518 eleemosynam
1071 2435 1306 2513 offerentibus,
1320 2437 1506 2502 dummodo
1520 2437 1569 2502 in-

387 2546 439 2610 ira
452 2544 703 2610 hebdomadam
714 2563 785 2610 non
799 2543 1061 2626 pretermittant
1074 2544 1216 2608 missam
1230 2544 1380 2610 debitam
1396 2545 1565 2629 applicare

387 2672 449 2737 pro
463 2653 600 2738 populo.
619 2653 828 2718 Permittitur
852 2670 945 2734 ergo,
971 2651 1093 2717 saltem
1114 2671 1159 2746 ex
1189 2654 1389 2719 auctoritate
1404 2654 1564 2737 episcopi,

388 2763 532 2826 mutatio
551 2761 629 2825 diei.
655 2760 706 2824 Ad
726 2755 980 2825 concedendam
1006 2761 1094 2824 hane
1121 2759 1317 2826 facultatem
1349 2763 1567 2844 permutandi

388 2870 478 2934 inter
498 2869 589 2934 diem
612 2869 803 2933 incidentiae
826 2869 904 2932 festi
928 2869 1069 2933 missam
1091 2869 1320 2952 parochialem
1339 2869 1568 2951 exigentiam

388 2977 493 3042 alium
504 2976 595 3041 diem
609 2976 697 3041 intra
712 2975 973 3052 hebdomadam,
989 2995 1060 3042 non
1074 2995 1153 3042 raro
1168 2977 1317 3060 episcopi
1336 2977 1467 3043 indulta
1487 2995 1568 3062 epo

388 3083 700 3168 stolicapostulant.
717 3083 855 3161 Tamen,
872 3085 1063 3150 insistendo
1084 3085 1198 3150 verbis
1219 3085 1344 3150 Bened.
1366 3085 1436 3149 XIV
1457 3085 1491 3150 in
1508 3085 1564 3150 cit.

387 3198 509 3271 const,
520 3197 672 3277 potestas
687 3193 914 3257 transterendi
928 3193 963 3256 in
978 3193 1082 3258 aliurn
1098 3192 1189 3259 diem
1204 3185 1447 3275 obligationem
1461 3193 1568 3277 appli-

375 3293 487 3367 candi
507 3299 642 3366 videtur
663 3299 861 3385 simpliciter
879 3303 915 3365 et
943 3301 984 3365 de
1004 3301 1093 3367 lacto
1117 3301 1275 3366 omnibus
1300 3300 1465 3385 episcopis
1485 3319 1567 3368 con-

387 3427 493 3492 cessa.
548 3431 550 3438 ·

427 3517 616 3603 Aliquando
637 3520 741 3586 etiam
762 3520 897 3604 parochi
923 3519 1021 3585 valde
1037 3537 1204 3604 pauperes
1219 3519 1261 3585 ab
1284 3519 1492 3602 obligatione
1508 3537 1567 3603 ap-

388 3627 533 3711 plicandi
547 3645 608 3710 pro
618 3629 757 3713 populo,
772 3629 868 3694 festis
890 3629 1093 3712 suppressis,
1115 3627 1323 3692 eximuntur.
1348 3627 1413 3692 Sed
1434 3627 1477 3692 ad
1500 3629 1566 3692 hoc

388 3737 570 3820 requiritur
579 3736 750 3801 indultum
764 3735 988 3820 apostolicum
1002 3735 1093 3820 quod
1108 3737 1274 3819 episcopis
1285 3735 1449 3800 concedat
1462 3735 1567 3800 iacul-

388 3851 494 3912 tatem
507 3845 725 3929 dispensandi
739 3847 774 3910 in
791 3847 924 3912 casibus
943 3845 1211 3928 particularibus,
1235 3845 1293 3928 qui
1317 3844 1407 3927 apud
1428 3862 1492 3909 nos
1507 3844 1566 3910 vix

387 3955 503 4020 haberi
517 3958 672 4037 possunt
689 3955 821 4019 etiamsi
833 3955 972 4038 parochi
985 3955 1098 4020 nullos
1107 3955 1428 4046 redditushabeant,
1440 3957 1565 4036 praeter

388 4061 589 4146 pensionem
605 4079 709 4146 quam
721 4061 823 4127 solvit
836 4063 1052 4144 gubernium,
1081 4080 1151 4128 non
1171 4067 1318 4146 possunt
1336 4061 1401 4126 diei
1422 4085 1438 4118 u
1464 4059 1564 4125 valde

388 4187 554 4254 pauperes
566 4171 736 4235 »insensu
746 4171 801 4234 SS.
811 4188 994 4237 canonum.
1008 4171 1073 4236 Sed
1084 4175 1240 4237 remanet
1249 4169 1452 4253 principium
1461 4187 1564 4251 gene·

388 4278 457 4344 rale
474 4278 628 4362 superius
646 4279 801 4355 relatum,
820 4279 910 4362 quod
922 4279 1069 4362 parochi
1097 4297 1168 4344 non
1186 4279 1351 4343 habentos
1375 4293 1563 4357 congruam

387 4390 569 4452 teneantur
581 4387 748 4470 applicare
762 4403 823 4471 pro
836 4385 974 4470 populo.
996 4386 1029 4450 S.
1052 4386 1084 4450 G.
1104 4385 1218 4461 Gono,
1239 4386 1279 4449 15
1296 4387 1368 4468 jan.
1390 4389 1424 4449 et
1440 4385 1461 4448 8
1476 4385 1560 4450 iebr.

387 4495 477 4570 1716,
495 4493 677 4560 declaravit
687 4494 795 4560 teneri
808 4495 911 4560 etiam
924 4493 1001 4560 illos
1016 4511 1163 4578 quorum
1185 4497 1371 4577 proventus
1396 4509 1467 4557 non
1489 4510 1564 4572 per-

388 4602 524 4684 tingunt
537 4603 580 4668 ed
590 4619 761 4668 summam
771 4607 855 4667 scut.
867 4604 908 4666 30
917 4606 1066 4667 monete
1077 4601 1173 4668 Rom.
1194 4601 1361 4686 obligatio
1372 4599 1564 4685 applicandi

387 4709 516 4796 dejure
535 4709 649 4777 divino
665 4711 822 4776 imminet
836 4709 1041 4796 pastoribus.
