3504 5566
633 645 724 690 ιἰιιιι
743 645 931 692 ιιοιιιιιιιιιιτι.
1310 629 1365 694 tii

230 762 289 820 llll.
311 761 577 821 consentientibus
591 761 738 833 testibus,
754 768 784 822 et
798 764 945 840 dirigente
960 761 1119 838 prudentie
1137 761 1267 834 consilii,
1286 777 1369 838 repe·

196 855 276 910 tatur
288 850 495 910 testimonium
510 863 610 910 coram
625 855 740 910 rectore
751 853 954 923 missionario,
969 852 1022 927 qui
1041 853 1070 911 et
1080 852 1143 926 lpse
1157 857 1263 927 testea,
1278 853 1305 913 si
1320 868 1371 912 vo·

196 937 296 1009 luerit,
311 939 476 1014 interroget
488 953 542 1012 por
556 940 725 1014 praesidem.

233 1030 304 1086 lllll.
321 1027 430 1086 Eadem
447 1028 563 1087 ratione
576 1042 638 1102 qua
647 1032 740 1088 testes
754 1043 806 1090 eno
819 1043 918 1100 censa,
933 1028 1143 1088 examinentur
1158 1033 1250 1089 testes
1265 1045 1370 1090 course

196 1131 315 1175 causan.

232 1207 303 1264 lllv.
320 1205 442 1266 collatis
456 1211 529 1265 tunc
544 1206 692 1277 consiliis,
709 1208 762 1266 ilat
776 1211 915 1280 utsupra
930 1221 960 1265 n.
977 1210 1023 1266 lll.

232 1299 290 1354 xv.
305 1296 389 1365 Quod
406 1296 434 1354 si
448 1301 539 1356 testes
554 1297 712 1356 nolintaut
733 1303 884 1372 nequeant
895 1298 1023 1356 consilio
1037 1296 1191 1368 assistere,
1206 1299 1253 1357 vel
1268 1312 1372 1358 eorum

197 1384 403 1444 testimonium
425 1386 559 1445 nondum
579 1387 654 1446 satis
675 1387 862 1448 luculentum
886 1387 1041 1462 negotium
1061 1387 1176 1456 reddet,
1190 1388 1250 1446 duo
1266 1389 1371 1448 saltem

198 1489 233 1534 ex
255 1475 383 1534 consilio
402 1475 593 1548 deputentur,
614 1476 666 1551 qui
689 1482 782 1536 testes
797 1478 953 1549 adeuntes,
973 1477 1038 1536 loca
1061 1476 1237 1546 invisentes,
1252 1477 1299 1536 vel
1314 1478 1373 1536 alio

197 1579 388 1640 quocumque
402 1567 492 1624 modo
509 1571 659 1639 poterunt,
674 1565 776 1626 lumen
791 1569 828 1628 ad
843 1569 936 1626 dubia
950 1568 1095 1628 solvenda
1110 1568 1309 1641 requirentes,
1326 1585 1373 1627 re·

198 1654 342 1712 lationem
366 1668 428 1713 sure
446 1654 688 1730 investigationis
710 1656 746 1714 ad
769 1657 930 1716 consilium
945 1657 1089 1727 deferant,
1105 1663 1138 1715 ut
1156 1657 1200 1715 ita'
1219 1659 1303 1717 nulla
1325 1659 1374 1718 via

197 1743 343 1802 intentata
356 1744 545 1817 relinquatur
565 1745 722 1804 advenum
746 1745 910 1805 formaliter
924 1754 1005 1806 certo
1016 1748 1275 1822 cognoscendum,
1291 1753 1372 1806 ente-

198 1833 338 1905 quemad
352 1834 509 1893 sententiae
524 1833 722 1906 prolationem
737 1836 922 1894 devertatur.

231 1925 302 1981 llVl.
317 1923 424 1981 Omnia
437 1928 504 1982 acta
517 1923 677 1984 occasione
688 1925 795 2000 judieii
808 1925 839 1984 in
852 1926 985 1985 medium
997 1925 1086 1984 allata
1096 1932 1234 1986 accurate
1244 1927 1275 1986 iu
1289 1929 1375 1987 curia

195 2011 358 2084 episcopali
380 2014 604 2085 custodiantur,
624 2019 657 2074 ut
678 2013 709 2072 in
729 2029 801 2076 casn
823 2015 1033 2089 appellationis
1059 2017 1215 2075 commode
1238 2017 1373 2078 exbiberi

194 2101 325 2158 valeant.

230 2194 312 2248 llvll.
334 2192 364 2250 Si
379 2206 449 2251 vero
470 2194 627 2269 contingat
640 2202 675 2254 ut
688 2209 706 2254 a
720 2197 870 2256 sententia
884 2196 915 2253 in
930 2195 1015 2254 curia
1027 2195 1192 2268 episcopali
1205 2197 1321 2270 prolata
1337 2197 1372 2256 ad

195 2283 479 2372 archiepiscopalem
491 2293 680 2360 provocetur,
696 2288 944 2362 metropolitanus
959 2287 1063 2346 eadem
1078 2288 1217 2346 methodo
1231 2289 1263 2348 in
1276 2305 1375 2350 causae

196 2373 368 2445 cognitione
383 2380 412 2432 et
431 2375 584 2434 decisione
602 2379 751 2449 procedat.

231 2465 340 2521 batum
366 2468 466 2524 ltomee
494 2481 530 2524 cx
555 2467 672 2525 aedibus
692 2467 869 2540 presules
893 2467 1154 2541 congregationis
1176 2467 1225 2526 die
1244 2472 1280 2526 ιθ
1296 2469 1374 2542 junii

198 2566 270 2612 “¹¹⁰¹
287 2555 368 2612 ¹⁸¹⁸·
641 2629 764 2687 renunes
782 2628 867 2686 card.
890 2629 1042 2700 SlllEilltl,
1062 2629 1231 2702 prefectu.

717 2739 848 2794 loannes
869 2735 1002 2808 Baptista
1020 2738 1153 2805 dcuozzv,
1175 2736 1373 2795 secretarios.

197 2947 432 3002 ll.1nstructio
459 2961 519 3016 pro
552 2949 790 3002 ecclesiasticis
818 2949 922 3002 curiis
959 2950 1071 3014 quoad
1096 2949 1240 3002 modum
1260 2963 1374 3016 prooe-

226 3030 328 3166 ‹gfff-iffi
352 3031 549 3083 oeconomiae
575 3031 612 3082 tn
637 3031 751 3083 causis
780 3030 1055 3097 disciplinaribus
1081 3033 1116 3083 st
1141 3032 1376 3084 criminalibus

258 3124 277 3164 a
309 3123 435 3164 eorum.

633 3209 735 3300 ne'vr
753 3239 838 3312 jone
858 3244 938 3299 reso.

233 3369 322 3428 Sacra
335 3365 399 3424 broc
414 3368 468 3424 llll.
485 3371 514 3424 et
529 3367 588 3424 llll.
605 3365 823 3440 congregatio,
842 3369 959 3424 mature
982 3365 1123 3438 presenti
1143 3365 1284 3424 Ecclesiae
1305 3379 1376 3424 con-

198 3455 311 3514 ditione
336 3471 496 3529 perpensa,
525 3471 591 3528 qum
620 3471 695 3528 pene
719 3455 831 3528 ubique
856 3455 1019 3528 impeditur
1038 3455 1203 3528 quominus
1224 3461 1377 3514 externam

198 3545 325 3618 explicet
339 3555 426 3604 suam
446 3545 594 3604 actionem
616 3560 708 3618 super
726 3545 866 3604 materias
884 3551 915 3604 et
927 3561 1074 3620 personas
1099 3546 1333 3616 ecclesiasticas,
1349 3553 1378 3605 et

198 3635 387 3694 considerato
402 3649 522 3708 quoque
536 3635 654 3694 deiectu
669 3635 836 3694 mediorum
858 3640 998 3707 aptorum
1012 3651 1067 3708 pro
1080 3635 1212 3709 regulari
1226 3636 1376 3695 curiarum

198 3725 403 3795 ordinatione,
429 3724 588 3784 constituit
610 3725 781 3783 facultatem
804 3725 965 3784 ordinariis
985 3725 1119 3784 locorum
1142 3739 1285 3798 expresse
1306 3739 1376 3782 con-

198 3815 302 3874 cedere
321 3820 355 3874 ut
381 3814 494 3873 formas
524 3813 623 3888 magis
643 3814 844 3873 oeconomicas
864 3815 1004 3873 adhibere
1030 3815 1150 3872 valeant
1175 3814 1207 3872 in
1234 3813 1377 3872 exercitio

199 3920 263 3964 suae
278 3905 715 3980 disciplinarisjurisdictionis
735 3919 827 3978 super
845 3905 973 3965 clericis.
996 3909 1031 3964 tlt
1050 3909 1151 3964 autem
1172 3910 1234 3963 tota
1251 3904 1390 3978 justitie·

199 3995 274 4053 ratio
288 3999 369 4054 certa
384 3998 521 4066 tectaque
536 3999 665 4064 maneat,
681 3997 874 4067 serveturque
887 4009 1085 4067 processuum
1101 3994 1247 4052 canonica
1259 3993 1377 4068 regule·

198 4084 271 4144 ritas
285 4090 315 4143 et
328 4083 533 4166 uniformitate,
549 4089 752 4157 opportunum
765 4083 886 4142 censuit
895 4091 1058 4158 sequentes
1068 4098 1207 4142 emanare
1217 4095 1378 4152 normas,a

198 4175 292 4233 curiis
311 4175 486 4234 servandae.
1189 4229 1191 4234 .

233 4267 255 4322 l.
270 4263 426 4323 ordinario
448 4264 598 4337 pastorale
618 4277 697 4322 onus
716 4263 864 4323 incumbit
882 4264 1074 4339 disciplinam
1100 4263 1375 4336 correctionemque

198 4355 374 4414 clericorum
388 4370 406 4414 a
420 4369 452 4414 se
466 4353 699 4427 dependentium
710 4355 845 4425 curandi,
856 4369 948 4429 super
962 4355 1136 4414 eorumdem
1146 4355 1215 4412 vitre
1229 4353 1375 4412 rationem

198 4443 362 4519 vigilando,
376 4442 577 4517 remediisque
592 4443 703 4502 utendo
715 4443 871 4502 cononicis
885 4446 921 4502 ed
937 4445 1147 4518 praecavendas
1160 4443 1239 4517 apud
1254 4443 1374 4501 eosdem

200 4540 228 4592 et
243 4534 444 4593 eliminandas
459 4533 575 4592 ordinis
591 4533 841 4606 perturbationes.

236 4628 268 4684 ll.
285 4629 328 4682 Ex
341 4624 389 4682 his
403 4623 544 4684 remediis
558 4623 616 4682 alla
630 4624 828 4697 preveniunt,
844 4625 1011 4697 reprimunt
1025 4630 1055 4682 et
1072 4624 1217 4684 medelam
1236 4623 1374 4682 afferunt.

202 4715 303 4774 l’1iora
325 4715 361 4773 ad
389 4715 446 4774 boc
468 4713 641 4790 diriguntur
668 4720 701 4772 ut
724 4714 888 4786 impediant
907 4714 1070 4787 quominus
1092 4715 1205 4774 malum
1227 4713 1375 4783 adveniat,

202 4810 234 4864 ut
249 4804 382 4864 scandali
395 4805 521 4876 stimuli,
531 4803 706 4863 occasiones
721 4804 907 4876 voluntariae,
920 4819 1079 4877 causaeque
1089 4805 1124 4864 ed
1141 4804 1376 4878 delinquendum
