3488 5564
493 631 578 678 itata
600 633 750 678 SECUNDUS
771 629 989 678 petaeredium.

573 845 590 916 fi
609 848 643 902 ΙΙ.
664 847 704 904 De
720 846 915 918 proprietate.

474 1023 494 1072 1.
513 1019 587 1082 Quid
605 1021 634 1074 et
649 1021 803 1086 quotuplex
819 1022 998 1086 proprietas?

196 1163 227 1244 a)
242 1161 460 1247 proprietatis
473 1165 613 1228 nomine
625 1165 720 1229 venit
730 1166 761 1229 t·
774 1163 1013 1249 quodcumque
1021 1167 1079 1247 jus
1089 1169 1186 1230 extra
1199 1183 1334 1250 posses-

161 1272 297 1348 sionem,
315 1290 419 1355 super
433 1291 500 1358 quo
508 1272 636 1356 judicio
650 1273 809 1356 petitorio
827 1271 988 1338 contendi
1002 1277 1126 1356 potest.
1143 1272 1212 1338 Hoe
1227 1276 1333 1338 sensu

159 1377 222 1444 lato
236 1379 380 1444 inoludit
393 1381 497 1445 etiam
514 1383 572 1464 Jus
587 1381 636 1445 aa
647 1399 718 1444 rem
725 1401 739 1461 ;
758 1383 790 1446 θ’
806 1387 841 1446 et
861 1381 1010 1444 strictius
1034 1380 1203 1462 signifieat
1221 1380 1333 1446 solum

156 1489 208 1569 jus
219 1489 254 1550 in
267 1507 324 1566 re;
337 1489 372 1552 3ο
386 1493 421 1552 et
429 1489 639 1552 strictissime
652 1489 799 1553 sumitur
811 1507 874 1572 pro
888 1487 1052 1564 dominio,
1069 1488 1161 1573 quod
1175 1507 1329 1554 eommu-

159 1595 242 1660 niter
256 1595 420 1661 definitur
435 1616 443 1659 :
457 1596 619 1662 Faerrttas
631 1596 884 1681 disponentia
898 1617 934 1660 re
949 1597 1080 1681 aliqua,
1089 1605 1257 1682 tanquam
1272 1597 1336 1664 stat

158 1703 315 1786 sabjecta.
816 1759 817 1762 ,

193 1811 390 1878 Dominium
405 1812 532 1896 duplex
545 1811 767 1896 distinguitur
778 1831 904 1878 :unum
915 1813 1174 1898 jurisdictionis,
1187 1813 1333 1881 alterum

155 1921 379 2004 proprietatis.
408 1915 560 1986 Primum
586 1926 639 1986 est
661 1925 720 2006 jus
742 1921 975 2005 gubernandi;
1000 1921 1190 1988 seeundum
1213 1927 1265 1988 est
1276 1927 1334 2006 jus

155 2027 241 2093 reale
254 2028 460 2112 disponendi
475 2029 517 2093 de
531 2048 568 2094 re
583 2029 697 2114 aliqua
711 2035 875 2114 tanquam
890 2049 963 2106 sue,
985 2029 1052 2094 nisi
1064 2029 1141 2112 lege
1156 2031 1332 2113 prohihea-

155 2139 216 2201 tur.
233 2138 371 2203 Etenim
392 2138 574 2222 aliquando
596 2137 654 2204 lex
674 2139 833 2223 prohibet
852 2157 915 2204 seu
936 2143 1072 2223 separat
1085 2143 1200 2206 uotum
1215 2156 1333 2204 seeun-

155 2245 232 2310 dum
248 2246 394 2311 dominii
408 2246 450 2311 ah
466 2251 543 2312 autu
558 2247 679 2330 primo.

191 2353 249 2418 Hie
262 2371 337 2419 non
351 2355 465 2436 agitur
479 2354 522 2420 de
535 2354 686 2420 dominio
698 2353 955 2438 jurisdiationis.

189 2461 236 2525 Ex
258 2461 459 2527 definitione
480 2467 615 2527 constat
634 2463 879 2545 proprietatem
902 2461 1038 2528 differre
1063 2481 1084 2528 a
1102 2465 1331 2548 possessione,

153 2569 196 2635 ita
210 2575 257 2644 ut,
278 2572 381 2652 juxta
393 2571 431 2634 L.
449 2571 655 2634 naturaliter
668 2575 683 2649 ἓ
698 2569 767 2652 iff.
788 2570 830 2633 cte
843 2571 970 2654 acquir.
987 2571 1044 2634 oet
1056 2573 1166 2636 amitt.
1177 2591 1331 2657 possess,

153 2680 341 2763 proprietas
362 2678 447 2744 nihil
470 2699 653 2745 commune
675 2681 800 2746 habeat
817 2698 896 2744 oum
910 2681 1139 2763 possessione.
1158 2681 1332 2750 Possessio

153 2788 241 2851 enim
249 2805 325 2853 non
336 2791 389 2852 est
399 2789 458 2870 jus
468 2787 510 2852 de
525 2807 562 2852 re
572 2807 732 2872 possessa
739 2787 953 2870 disponendi,
968 2789 1055 2853 siout
1069 2793 1121 2853 est
1130 2791 1331 2873 proprietam

153 2892 271 2959 deinde
290 2894 489 2977 separabilis
505 2899 558 2959 est
579 2896 751 2978 possessio
777 2914 798 2960 a
813 2895 1029 2979 proprietate,
1046 2896 1094 2960 ita
1108 2899 1148 2961 ut
1160 2899 1332 2979 possessio

152 3001 239 3066 sitin
254 3021 328 3066 uno
342 3005 377 3065 et
390 3003 578 3086 proprietas
593 3003 629 3066 in
644 3003 763 3081 attero,
787 3008 850 3067 eto.

170 3111 217 3192 a)
232 3109 433 3176 Dominium
451 3111 669 3193 proprietatis
689 3110 852 3175 dividitur
875 3111 907 3174 1ο
930 3111 966 3174 in
989 3111 1149 3176 naturale
1170 3117 1205 3177 et
1223 3113 1329 3190 civite,

150 3223 248 3299 prout
269 3218 349 3302 quis
370 3217 530 3282 dominus
554 3225 608 3282 est
628 3223 780 3300 spectato
803 3217 875 3284 solo
887 3221 965 3300 jure
987 3219 1134 3284 naturali
1149 3219 1204 3285 vel
1222 3219 1330 3298 oisili3

148 3324 178 3388 2⁰
199 3326 235 3390 in
250 3345 372 3390 aeram
396 3331 432 3391 et
453 3329 582 3408 fictam,
599 3331 702 3411 prout
714 3328 963 3392 habeturvere
983 3331 1018 3390 et
1028 3327 1210 3411 aitrajuris
1225 3329 1332 3395 fictio-

149 3451 237 3510 nem,
254 3431 315 3498 vel
335 3435 496 3517 perjuris
516 3435 713 3511 dationem
739 3436 771 3498 3ο
792 3435 828 3498 in
837 3434 980 3520 plenam
1004 3453 1066 3500 seu
1084 3437 1274 3518 perfeetum
1297 3442 1333 3504 et

148 3559 213 3605 raon
221 3541 380 3626 pieriam.
404 3541 557 3619 Plenum,
586 3543 722 3626 quando
747 3546 799 3605 est
819 3544 877 3624 jus
897 3543 1046 3625 perfeeto
1072 3541 1273 3626 disponendi
1289 3544 1331 3610 de

149 3666 194 3725 re,
214 3649 264 3716 ita
280 3653 319 3712 ut
334 3649 461 3714 sailioet
484 3649 526 3714 de
549 3669 589 3715 ea
612 3669 649 3714 re
672 3650 874 3734 disponendi
897 3653 955 3734 jus
971 3652 1096 3716 habeat
1109 3669 1211 3716 nemo
1226 3650 1329 3729 alius;

150 3775 246 3822 secus
261 3763 420 3823 remanet
433 3759 682 3841 imperfeotum,
701 3758 792 3843 quod
801 3759 928 3824 iterum
943 3759 1170 3824 subdividitur
1182 3760 1219 3823 in
1227 3760 1332 3826 darec·

151 3871 222 3928 tam
236 3870 274 3930 et
298 3865 398 3944 utile,
420 3872 523 3950 prout
545 3870 702 3931 remanet
725 3867 818 3931 nuda
839 3867 1039 3950 proprietas,
1066 3867 1121 3931 vel
1140 3870 1198 3951 jus
1212 3867 1331 3932 utendi

150 3979 347 4056 separatum
361 3993 382 4039 a
394 3975 619 4058 proprIetat03
643 3974 676 4038 4⁰
690 3974 726 4038 in
741 3975 941 4051 universate,
969 3975 1062 4058 quod
1081 3977 1244 4058 competit
1261 3975 1332 4040 oui-

149 4081 199 4146 vis
216 4073 349 4148 haeredi
366 4082 455 4147 oiroa
476 4082 736 4147 universitatem
758 4083 900 4163 jurium,
925 4081 1115 4166 fundatque
1130 4083 1331 4164 petitionem

150 4189 378 4267 haereditatis;
404 4227 445 4238 -
460 4195 495 4256 et
506 4190 689 4274 saporare,
707 4189 798 4273 quod
811 4191 975 4274 competit
988 4191 1077 4255 oiroa
1090 4209 1146 4255 res
1165 4190 1327 4270 singulas.

439 4391 470 4442 11.
489 4390 562 4452 Quot
577 4388 669 4442 modis
686 4389 850 4456 aequiritur
865 4388 1040 4455 proprietas?

190 4536 222 4598 t·
235 4535 252 4598 J
255 4553 316 4601 ure
330 4535 486 4618 gentium
500 4534 683 4600 introducti
698 4539 779 4600 sunt
792 4539 976 4620 sequentes
991 4555 998 4596 :
1014 4533 1152 4601 venatio
1162 4551 1224 4599 seu
1234 4553 1330 4601 ooou-

151 4644 244 4724 patio
265 4643 348 4707 ierae
373 4643 552 4708 existentis
576 4643 612 4706 in
635 4642 780 4721 naturali
803 4661 865 4707 sua
892 4643 1065 4716 libertate3
1091 4643 1245 4709 inventio
1268 4662 1329 4708 seu

151 4751 328 4832 occupatio
339 4751 727 4818 reruminanimatarum
740 4769 815 4837 quae
831 4750 956 4836 nullius
968 4755 1063 4822 sunt;
1081 4753 1257 4836 eaptivitas
1269 4769 1329 4818 seu
