3504 5566
634 629 724 676 vaura
747 631 934 677 nocuusrmu
1315 613 1373 675 lta

232 749 316 809 ilVll.
335 751 357 806 Α
371 745 499 806 decretis
511 747 692 821 cogentibus
705 753 913 820 presentatus,
928 748 1049 819 electos,
1064 747 1111 805 vel
1125 747 1296 806 nominatos
1310 745 1375 819 qui-

198 839 303 898 busvis
318 836 532 896 ecclesiasticis
546 837 693 910 personis,
710 838 800 896 eliam
815 839 900 896 Sedis
923 841 1024 910 apost.
1048 837 1180 907 nunciis,
1195 837 1232 894 ud
1254 851 1287 894 se
1303 835 1374 894 sub-

195 927 361 1002 jiciendum
388 926 520 986 examini
544 927 781 996 ordinariorum,
808 934 969 1000 antequam
994 927 1191 985 instituantur
1215 931 1244 984 et
1265 926 1374 983 consil·-

199 1023 328 1074 rnoulur.

234 1109 329 1165 llVlll.
345 1109 368 1164 ll
383 1105 581 1180 denegatione
592 1107 790 1179 promotionis
801 1107 838 1164 ad
849 1121 953 1165 sacros
965 1106 1099 1174 ordines,
1110 1105 1376 1176 etasuspensione

199 1201 409 1267 susceptorum
420 1193 459 1252 ob
473 1195 586 1254 crimen
599 1195 762 1265 occultum,
776 1196 839 1254 sive
852 1209 889 1252 ex
904 1195 1065 1254 informata
1080 1195 1275 1253 couscientia.

235 1287 339 1342 llll-ll
355 1283 527 1356 praellxione
540 1284 659 1342 termini
673 1299 727 1356 pro
742 1285 899 1357 punitione
911 1283 1212 1359 regularisepisoopo
1232 1298 1292 1341 nou
1304 1284 1377 1341 sub-

197 1374 280 1448 jecti,
289 1373 428 1448 degentis
440 1373 519 1432 intra
528 1373 669 1443 claustra,
685 1375 738 1433 sed
749 1381 831 1432 extra
842 1375 957 1434 notorie
971 1374 1148 1433 scandaloso
1162 1372 1377 1444 delinquentis

201 1463 336 1522 iacienda
350 1478 368 1521 a
381 1477 438 1521 suo
453 1463 619 1536 superiore,
636 1471 666 1522 et
680 1479 734 1537 pro
744 1465 851 1523 notitia
866 1465 1034 1537 punitionis
1046 1463 1219 1537 hujusmodi
1237 1464 1378 1536 episcopo

200 1553 309 1612 danda.

176 1681 184 1696 ,
237 1645 294 1700 llll.
318 1647 342 1701 Α
364 1642 515 1714 censuris,
538 1643 666 1717 allisque
692 1643 917 1716 provisionibus
942 1649 1047 1702 contra
1075 1642 1325 1712 concubinarios3
1350 1647 1380 1700 et

202 1733 290 1790 eliani
308 1741 413 1790 contra
426 1731 595 1790 detinentes
611 1732 752 1792 mulieres
767 1739 926 1805 suspectus
939 1733 1031 1802 domi,
1046 1737 1099 1791 aut
1113 1738 1205 1790 extra.

238 1825 308 1880 llll.
329 1826 351 1880 Α
369 1823 535 1896 privatione
555 1822 704 1898 privilegii
727 1823 799 1892 lori;
819 1829 849 1881 et
870 1838 887 1881 a
907 1823 1035 1882 decretis
1057 1827 1162 1882 contra
1179 1823 1304 1881 clericos
1322 1837 1381 1880 nou

203 1915 375 1976 incedentes
400 1913 430 1969 iu
453 1911 556 1971 habitu
570 1917 598 1970 et
618 1918 759 1982 tonsura;
773 1919 803 1971 et
826 1915 855 1972 in
876 1913 945 1972 aliis
968 1913 1091 1972 casibus
1115 1929 1132 1972 a
1152 1913 1282 1972 Tridenl.
1308 1927 1381 1987 prae-

202 2005 322 2078 scriptis
339 2005 425 2078 (sess.
440 2007 483 2074 ll,
499 2019 526 2061 c.
542 2005 559 2059 6
574 2007 603 2061 et
617 2006 662 2073 23,
677 2002 713 2061 de
725 2005 879 2078 Rosam).

239 2095 321 2154 xllll.
337 2095 380 2152 Ab
399 2093 613 2167 approbatione
627 2100 657 2151 et
674 2092 883 2165 reprobatione
903 2095 1072 2166 patrimonii
1088 2095 1256 2168 pensionis,
1272 2099 1323 2154 aut
1338 2095 1385 2152 be-

205 2186 314 2254 neticii,
329 2185 428 2258 quoad
442 2184 660 2256 promovendos
675 2183 711 2242 ad
728 2197 831 2241 sacros
845 2184 978 2242 ordines

240 2277 334 2333 xlllll.
351 2279 373 2332 A
386 2272 601 2330 convocatione
614 2272 738 2344 capituli
754 2274 833 2331 iacta
845 2273 883 2332 ab
895 2274 1039 2348 episcopo
1054 2291 1108 2348 pro
1123 2276 1315 2336 deliberando
1331 2276 1384 2334 ali-

205 2379 266 2436 quo
281 2361 402 2437 negotio
418 2377 486 2420 cunr
501 2367 571 2420 voto
585 2361 806 2435 capitularium,
820 2363 855 2421 ad
871 2363 970 2436 ipsius
984 2369 1095 2436 tamen,
1107 2366 1151 2422 vel
1168 2380 1293 2423 suorum
1304 2381 1384 2424 com-

207 2452 328 2512 modum
343 2466 404 2516 nou
417 2455 581 2524 spectante.

243 2543 337 2600 lllllV.
362 2545 384 2598 h
406 2541 535 2599 decretis
559 2541 638 2599 circa
657 2541 886 2601 conversionem
899 2543 993 2602 tertiae
1008 2543 1102 2616 partis
1126 2558 1386 2617 quorumcumque

210 2635 418 2705 proventuum,
434 2635 462 2688 el
483 2629 698 2689 obventionum
728 2635 787 2690 mm
817 2631 998 2706 dignitatum
1028 2649 1118 2706 quam
1143 2635 1386 2705 canonicatuum,

210 2727 443 2796 personatuum,
467 2719 638 2795 portionum
654 2727 684 2779 et
707 2721 877 2780 ciliciorum
892 2723 923 2780 in
938 2723 1169 2782 distributiones
1184 2725 1387 2797 quotidianae,

210 2827 373 2885 earumque
387 2811 566 2872 divisionem
581 2811 659 2868 inter
671 2811 834 2886 dignitates
854 2813 1035 2882 obtinentes,
1049 2817 1078 2870 et
1092 2813 1168 2871 alios
1183 2814 1295 2872 divinis
1311 2815 1388 2872 inte·

211 2909 363 2962 ressentes
384 2902 416 2959 in
438 2900 574 2961 ecclesiis
601 2901 824 2960 cathedralibus
849 2905 879 2960 et
908 2902 1076 2975 collegiatis
1100 2903 1131 2960 in
1161 2904 1272 2976 quibus
1299 2903 1388 2961 nullae

212 2999 283 3051 sunl
304 2991 477 3065 hujusmodi
498 2992 682 3065 quotidianae
711 2989 954 3058 distributiones,
983 2991 1030 3048 vol
1054 2997 1126 3049 sunt
1152 2993 1193 3049 ita
1217 2999 1335 3066 tenues,
1356 3000 1390 3052 ut

211 3081 415 3140 verisimiliter
427 3081 629 3156 negligantur,
642 3080 868 3155 Juxtel'rident.
881 3081 970 3152 (sesa.
987 3085 1032 3152 tl,
1045 3095 1071 3138 c.
1088 3085 1114 3150 3,
1129 3086 1159 3138 et
1174 3094 1250 3140 sess.
1262 3085 1308 3152 22,
1319 3097 1345 3140 c.
1362 3087 1389 3153 3,

214 3171 416 3244 delictum).

249 3265 330 3322 xxv.
347 3263 390 3320 lib
404 3262 597 3321 exsecutione
609 3262 725 3334 piarum
741 3262 974 3335 dispositionum
991 3267 1049 3320 tam
1060 3261 1092 3319 in
1107 3261 1213 3321 ultima
1228 3264 1390 3336 voluntale,

214 3367 305 3425 quam
320 3353 505 3422 interrivos,
517 3353 605 3425 juxta
618 3352 697 3410 idem
711 3353 854 3422 trident,
870 3352 949 3410 dicta
971 3353 1062 3422 (sess.
1077 3355 1122 3421 it,
1138 3368 1165 3410 c.
1182 3353 1218 3426 8).

250 3445 345 3501 lllllll.
361 3446 383 3499 ll
397 3442 568 3501 visitatione
583 3439 787 3514 hospitalium,
803 3447 833 3498 et
846 3455 1106 3515 quorumcumque
1120 3441 1237 3514 piorum
1247 3443 1391 3513 locorum,

216 3533 304 3591 etiarn
320 3537 535 3602 exemplorum,
552 3537 609 3590 ela
632 3530 717 3588 laicis
741 3530 1036 3603 administratorum;
1052 3530 1258 3604 collegiorum,
1274 3534 1392 3590 conlui-

217 3621 399 3690 lernitatum,
419 3621 692 3692 eleemosynarum,
721 3619 869 3675 montium
897 3617 1034 3690 pietalis,
1066 3633 1100 3676 ac
1129 3635 1146 3676 a
1174 3621 1346 3692 cognitione
1365 3627 1394 3676 ct

218 3709 410 3768 exsecutione
418 3709 629 3781 pertinentium
644 3708 681 3764 ad
698 3708 747 3764 Dei
761 3707 885 3775 cultum,
900 3711 929 3765 et
945 3721 1107 3779 pauperum
1125 3710 1391 3778 sustentationem

218 3805 306 3870 ratque
327 3813 343 3856 a
368 3797 482 3855 ratione
505 3796 775 3854 administrationis
802 3795 975 3854 eorumdem
998 3796 1132 3854 locorum
1151 3797 1282 3870 singulis
1304 3797 1393 3853 aunis

219 3887 360 3960 episcopo
376 3885 544 3957 reddenda;
565 3886 625 3943 nisi
640 3885 726 3942 aliter
741 3885 772 3942 iu
788 3885 923 3957 ipsorum
945 3883 1135 3944 institutione
1158 3891 1188 3942 et
1207 3885 1394 3943 ordinatione

219 3993 358 4050 expresse
381 3983 503 4037 cautum
531 3977 631 4047 luerit,
654 3977 742 4049 juxta
762 3976 812 4034 cii.
839 3975 876 4048 (e.
892 3979 909 4033 8
925 3989 1002 4035 sess.
1021 3981 1065 4044 aa,
1085 3981 1115 4033 et
1135 3989 1200 4046 cap.
1218 3980 1250 4032 tt
1271 3987 1346 4032 sess.
1362 3977 1393 4043 7;

219 4083 284 4142 cap.
300 4074 317 4126 ti
331 4083 409 4127 sesa.
424 4074 460 4127 aa
472 4073 500 4126 el
517 4081 581 4140 cap.
598 4071 615 4124 8
630 4081 708 4125 sess.
726 4065 780 4136 25).

255 4161 361 4217 llllvll.
371 4158 414 4215 lib
424 4159 572 4228 examine,
582 4155 796 4228 suspensione,
810 4153 856 4211 vel
870 4153 1034 4212 remotione
1043 4167 1301 4226 quorumcumque
1313 4157 1396 4209 nillil·

220 4251 332 4309 riorum
359 4249 553 4309 scribentium
584 4248 616 4324 ip
645 4245 746 4304 causis
775 4243 999 4313 ecelesiasticis,
1025 4243 1112 4316 iuxta
1133 4249 1221 4316 caput
1250 4245 1283 4298 ru
1310 4242 1396 4300 diotae

221 4353 300 4398 sess·
316 4343 361 4397 Ἠ.

256 4431 374 4488 llllVlll.
393 4421 1398 4495 llberectionesemiuarii,etpraedxiouetaxaeimponendaedignita-

222 4519 314 4590 tibus,
330 4517 552 4590 personatibus,
563 4515 683 4586 ciliciis
700 4513 880 4587 praebendis,
892 4511 1400 4584 portionibusabballis,etprioro-

223 4608 303 4668 tibus
317 4609 536 4681 cujuscumque
551 4605 678 4673 ordinis
691 4603 779 4661 etiarn
794 4601 977 4676 regularium
989 4601 1183 4674 hospitalium
1198 4603 1274 4674 (quaa
1290 4601 1401 4658 dautur

224 4702 253 4758 in
270 4699 402 4770 titulum,
416 4699 462 4757 vel
478 4696 777 4769 administrationem)
797 4692 952 4752 benelleiis
973 4693 1215 4767 quibuscumque
1234 4699 1293 4750 tam
1309 4707 1399 4765 regu-

226 4793 344 4862 larium,
359 4803 448 4864 quam
470 4789 740 4863 jurispatronatus,
763 4791 979 4859 exemplorum,
1000 4791 1028 4842 ct
1052 4784 1166 4844 nullius
1185 4783 1338 4854 diurnale,
1355 4783 1400 4840 vel
