3504 5566
379 579 436 642 tac
836 595 885 642 sus
906 592 1085 640 crrorrcun.

379 715 409 777 ei
429 714 465 775 in
485 729 553 794 quo
576 710 711 774 videtur
731 712 842 791 major
864 707 1087 792 probabilitas
1110 709 1305 775 obtinendae
1326 709 1489 784 veritatis,
1518 717 1552 772 et

378 820 509 884 oaeteris
523 819 670 902 paribus,
687 835 766 881 reus
781 817 977 882 absolvitur.

417 930 450 992 it
465 929 620 992 Defertur
642 928 707 992 hoc
727 931 962 1009 juramentum
982 929 1130 994 inomni
1151 947 1253 992 causa
1272 927 1463 1012 specialiter
1482 947 1551 992 non

379 1043 530 1120 excepta,
558 1055 636 1101 curn
654 1037 698 1100 sit
718 1037 760 1100 de
781 1055 907 1118 genere
929 1039 1187 1120 permissorum.
1204 1037 1424 1119 Excipiuntur
1441 1055 1551 1101 causae

378 1145 570 1208 criminales
585 1146 625 1227 (l)
640 1149 674 1208 et
690 1146 830 1209 famosae
849 1149 883 1208 et
898 1165 973 1228 quae
988 1145 1041 1208 bis
1056 1146 1328 1228 aeqrriparanlur;
1347 1145 1382 1208 in
1397 1144 1552 1208 civilibus

379 1251 477 1316 valde
491 1251 616 1328 arduis,
643 1271 713 1317 non
736 1253 851 1328 actori,
877 1251 937 1315 sed
956 1269 1016 1316 reo
1039 1252 1162 1317 deferri
1186 1257 1301 1335 potest
1317 1255 1552 1334 juramentum

378 1359 600 1441 purgationis,
621 1359 685 1423 nisi
705 1365 865 1440 ageretur
883 1359 1026 1423 civiliter
1044 1361 1087 1424 ad
1112 1358 1221 1424 solam
1235 1378 1374 1442 poenam
1394 1361 1553 1442 pecunia-

377 1467 473 1530 riam.
493 1467 712 1546 Excipiuntur
730 1467 833 1532 etiarn
854 1485 965 1532 causae
986 1466 1256 1531 matrimoniales
1281 1473 1315 1529 et
1330 1467 1552 1549 professionis

377 1573 556 1655 religiosae,
574 1573 656 1638 dum
670 1575 782 1655 agitur
796 1575 838 1638 ad
852 1573 979 1640 vinculi
992 1575 1261 1639 dissolutionem.

417 1682 448 1744 3⁰
462 1681 618 1745 Defertur
635 1700 655 1745 a
671 1681 796 1763 jndice,
817 1682 944 1763 praeria
968 1682 1163 1762 cognitione
1187 1699 1298 1746 causae
1322 1683 1553 1764 inpraesentia

379 1790 562 1856 adversarii
585 1791 687 1866 citati,
710 1795 745 1854 et
758 1790 971 1872 precedente
986 1791 1174 1873 semiplena
1194 1792 1405 1873 probatione,
1432 1797 1470 1854 ut
1486 1792 1554 1855 dic-

380 1903 528 1961 tumeat.
546 1897 738 1962 Notandum
758 1905 811 1961 est
828 1899 931 1962 etiarn
955 1899 1046 1982 quod
1065 1899 1149 1962 illud
1165 1902 1401 1980 juramentum
1421 1899 1553 1983 supple-

380 2007 504 2068 torium
520 2025 591 2070 non
606 2005 756 2069 defertur
768 2025 923 2087 personae
936 2007 993 2070 vili
1018 2013 1052 2071 et
1065 2011 1231 2089 suspecta
1252 2005 1293 2070 de
1313 2007 1475 2089 perjurio,
1494 2007 1554 2070 sed

380 2119 513 2178 tantum
527 2116 690 2192 honestae,
707 2116 844 2180 habenti
860 2117 1037 2180 scientiam
1052 2136 1094 2181 ex
1110 2135 1212 2180 sensu
1227 2135 1402 2199 corporeo.

419 2224 451 2286 4⁰
465 2223 614 2305 Effectus
628 2224 718 2288 illius
730 2225 928 2306 juramenti,
946 2229 983 2288 ut
1002 2224 1114 2300 delati,
1132 2231 1184 2288 est
1198 2225 1354 2288 absoluta
1369 2227 1554 2290 necessitas

380 2329 462 2394 illud
485 2333 677 2414 praestandi,
708 2333 791 2398 allas
811 2351 973 2397 recusans
997 2351 1100 2398 causa
1122 2334 1235 2411 cadet;
1260 2340 1297 2398 ut
1326 2334 1479 2416 praestiti,
1503 2341 1554 2397 est

380 2441 560 2522 completio
576 2443 796 2524 probationis,
822 2448 861 2506 ut
880 2444 1050 2507 sententia
1062 2444 1192 2507 feratur
1210 2460 1272 2525 pro
1283 2445 1420 2523 jnrante
1437 2445 1475 2522 (c.
1493 2443 1550 2505 lin.

380 2549 413 2610 b.
431 2555 453 2611 t.
471 2549 551 2614 Vide
567 2551 778 2632 expositores
791 2553 858 2632 jur.
875 2551 996 2633 Rern).

689 2801 705 2869 g·
724 2801 769 2854 lll.
791 2799 831 2856 lic
845 2799 1021 2869 juramento
1039 2799 1244 2870 promissorio.

421 2987 453 3064 a)
468 2985 551 3048 Cum
574 2985 616 3049 de
641 2986 698 3050 illo
719 2991 915 3069 juramento
935 2989 1010 3052 fuse
1032 2993 1136 3069 agant
1154 2987 1315 3068 theologi,
1330 2988 1446 3070 paucis
1463 2987 1553 3050 dabi-

381 3111 459 3156 mus
479 3091 569 3158 banc
590 3095 787 3158 sectionem.
814 3095 852 3158 ln
874 3097 993 3178 primis
1018 3094 1207 3159 notandum
1232 3100 1284 3158 est
1304 3094 1393 3177 quod
1408 3097 1552 3157 necteria

379 3203 565 3282 juramenti
587 3202 797 3284 promissorii
822 3209 875 3268 est
894 3223 949 3267 res
965 3204 1006 3267 de
1023 3223 1059 3267 se
1070 3204 1170 3279 bona,
1189 3207 1223 3266 et
1236 3203 1376 3284 majoris
1389 3203 1469 3266 boni
1485 3221 1553 3266 non

380 3309 588 3392 impeditiva.
612 3310 706 3375 Unde
720 3313 750 3374 ιο
766 3331 869 3395 super
888 3331 924 3376 re
948 3311 1038 3377 mala
1058 3331 1128 3376 non
1149 3317 1201 3376 est
1217 3311 1415 3395 jurandum,
1441 3329 1553 3392 neque
1582 3302 1587 3316 '

383 3435 484 3499 super
504 3437 541 3482 re
572 3419 790 3496 indifferenti,
816 3440 896 3486 narn
919 3422 955 3484 in
976 3421 1086 3503 primo
1110 3439 1190 3486 casu
1211 3423 1445 3503 Juramentnm
1464 3425 1555 3482 esset

381 3525 555 3588 vinculum
575 3527 772 3612 iniquitatis,
793 3531 877 3594 etin
892 3529 998 3594 altero
1019 3529 1133 3594 nullus
1147 3531 1258 3594 honor
1277 3527 1347 3592 lieo
1366 3527 1551 3604 accederet,

383 3635 472 3717 quod
488 3639 540 3698 est
553 3642 671 3701 contra
687 3643 845 3703 naturam
857 3640 1052 3721 juramenti.

421 3744 454 3806 θ’
466 3743 703 3808 iuramentum
717 3745 955 3829 impeditivum
974 3746 1114 3826 majoris
1129 3745 1220 3820 boni,
1241 3747 1368 3810 factum
1388 3743 1450 3808 soli
1472 3745 1552 3822 lieo,

382 3866 452 3914 non
467 3850 605 3932 obligat,
615 3869 694 3914 curn
702 3855 947 3935 juramentum,
961 3871 1030 3916 non
1045 3870 1143 3915 secus
1158 3870 1196 3916 ac
1206 3857 1335 3928 votum,
1348 3851 1470 3916 debeat
1479 3871 1553 3915 esse

384 3957 425 4020 de
440 3957 572 4022 meliori
585 3960 685 4023 bono.
702 3961 744 4023 nt
764 3963 791 4024 si
810 3963 937 4025 factum
957 3965 1010 4025 est
1027 3959 1158 4024 homini
1180 3965 1319 4042 propter
1334 3962 1392 4040 jus
1414 3961 1445 4023 ei
1465 3977 1554 4042 quae-

384 4065 498 4141 situm,
513 4083 583 4130 non
597 4071 711 4149 potest
725 4067 874 4150 infringi.
1623 4142 1628 4166 .

424 4172 455 4253 b)
467 4173 483 4234 l
486 4180 713 4251 uramentum,
729 4194 796 4258 qua
810 4175 887 4252 tale,
903 4177 991 4258 parit
1005 4175 1242 4260 obligationem
1255 4174 1441 4256 religionis,
1456 4177 1553 4256 cujus

384 4285 435 4342 est
458 4285 568 4357 actus;
584 4283 618 4344 in
642 4289 808 4366 quantum
832 4289 885 4346 est
905 4284 1096 4366 promissio,
1118 4281 1362 4364 obligationem
1380 4281 1552 4347 fidelitatis

383 4386 521 4461 inducit,
537 4407 616 4452 cum
628 4391 809 4471 promissio
824 4391 868 4454 sit
883 4396 978 4456 actus
992 4389 1179 4466 fidelitatis3
1195 4395 1230 4454 et
1247 4389 1385 4454 tandem
1399 4392 1434 4453 in
1452 4409 1554 4474 quan-

385 4499 456 4555 turn
470 4501 523 4557 est
537 4501 683 4578 pactum,
693 4517 754 4562 seu
766 4499 945 4581 promissio
956 4505 1137 4582 acceptata,
1152 4497 1395 4580 obligationem
1400 4499 1551 4582 justitiae.

416 4728 451 4792 n)
465 4728 530 4778 vus
544 4729 614 4780 urea
627 4731 654 4780 n
669 4731 710 4780 tn.
724 4729 778 4792 vn,
790 4729 822 4780 a
835 4712 1062 4782 ornatarum.
