3498 5572
559 587 646 630 risun
667 583 793 632 rannus
815 581 1038 630 naonamnruu.
1328 565 1388 630 477

211 703 355 779 tionem;
370 719 472 786 porro
485 705 543 785 jus
558 702 789 787 prasentandi
804 722 865 767 seu
880 700 1081 766 nominandi
1095 699 1278 784 aliquando
1297 717 1390 764 com-

210 810 295 894 petit
309 809 513 895 quibusdam
532 812 685 894 patronis
701 809 922 876 ecclesiarum
937 830 944 873 :
960 809 1040 874 inde
1056 807 1107 872 tit.
1124 808 1166 873 de
1178 807 1259 874 dare
1267 814 1388 893 patro-

211 927 312 984 natus
325 920 476 985 succedit
490 919 597 984 titulis
615 919 656 984 de
673 919 820 1004 Capellis
836 925 870 984 et
881 918 1048 984 Ecclesiis.

250 1027 308 1093 llle
323 1029 441 1094 titulus
454 1028 536 1094 olim
550 1047 621 1094 non
634 1029 749 1094 minus
762 1031 848 1094 scitu
862 1028 1076 1094 necessarius
1090 1032 1164 1094 erat
1178 1045 1282 1113 quam
1296 1026 1389 1094 utilis

211 1134 462 1215 ecclesiasticis3
481 1143 688 1222 quapropter
708 1138 894 1203 canonista
917 1135 1034 1200 multis
1058 1136 1232 1200 disserunt
1253 1136 1389 1218 dejure

210 1245 504 1326 pat1·onatus;sed
525 1245 614 1310 hanc
637 1246 832 1322 materiam,
849 1244 951 1309 lrodie
966 1244 1026 1310 rix
1045 1244 1245 1328 practicam,
1268 1243 1392 1338 saltem

212 1352 324 1436 quoad
338 1338 507 1418 beneficia¹
519 1353 691 1432 interiora,
706 1352 823 1436 paucis
838 1351 1067 1418 absolvemus.

655 1569 791 1632 sutrio
813 1568 950 1633 PRtMA.

345 1717 393 1774 Do
409 1721 547 1782 natura,
564 1717 731 1771 vomente
747 1719 782 1770 st
798 1715 928 1783 ortplno
942 1714 1030 1778 iuris
1046 1715 1258 1782 patronatus.

611 1881 631 1931 l.
649 1881 688 1932 De
703 1877 806 1931 natura
819 1877 896 1930 illius
907 1876 990 1942 juris.

252 2011 284 2074 1⁰
296 2011 426 2076 Nomen
445 2037 460 2070 a
470 2013 737 2095 juspatronatus
750 2035 765 2068 n
777 2011 871 2076 varie
885 2009 1056 2093 accipitur.
1074 2006 1198 2090 lnjure
1209 2005 1309 2082 civili,
1326 2023 1388 2089 pro

212 2136 254 2182 eo
266 2120 344 2201 jure
366 2118 514 2184 sumitur
536 2119 627 2202 quod
645 2117 748 2183 habet
766 2117 926 2184 dominus
946 2116 983 2180 in
1005 2133 1123 2182 servos
1144 2113 1387 2181 manumissos.

211 2225 401 2310 Aliquando
422 2227 457 2290 in
477 2228 556 2309 jure
579 2227 744 2292 canonico
767 2227 859 2292 idem
882 2229 934 2290 est
948 2243 988 2290 ac
1001 2223 1063 2306 jus
1082 2223 1288 2300 advocati&
1309 2239 1391 2286 nam

210 2339 387 2418 patronus,
407 2333 520 2419 quoad
534 2335 628 2400 vocis
643 2332 943 2414 significationem,
961 2332 1053 2396 idem
1069 2335 1170 2396 sonat
1184 2328 1276 2414 quod
1288 2328 1390 2394 advo·

210 2447 317 2507 catus.

250 2554 294 2617 nt
307 2554 343 2618 in
357 2555 528 2638 praesenti,
543 2557 601 2638 jus
613 2558 814 2638 patronatus
829 2556 1041 2636 estpotestas
1052 2570 1114 2616 seu
1123 2553 1181 2634 jus
1192 2551 1234 2616 ab
1244 2547 1392 2616 Ecclesia

210 2679 413 2728 conoessum
428 2663 658 2746 praesentandi
672 2662 822 2746 aliquem
832 2661 876 2726 ad
892 2660 1159 2725 ecclesiasticum
1172 2657 1389 2732 beneficium,

211 2789 232 2836 a
251 2771 427 2854 superiore
450 2770 679 2836 ecclesiastico
701 2769 963 2836 instituendum.
980 2767 1157 2853 Aliquibus
1180 2771 1297 2833 tamen
1320 2779 1391 2832 non

210 2878 320 2963 placet
334 2881 407 2944 haec
422 2880 586 2958 delinitio,
602 2881 682 2964 quia
694 2880 731 2943 in
747 2878 819 2944 solo
831 2880 910 2962 jure
931 2877 1205 2962 praesentationis
1220 2893 1291 2940 non
1311 2893 1391 2940 con-

211 2988 301 3053 sistit
306 2991 364 3072 jus
376 2994 588 3073 patronatus,
602 2989 693 3073 quod
704 2988 807 3053 etiam
816 2987 973 3073 quaedam
987 3005 1106 3054 secum
1118 2986 1186 3050 lert
1196 2985 1346 3050 honores
1358 2987 1392 3048 et

209 3095 392 3164 commoda
405 3098 507 3163 certis
522 3098 683 3162 oneribus
698 3097 915 3162 cohaerentia.
932 3095 1053 3159 Differt
1066 3111 1149 3176 ergo
1163 3095 1272 3176 ajure
1287 3091 1390 3156 advo-

210 3205 317 3294 catiae,
334 3205 426 3290 quod
440 3223 505 3270 usu
527 3203 755 3270 ecclesiastico
776 3203 861 3268 nihil
882 3202 973 3268 aliud
996 3207 1049 3268 est
1068 3219 1172 3286 quam
1190 3202 1248 3284 jus
1271 3199 1390 3264 tuendi

211 3311 389 3378 ecelesiam
401 3318 520 3378 eontra
535 3315 610 3396 ejus
625 3329 845 3396 oppressores
861 3316 896 3376 et
908 3311 1179 3395 impugnatores.

249 3420 282 3483 Ψ
297 3421 344 3486 lle
359 3419 481 3486 intima
494 3419 608 3484 indole
625 3419 724 3484 istius
735 3421 823 3503 juris
837 3438 907 3486 non
926 3419 1147 3484 consentiunt
1160 3418 1226 3482 DD.
1247 3437 1254 3480 :
1270 3415 1389 3482 Utrum

210 3528 255 3592 sit
269 3527 443 3611 spirituale
456 3525 512 3592 vel
525 3527 725 3611 temporale,
742 3527 1017 3593 controvertitur.

250 3635 299 3698 Ex
320 3653 390 3700 una
403 3638 510 3718 parte,
534 3633 670 3699 videtur
692 3653 787 3700 mere
811 3633 1014 3718 temporale,
1033 3635 1113 3718 quia
1133 3634 1168 3697 in
1190 3651 1254 3698 sua
1272 3651 1388 3712 carcaa,

211 3743 339 3809 scilicet
354 3745 390 3806 in
403 3742 616 3820 fundatione,
633 3743 818 3818 dotatione,
836 3747 899 3807 ete.
916 3741 1060 3826 alicujus
1079 3741 1251 3818 beneflcii3
1267 3741 1303 3805 in
1318 3741 1390 3804 suis

211 3851 391 3934 effectibus,
407 3869 532 3934 nempe
555 3850 591 3914 in
611 3849 839 3933 praecedentia
862 3853 897 3914 et
918 3850 1084 3933 pensione
1110 3849 1233 3934 quibus
1251 3849 1318 3912 frui
1330 3867 1390 3931 pe-

212 3963 280 4024 test
293 3963 474 4044 patronus;
493 3960 527 4022 io
546 3961 665 4043 seipso,
682 3977 806 4041 nempe
827 3959 863 4022 in
882 3957 1042 4023 facultate
1056 3956 1299 4041 praesentandi,
1313 3975 1389 4040 quse

210 4067 301 4131 cadit
314 4069 418 4132 etiam
432 4066 468 4131 in
481 4066 617 4143 laicum,
635 4065 719 4128 nihil
731 4065 877 4130 habetur
892 4064 984 4149 quod
999 4063 1274 4148 spiritualitatem
1296 4069 1388 4130 certo

210 4175 408 4240 manifestet
421 4193 483 4240 seu
496 4173 648 4240 suadeat.

250 4281 298 4346 Ex
321 4282 428 4349 altera
450 4287 565 4368 parte,
590 4281 727 4347 videtur
748 4299 843 4348 mere
863 4280 1056 4366 spirituale,
1080 4287 1152 4346 tum
1177 4282 1256 4366 quia
1263 4281 1389 4365 [3νίηοί-

204 4393 304 4476 pium
319 4409 362 4456 ex
376 4409 444 4476 quo
459 4391 568 4456 oritur
582 4393 636 4455 est
655 4389 839 4474 spiritualis
861 4395 1014 4475 potestas
1035 4390 1202 4468 Ecclesiae,
1218 4395 1292 4454 tum
1311 4389 1390 4475 quia

210 4503 286 4585 ejus
308 4499 475 4583 objectum
490 4503 525 4564 et
543 4499 706 4564 terminus
727 4498 771 4566 ad
789 4519 892 4584 quem
905 4499 1092 4578 ordinatur,
1117 4505 1170 4565 est
1184 4499 1389 4565 beneficium

210 4609 487 4686 ecclesiasticum,
508 4627 569 4674 seu
585 4607 666 4692 quid
681 4607 865 4692 spirituale.

251 4717 410 4803 Sequitur
425 4735 507 4800 ergo
529 4715 620 4800 quod
644 4734 714 4782 non
738 4720 790 4782 est
813 4735 926 4801 neque
949 4736 1043 4785 mere
1067 4715 1253 4802 temporale
1276 4734 1388 4801 neque
