3488 5564
399 551 438 614 oo
857 564 910 610 rus
930 561 1108 610 cauourcuu.

399 684 543 750 Proinde
564 685 607 748 ad
629 683 712 746 illud
735 679 1002 764 comparandum
1025 679 1092 743 duo
1107 677 1350 760 requiruntur:
1379 673 1514 738 animus
1538 677 1572 738 et

398 791 535 868 iactum,
561 797 600 855 ut
622 791 687 854 fert
708 793 766 872 jus
790 787 899 852 civile.
922 787 1025 851 Porro
1050 787 1183 849 animos
1203 783 1349 848 volentis
1364 783 1571 846 constituere

399 899 606 965 domicilium
619 899 654 962 in
668 897 782 982 aliquo
794 896 869 962 loco
885 895 986 960 debet
1013 911 1087 958 esse
1113 892 1205 977 quod
1226 889 1309 956 velit
1325 891 1372 954 ibi
1395 889 1573 954 habitatio-

399 1027 479 1074 nem
492 1013 692 1091 perpetuam
706 1005 924 1076 constituere,
946 1002 1011 1066 nisi
1028 1001 1154 1086 aliquid
1169 1005 1309 1069 avocetz
1332 999 1423 1063 unde
1449 997 1573 1062 suflicit

398 1117 605 1200 perpetuitas
619 1116 803 1199 proposita,
817 1115 896 1178 licet
904 1119 1024 1196 postea
1037 1111 1244 1176 domicilium
1257 1109 1321 1174 alio
1337 1109 1569 1172 transferatur.

398 1226 540 1290 Factum
570 1229 623 1288 est
645 1223 745 1287 realis
766 1223 963 1287 constitutio
988 1219 1205 1284 habitationis
1220 1219 1254 1282 in
1271 1217 1328 1281 tali
1342 1216 1417 1280 loco
1436 1235 1443 1277 :
1465 1215 1573 1296 requi-

400 1335 484 1398 ritur
498 1333 635 1416 quidem
646 1332 687 1396 ad
702 1332 990 1406 constituendum,
1007 1349 1077 1394 non
1092 1335 1205 1394 autem
1226 1327 1268 1391 ad
1282 1325 1499 1390 retinendum
1516 1323 1574 1386 do-

347 1453 350 1463 '
399 1441 561 1506 micilium
572 1444 645 1524 jam
655 1430 869 1524 acquisitum,
888 1459 919 1503 v.
932 1458 965 1520 g.
981 1437 1101 1522 aliquis
1112 1437 1230 1501 abesse
1244 1439 1357 1516 potest
1371 1433 1412 1497 ad
1425 1438 1570 1513 lempna,

399 1549 502 1614 modo
521 1549 675 1614 animum
690 1547 855 1614 redeundi
867 1547 1001 1611 habeat.

438 1657 486 1720 Ex
500 1657 597 1722 dictis
611 1662 793 1740 sequentes
806 1659 1045 1737 proponuntur
1058 1652 1284 1717 resolutiones
1300 1671 1307 1714 ε

439 1766 470 1827 1ο
481 1764 531 1827 ad
544 1765 658 1828 iorum
674 1761 831 1827 domicilii
854 1761 1121 1845 comparandum
1142 1779 1213 1826 non
1237 1760 1361 1824 sufficit
1384 1765 1422 1824 ut
1446 1759 1521 1843 quis
1539 1762 1572 1824 in

399 1871 511 1954 aliquo
525 1871 599 1936 loco
615 1871 735 1935 emerit
751 1871 901 1944 domum,
920 1887 1064 1952 eamque
1077 1869 1122 1931 ibi
1132 1867 1305 1952 possideat
1320 1888 1326 1930 :
1344 1885 1423 1931 nam
1439 1866 1573 1930 deesset

399 1980 499 2044 realis
512 1979 673 2043 habitatio
690 1997 750 2042 seu
765 1979 903 2042 lactum.

438 2088 470 2150 2⁰
486 2087 646 2150 Similiter
659 2087 687 2149 si
702 2087 776 2170 quis
792 2086 964 2150 transtulit
978 2105 1032 2150 res
1047 2103 1126 2150 suas
1141 2086 1184 2150 ad
1198 2085 1311 2148 locum
1327 2085 1487 2166 aliquem,
1504 2101 1572 2146 uon
1593 2117 1598 2130 ·

399 2202 514 2261 tamen
539 2196 652 2260 animo
675 2195 721 2260 ibi
745 2195 980 2278 permanendi,
997 2213 1066 2260 non
1079 2193 1221 2278 acquirit
1234 2192 1459 2261 domicilium:
1477 2192 1574 2254 deest

400 2305 492 2367 enim
506 2305 598 2387 prior
611 2303 771 2368 conditio.

438 2413 470 2476 3ο
485 2411 526 2474 111
547 2412 623 2494 quis
643 2418 818 2496 comparet
840 2411 1059 2488 domicilium,
1086 2430 1155 2476 non
1180 2412 1365 2495 requi1itur
1385 2416 1433 2486 ut,
1450 2415 1575 2494 praeter

271 2550 276 2563 ,
398 2521 643 2585 habitationem
654 2522 689 2584 in
699 2520 774 2586 loco
784 2523 1014 2596 constitutam,
1029 2522 1065 2584 in
1076 2540 1117 2586 eo
1130 2521 1254 2584 habeat
1263 2527 1394 2604 partem
1407 2521 1573 2602 majorem

400 2647 539 2692 suarum
551 2647 677 2705 rerum,
695 2629 781 2692 sicut
795 2627 898 2712 aliqui
911 2629 1050 2704 volunt;
1065 2647 1145 2692 nam
1157 2627 1251 2692 nullo
1261 2629 1349 2712 juris
1362 2633 1458 2692 textu
1469 2625 1574 2690 nulla-

400 2755 466 2819 que
478 2737 608 2800 ratione
622 2737 756 2819 probari
771 2738 957 2820 potesthoc
973 2735 1108 2819 requiri.

439 2847 471 2910 1ο
483 2847 571 2910 Dum
595 2851 729 2911 constat
745 2847 786 2910 de
802 2847 916 2910 animo
936 2846 1108 2920 manendi,
1125 2865 1195 2910 non
1213 2847 1396 2930 requiritur
1410 2844 1572 2910 habitatio

401 2955 569 3032 diuturna,
600 2955 659 3019 sed
685 2955 936 3038 quamprimum
959 2955 1033 3037 quis
1050 2954 1091 3018 ad
1113 2953 1226 3020 locum
1240 2955 1443 3037 pervenerit,
1464 2951 1573 3016 incola

398 3061 489 3128 illius
511 3063 576 3128 loci
595 3063 788 3126 censebitur
812 3083 819 3126 :
846 3061 1065 3138 domicilium,
1092 3067 1130 3126 ut
1143 3063 1190 3126 ait
1204 3062 1235 3126 S.
1253 3061 1418 3143 Gongreg.
1436 3059 1573 3125 Concilii

401 3171 451 3250 (te
464 3169 538 3253 julii
562 3170 662 3252 1779),
684 3169 837 3234 contrabi
865 3175 978 3252 potest
1008 3171 1111 3234 etiam
1134 3171 1243 3252 prima
1258 3169 1322 3233 die.
1345 3169 1410 3232 Sed
1430 3165 1520 3252 q'uid,
1545 3167 1572 3230 si

401 3295 470 3341 non
487 3283 619 3342 constet
643 3277 684 3340 de
701 3277 838 3340 animo?
864 3277 974 3359 Aliqui
990 3277 1168 3360 requirunt
1183 3277 1396 3340 decennium.
1414 3275 1572 3340 Attamen
1656 3355 1660 3364 ⁸
1719 3289 1720 3298 ¹

402 3391 535 3467 tempus
550 3383 643 3460 illud,
658 3386 757 3466 juxta
769 3383 894 3467 plures
908 3384 1089 3468 aliquando
1103 3404 1172 3449 non
1183 3385 1316 3460 sulsscit,
1335 3385 1421 3448 siout
1435 3384 1572 3447 brevius

401 3493 572 3556 sulssciens
596 3511 670 3556 esse
689 3498 812 3575 potest,
832 3492 1112 3556 concurrentibus
1131 3493 1334 3576 quibusdam
1355 3493 1572 3556 circumstan-

401 3599 455 3662 tiis
469 3598 544 3674 loei,
560 3615 800 3682 personarom;
819 3599 910 3663 unde
925 3599 959 3662 id
979 3599 1210 3664 deliniendum
1236 3599 1439 3682 relinquitur
1449 3599 1573 3682 judicis

399 3707 599 3788 prudentiae.

397 3865 401 3884 .
438 3815 471 3878 5⁰
484 3815 600 3880 Potest
612 3817 687 3900 quis
697 3817 732 3880 in
741 3815 895 3899 pluribus
906 3815 961 3880 vel
976 3815 1200 3881 duobusloois
1211 3817 1337 3883 habere
1351 3815 1570 3894 domicilium,

398 3923 440 3987 ad
456 3943 535 3987 eum
550 3925 709 3988 ellectum
725 3930 762 3987 ut
776 3925 956 4008 utrobique
968 3924 1122 3988 subditus
1137 3931 1325 3990 censeatur.
1349 3925 1398 3990 lta
1414 3943 1572 4010 expresse

398 4030 429 4094 S.
448 4031 613 4114 Congreg.
628 4033 764 4098 Concilii
777 4034 828 4115 (14
842 4041 940 4098 mart.
958 4035 1058 4116 1771).
1071 4034 1167 4100 Retio
1180 4041 1231 4099 est
1242 4035 1320 4117 quia
1330 4034 1451 4118 aliquis
1460 4039 1573 4117 potest

397 4141 431 4204 in
446 4141 598 4224 pluribus
623 4140 706 4205 locis
730 4145 884 4224 tempore
909 4141 1083 4207 moraliter
1098 4141 1219 4226 aequali
1235 4143 1370 4224 degere,
1388 4148 1423 4206 et
1438 4143 1483 4206 sie
1495 4129 1571 4206 duae

397 4249 609 4313 conditiones
627 4249 670 4314 ad
695 4247 904 4312 domicilium
929 4250 1207 4314 constituendum
1223 4251 1393 4334 requisitae
1408 4251 1572 4314 haberen-

399 4365 463 4424 tur.
480 4359 630 4424 'landem

438 4468 469 4530 6⁰
483 4466 671 4548 aliqnando
682 4465 891 4532 domicilium
902 4469 974 4531 sine
987 4469 1196 4534 habitatione
1210 4469 1292 4536 reali
1307 4471 1433 4554 acquiri
1446 4475 1570 4554 potest,

399 4575 458 4638 sed
473 4575 514 4638 ab
529 4575 570 4636 iis
585 4573 696 4638 solum
720 4575 777 4657 qni
795 4575 926 4640 ratione
951 4575 1155 4640 conditionis
1173 4577 1228 4641 vel
1252 4583 1361 4642 status
1380 4577 1432 4641 sui
1449 4577 1571 4642 alicubi

396 4701 535 4748 manere
552 4687 721 4760 tenentur,
744 4703 777 4748 v.
794 4702 827 4765 g.
845 4689 983 4748 senator
1005 4685 1040 4748 in
1067 4687 1161 4762 urbe,
1182 4685 1362 4767 religiosus
1384 4687 1418 4750 in
1437 4705 1570 4752 monas-
