3504 5566
361 549 419 613 too
817 567 869 612 ros
891 567 1071 612 canonicor.
1102 529 1106 539 x

360 686 413 748 nis
426 689 478 748 est
489 683 719 758 arbitrarium;
736 683 835 766 quale
850 684 952 748 etiam
963 683 1036 750 lleri
1052 687 1165 766 potest
1179 701 1222 748 ex
1233 700 1403 748 consensu
1419 681 1531 766 appel-

359 793 460 857 lantis
475 796 510 856 et
528 789 696 875 appellati,
715 795 752 854 nt
773 790 944 872 colligitur
959 810 1001 856 ax
1024 790 1126 855 Glem.
1142 790 1175 853 l·
1193 790 1226 852 h.
1246 795 1283 865 t.,
1302 807 1381 854 cum
1396 793 1531 872 tempus

360 900 450 964 istud
462 901 578 964 lavore
592 899 739 982 partium
751 899 928 982 praellxum
944 899 997 962 sit.

574 1149 589 1212 ς
609 1147 641 1202 V.
663 1145 703 1203 lle
720 1144 818 1216 officio
833 1144 946 1216 judicis
966 1143 1006 1203 ad
1024 1159 1109 1218 quern
1128 1143 1306 1216 appellatur.

400 1333 618 1413 l⁰Cognoscit
629 1333 739 1415 primo
752 1335 905 1398 ansuerit
916 1337 1010 1416 justa
1022 1353 1124 1400 causa
1135 1333 1325 1418 appellandi
1335 1336 1373 1414 (c.
1384 1331 1464 1395 aab.
1477 1331 1528 1408 t.);

360 1443 387 1504 si
398 1442 452 1518 ita,
467 1441 700 1524 pronuntiabit
712 1441 792 1504 bene
808 1441 1029 1524 appellatum,
1051 1451 1083 1504 et
1100 1443 1190 1505 crate
1199 1441 1394 1522 judicatum
1408 1440 1528 1514 tuisse;

359 1551 387 1612 si
412 1567 498 1624 non,
533 1570 551 1614 e
584 1551 753 1616 contrario
779 1552 1012 1633 pronuntiabit
1035 1553 1124 1616 necle
1149 1551 1368 1635 appellatum,
1392 1558 1424 1612 et
1451 1547 1530 1610 bene

353 1660 558 1740 judicatum.
576 1659 682 1724 P1i0ri
697 1679 789 1736 casn,
813 1679 952 1726 causam
967 1661 1202 1744 appellationis
1219 1660 1314 1724 adse
1334 1656 1530 1722 devolutam

358 1773 552 1849 cognoscet,
577 1773 610 1833 et
627 1788 689 1852 per
708 1769 919 1834 definitivam
943 1771 1148 1834 sententiam
1176 1769 1280 1832 linem
1305 1767 1335 1830 ei
1361 1767 1528 1849 imponet;

358 1876 537 1959 posteriori
547 1895 629 1942 vero
640 1895 731 1952 casu,
745 1878 949 1941 sententiam
959 1876 1082 1960 judicis
1098 1895 1120 1938 a
1134 1894 1199 1958 quo
1214 1873 1441 1948 confirmabit;
1455 1877 1489 1934 et
1502 1872 1531 1934 si

315 1999 317 2007 ·
359 1985 566 2069 appellatum
586 1991 638 2050 est
656 1987 697 2050 ab
719 1985 983 2060 interlocutoria,
1002 1984 1192 2069 appellante
1214 1985 1250 2048 in
1267 2000 1434 2066 expensas
1454 1999 1531 2045 con-

360 2094 530 2170 demnalo‚
547 2113 685 2160 causam
702 2096 745 2161 ad
760 2097 909 2178 priorem
922 2096 1073 2178 judicem
1086 2095 1238 2159 remittet
1252 2094 1290 2172 (c.
1308 2092 1357 2166 38,
1380 2092 1420 2154 59
1434 2090 1467 2153 h.
1492 2094 1528 2163 t.,

359 2221 386 2265 c.
404 2203 423 2266 3
444 2203 479 2266 in
502 2204 559 2266 lin.
586 2204 660 2268 eod.
684 2205 719 2268 in
734 2205 776 2279 6⁰,
798 2204 877 2268 licet
891 2207 969 2287 jure
986 2222 1075 2268 novo
1091 2203 1191 2276 Tria,
1211 2219 1293 2264 sess.
1310 2201 1360 2276 ll,
1381 2217 1410 2263 c.
1431 2199 1470 2262 90
1490 2197 1532 2260 de

359 2311 532 2392 liusena),
546 2331 617 2376 non
632 2313 855 2379 admittantur
868 2313 1112 2398 appellationes
1126 2315 1168 2376 ab
1182 2309 1446 2384 interlocutoria,
1466 2306 1531 2370 nisi

360 2419 428 2482 vim
443 2419 625 2486 definitiva
640 2422 773 2500 habeat,
790 2423 845 2486 vel
859 2424 1032 2488 contineat
1047 2438 1232 2503 gravamen
1246 2415 1473 2500 irreparabile.

398 2527 430 2590 2⁰
443 2527 552 2592 ludex
571 2531 620 2592 ad
637 2549 736 2612 quem
751 2549 838 2595 onus
853 2531 1017 2613 probandi
1038 2531 1182 2613 imponit
1196 2529 1318 2611 partim
1336 2524 1528 2608 appellanti,

361 2631 482 2712 partim
513 2631 680 2714 appellato
704 2653 711 2695 :
732 2651 812 2697 nam
836 2633 1010 2717 appellans
1038 2634 1181 2716 probare
1209 2631 1310 2696 debet
1339 2629 1529 2709 legitimum

361 2745 494 2821 tempus
522 2743 556 2802 et
576 2725 716 2804 causam*
735 2743 865 2822 justam
886 2740 1092 2824 appellandi;
1121 2741 1243 2804 merila
1266 2756 1348 2802 vero
1372 2753 1482 2800 causae
1502 2735 1531 2796 is

360 2845 526 2922 ostendet,
545 2847 602 2929 qui
617 2866 658 2912 ea
670 2847 811 2930 protulit
825 2849 860 2911 in
875 2849 985 2932 prima
997 2849 1168 2913 instantia.

398 2955 430 3017 3⁰
446 2954 479 3017 Si
501 2954 676 3038 appellans
690 2957 733 3020 ab
756 2957 917 3048 episcopo
929 2957 1112 3022 innodatus
1130 2961 1182 3020 est
1195 2973 1349 3030 censura,
1364 2951 1471 3036 judex
1486 2949 1533 3014 ad

360 3081 458 3145 quem
473 3081 543 3128 non
555 3065 728 3128 revocabit
741 3064 844 3140 illam,
862 3066 971 3130 donec
985 3068 1118 3130 constet
1130 3063 1282 3146 legitime
1298 3081 1373 3126 esse
1387 3060 1530 3143 appella·

360 3177 444 3244 tum,
461 3172 509 3233 uti
525 3189 587 3236 nec
601 3172 700 3236 citius
711 3173 902 3254 prohibebit
913 3173 1019 3256 judici
1037 3193 1058 3236 a
1078 3193 1144 3256 quo
1166 3189 1363 3256 processum
1380 3171 1415 3233 in
1428 3187 1531 3234 causa

361 3278 479 3362 libid).

398 3387 430 3450 4ο
446 3387 479 3450 Si
495 3406 573 3471 pars
589 3387 762 3472 appellans
777 3408 798 3453 a
813 3389 986 3454 definitiva
1005 3409 1074 3454 non
1088 3387 1270 3472 appellavit
1290 3387 1333 3454 ab
1354 3385 1532 3452 interlocu-

362 3495 462 3572 toria,
487 3515 562 3580 quae
587 3497 762 3582 principali
792 3498 1000 3580 praejudicat,
1026 3499 1133 3582 judex
1164 3499 1213 3562 ud
1235 3517 1335 3581 quaem
1359 3496 1532 3562 revocabit

360 3603 659 3683 interlocutoriam,
676 3625 754 3670 cum
769 3607 866 3671 aliter
880 3625 982 3672 cansa
993 3607 1185 3690 principalis
1205 3607 1354 3690 expediri
1371 3611 1528 3688 nequeat.

399 3713 431 3773 5ο
456 3712 652 3788 Quaeritur:
680 3713 735 3778 An
762 3715 936 3799 appellens
960 3735 982 3778 a
1006 3717 1172 3778 sententio
1194 3715 1319 3795 judicis
1346 3713 1388 3780 ad
1416 3731 1529 3797 quem,

361 3819 531 3902 appellare
541 3821 676 3903 possit?
690 3821 854 3898 Quaelibet
871 3841 949 3905 pars
968 3823 1019 3886 bis
1039 3823 1075 3886 in
1097 3823 1217 3887 eadem
1240 3841 1343 3888 causa
1363 3820 1530 3905 appellare

360 3932 482 4008 potest,
508 3947 577 3992 non
597 3937 712 3994 aulem
728 3937 789 4007 ter,
807 3931 861 3995 vel
884 3931 972 3996 ultra
987 3935 1024 4012 (c.
1048 3933 1088 3996 65
1103 3933 1136 3995 h.
1155 3933 1202 4016 t),
1222 3951 1260 3996 ac
1275 3930 1417 4014 proinde
1433 3931 1490 4012 qui
1512 3947 1532 3992 a

361 4037 530 4100 sententia
540 4036 714 4102 definitiva
725 4039 848 4120 judicis
859 4060 880 4102 a
895 4059 960 4122 quo
974 4039 1166 4123 appellavit,
1183 4041 1293 4106 adhue
1306 4038 1413 4104 semel
1428 4055 1532 4102 asen-

363 4145 466 4208 tentia
480 4145 655 4211 dellnitiva
666 4147 789 4230 judicis
804 4147 1038 4232 appellationis
1052 4147 1221 4231 appellare
1236 4150 1370 4232 poterit,
1388 4148 1447 4212 sed
1462 4165 1530 4211 nou

362 4252 458 4328 ultra,
478 4273 520 4318 ne
538 4253 781 4338 appellationes
795 4257 879 4320 llant
893 4257 1050 4330 inssnitae3
1067 4262 1139 4320 tum
1161 4257 1241 4339 quia
1257 4275 1319 4338 pro
1336 4257 1442 4320 tribus
1458 4271 1531 4320 sen·

363 4362 475 4426 tentiis
497 4363 728 4428 conformibus
744 4369 811 4428 stat
824 4365 973 4429 maxima
985 4365 1206 4448 praesumptio
1226 4365 1376 4448 justitiae.
1395 4361 1531 4440 Quodsi

361 4473 529 4535 sententia
544 4473 578 4535 in
594 4472 743 4537 secunda
757 4469 981 4556 appellatione
1000 4473 1265 4563 reformataluit,
1281 4473 1368 4554 parti
1379 4472 1530 4536 adversm

361 4579 396 4640 in
411 4595 452 4642 ea
465 4580 561 4642 viola
577 4580 773 4645 conceditur
787 4580 912 4663 duplex
925 4579 1116 4662 appellatio,
1133 4583 1171 4643 ut
1189 4585 1345 4643 servetur
1357 4579 1530 4662 aequalitas

361 4689 449 4751 inter
462 4687 644 4768 litigantes.
