3488 5568
569 583 656 630 LIBER
676 585 803 632 neamus
825 584 1044 631 accumulabit.

634 935 848 1012 TITULUS
879 935 979 1010 XLI.

235 1115 272 1160 DE
292 1113 515 1162 cabannartoaa
534 1115 683 1162 urssaaun
702 1109 739 1161 ΕΤ
757 1113 953 1162 eleanbearo
972 1107 1182 1160 Edebaarsrlts
1201 1111 1239 1160 BT
1260 1108 1374 1160 DIVINIS

739 1213 873 1260 omens.

256 1522 350 1586 Nom.
368 1523 399 1586 l⁰
410 1523 625 1588 consecratio
640 1522 797 1587 clunium
813 1525 848 1585 et
860 1519 1081 1586 ecclesarium
1104 1537 1146 1584 eo
1167 1517 1398 1603 principaliter

217 1629 382 1708 dirigitur,
400 1635 439 1694 ut
450 1629 576 1694 ibidem
592 1629 693 1710 digne
707 1629 891 1693 celebratio
898 1628 1082 1692 missarum
1093 1627 1256 1693 etlaudes
1270 1627 1395 1692 ffivina

214 1737 454 1822 persolvantur
468 1758 475 1800 :
489 1738 594 1818 igitur
608 1742 700 1801 recto
714 1736 833 1801 ordine
847 1741 926 1819 post
939 1735 1232 1800 consecrationem
1242 1734 1394 1799 aeclesiae

215 1847 370 1929 sequitur
403 1845 445 1910 dc
470 1845 698 1910 celebratione
724 1845 837 1910 missae
866 1849 900 1908 et
925 1843 1070 1908 aliorum
1097 1843 1292 1908 divinorum
1320 1843 1396 1908 olii·

214 1954 356 2017 ciorum.

254 2061 373 2126 Paucis
396 2062 488 2126 hunc
503 2061 639 2126 titulum
663 2062 897 2145 expediemus,
926 2061 1086 2145 ponendo
1113 2060 1226 2125 solum
1254 2078 1396 2144 eaquae

213 2169 326 2232 iorum
341 2170 543 2234 canonicum
559 2170 707 2233 strictius
722 2171 943 2234 concernunt.
960 2169 1064 2234 Plena
1076 2169 1180 2250 hujus
1203 2165 1293 2231 tituli
1317 2167 1396 2232 doc-

214 2276 303 2339 trina
316 2275 505 2340 haurienda
519 2281 572 2340 cst
586 2295 629 2340 ex
643 2275 826 2358 theologia,
840 2275 1028 2358 prasertim
1039 2275 1170 2351 morali,
1182 2291 1257 2360 qnae
1274 2277 1396 2339 tractat

214 2383 286 2446 sive
303 2382 344 2446 de
359 2381 415 2446 SS.
432 2383 650 2449 Eucharistiae
668 2388 893 2459 sacramento,
911 2388 1013 2467 atque
1033 2383 1075 2448 de
1089 2383 1211 2446 ritibus
1232 2387 1267 2447 et
1293 2399 1396 2446 caere-

213 2491 338 2554 moniis
353 2491 387 2554 in
400 2491 513 2555 missae
528 2491 767 2566 celebratione,
785 2491 858 2556 sive
874 2491 915 2556 de
938 2491 1032 2555 horis
1056 2489 1228 2555 canonicis
1250 2489 1394 2574 albeme

213 2597 338 2662 divinis
352 2599 472 2663 ofssciis
493 2599 528 2663 in
549 2597 696 2664 Ecclesia
722 2600 796 2664 tleri
824 2599 942 2665 solitis.
973 2598 1119 2664 Robrica
1142 2599 1215 2682 buj.
1243 2598 1293 2662 tit.
1319 2598 1393 2662 heac

213 2707 329 2770 omnia
338 2706 584 2789 complectitur,
595 2711 630 2771 et
643 2707 800 2771 nonnulli
812 2705 998 2772 canonistee
1013 2707 1049 2770 in
1063 2705 1216 2772 hocloco
1231 2710 1340 2787 agunt
1350 2705 1392 2769 de

212 2819 426 2878 sacramento
441 2819 475 2880 et
486 2814 650 2880 sacrificio
666 2815 900 2890 eucharistico,
917 2818 1019 2898 atque
1034 2812 1076 2878 de
1091 2813 1215 2878 divinis
1230 2813 1361 2878 ciliciis.

250 2921 284 2982 2⁰
298 2919 336 2983 ln
360 2922 527 3003 superiori
543 2921 653 2998 titulo,
679 2921 985 2986 determinavimus
1007 2938 1047 2985 aa
1073 2939 1149 3004 quae
1169 2923 1325 3003 spectant
1348 2919 1392 2984 ad

209 3029 325 3094 locum
339 3031 374 3094 in
391 3049 458 3116 quo
473 3031 635 3096 celebrari
647 3032 780 3115 possint
803 3035 837 3096 et
860 3031 1008 3096 debeant
1035 3031 1175 3095 missae:
1202 3029 1268 3095 tria
1287 3030 1393 3110 igitur

210 3145 390 3202 remanent
402 3139 627 3222 expendenda
644 3162 650 3202 :
668 3142 700 3203 10
716 3157 791 3225 quae
807 3141 851 3204 sit
862 3139 1025 3222 obligatio
1044 3139 1235 3223 applicandi
1245 3139 1390 3214 missas;

209 3245 241 3308 2⁰
257 3266 301 3310 an
320 3251 355 3310 et
370 3267 391 3311 a
408 3267 477 3331 quo
498 3250 612 3312 missae
627 3251 760 3332 possint
787 3249 828 3314 ad
852 3267 1037 3314 numerum
1059 3249 1230 3312 minorem
1254 3245 1388 3321 reduci;

209 3355 348 3419 tandem
361 3355 394 3419 30
409 3357 467 3440 qui
482 3361 664 3422 mnaantur
676 3357 719 3423 ad
733 3357 893 3423 dicendas
909 3359 1012 3423 boras
1027 3357 1221 3422 canonicas.

653 3575 789 3638 SECTIO
809 3577 944 3638 PRIMA.

344 3719 392 3771 De
413 3719 615 3785 obligatione
636 3719 828 3773 celebrandi
849 3723 885 3773 et
905 3719 1098 3786 applicandi
1118 3719 1251 3774 minna.

397 3887 411 3953 ς
427 3887 448 3942 l.
464 3885 506 3944 be
518 3885 708 3960 elimatione,
724 3893 854 3961 tempore
868 3893 897 3946 et
910 3886 996 3946 niodo
1009 3885 1191 3946 cabanaria

620 4047 640 4096 1.
655 4041 793 4110 obligatio
805 4043 977 4098 celebrandi.

248 4159 281 4240 a)
298 4157 436 4223 Certum
450 4168 500 4224 est
518 4161 550 4224 l⁰
570 4159 665 4224 nulla
688 4159 765 4242 lege
788 4160 904 4226 divina
920 4160 977 4225 vel
997 4161 1150 4226 humana
1171 4160 1387 4226 sacerdotem

209 4264 348 4346 obligari
365 4285 408 4329 ex
424 4268 458 4330 vi
471 4267 610 4344 ordinis,
627 4268 670 4333 ad
685 4269 834 4352 quotidie
856 4268 1118 4344 celebrandum;
1142 4288 1203 4352 per
1217 4287 1254 4332 se
1270 4271 1387 4333 tamen

207 4373 392 4456 loquendo,
404 4375 503 4440 valde
518 4377 713 4441 consultum
730 4383 783 4442 est
801 4383 836 4443 et
857 4379 983 4442 decens
998 4383 1036 4442 ut
1050 4378 1201 4462 quotidie
1223 4375 1383 4442 celebret.

207 4477 293 4544 Dicit
309 4482 452 4546 enimv.
469 4483 560 4548 Beda
573 4487 696 4549 citatus
711 4505 731 4550 a
753 4485 897 4564 Gabriel,
924 4490 1048 4570 etpost
1068 4504 1149 4550 eum
1162 4486 1206 4550 ab
1224 4484 1385 4550 omnibus

206 4588 277 4649 iere
290 4589 497 4654 canonistis:
523 4591 719 4656 «Sacerdos
743 4611 814 4672 non
836 4593 989 4674 legitime
1010 4593 1192 4676 impeditus
1211 4591 1383 4656 celebrare

207 4696 380 4772 omittens,
408 4702 624 4782 quantumin
649 4719 690 4766 eo
706 4706 768 4778 est,
797 4702 908 4787 privat
935 4700 990 4765 SS.
1010 4701 1206 4765 Trinitatem
1226 4698 1327 4764 laude
1349 4703 1384 4762 et
