3488 5564
521 583 609 630 nmen
629 583 781 632 sscurnus
803 583 1022 632 osonursnmu.
1319 562 1356 626 67

182 701 414 800 dispositione
422 704 511 786 juris
524 701 787 787 apprehensioni
810 721 903 769 verae
926 700 1117 786 aequivalet,
1134 704 1170 768 et
1184 698 1276 763 illius
1288 699 1359 764 vim

182 813 323 880 obtinet.
347 813 475 878 Loeum
487 811 591 878 hehet
604 812 687 876 dum
700 831 756 878 res
771 811 916 878 traditur
929 812 972 876 eb
993 811 1134 895 antiquo
1147 825 1357 893 possessore,

181 920 248 998 vel,
265 919 436 1004 ejuslooo,
453 919 653 986 auotoritnte
668 921 802 1004 publius
815 940 848 986 v.
861 939 894 1004 g.
906 939 969 1004 per
980 918 1198 985 traditionem
1212 915 1360 984 clavium
1445 931 1447 936 “

180 1028 238 1094 vel
249 1029 481 1094 instrumenti.

220 1137 254 1201 3·
268 1136 500 1220 Dispositione
516 1134 614 1219 legis.
638 1137 772 1203 Etenim
795 1139 932 1222 quando
957 1137 1082 1222 duplex
1115 1136 1271 1220 superius
1306 1133 1361 1200 de-

181 1245 306 1328 seriptu
319 1245 545 1328 apprehensio
558 1263 628 1310 non
640 1245 780 1323 aceedit,
797 1251 871 1310 tum
886 1247 1041 1328 exsurgit
1054 1245 1198 1329 quaestio
1213 1264 1220 1306 :
1240 1243 1360 1306 Utrum

176 1354 289 1438 possit
307 1353 441 1436 acquiri
450 1354 615 1438 possessio
638 1355 707 1418 solo
727 1354 807 1435 jure
825 1352 984 1439 positivo,
1003 1355 1053 1419 ita
1066 1352 1188 1417 uites
1196 1351 1361 1436 possessio

182 1479 298 1526 omnes
313 1459 449 1543 effectus
462 1479 549 1526 verse
561 1461 834 1546 apprehensionis
846 1461 996 1526 lubeat?
1010 1460 1051 1524 Et
1066 1459 1192 1542 duplex
1206 1465 1259 1524 est
1272 1457 1363 1542 epud

180 1569 377 1634 esnonistes
403 1570 583 1634 sententis.
595 1569 751 1634 Afflrmut
763 1571 887 1647 verior,
910 1570 990 1654 quie
1003 1568 1187 1653 possessio,
1204 1566 1362 1650 illiusque

182 1665 341 1754 effeetus,
351 1678 429 1759 Jure
445 1675 557 1740 solum
573 1677 720 1760 positivo
735 1677 865 1742 inducti
879 1682 970 1742 sunt.

222 1784 253 1866 b)
268 1785 316 1849 lle
336 1785 554 1868 possessione
569 1783 626 1849 vel
648 1785 978 1870 quusi-possessione
1003 1803 1120 1850 rerum
1149 1784 1364 1868 incorporeu-

181 1909 261 1956 rum
276 1909 337 1956 seu
348 1892 491 1975 jurium.
506 1891 681 1958 Possessio
693 1887 825 1976 jurium
839 1892 1267 1977 liestmonam-possessio,
1286 1891 1365 1974 quie

181 2001 359 2066 intellectu
371 2007 515 2078 tentum,
532 2020 603 2067 non
618 2020 722 2066 sensu
738 2003 982 2086 percipiuntur,
999 2006 1034 2067 et
1056 2001 1134 2066 ideo
1149 2000 1284 2084 proprie
1301 2017 1365 2064 neo

181 2109 412 2194 possidentur,
429 2127 492 2174 neo
506 2109 696 2176 medentur.
713 2111 848 2194 Aequiri
862 2115 976 2194 potest
990 2129 997 2173 :
1021 2110 1053 2173 l·
1066 2108 1179 2194 quoud
1197 2111 1278 2192 jure
1289 2123 1364 2192 quse

182 2215 352 2282 inhaerent
364 2217 414 2282 rei
429 2217 608 2302 corporali,
627 2223 666 2282 ut
690 2223 771 2282 sunt
792 2219 986 2295 servitutes,
1002 2237 1064 2302 per
1077 2217 1365 2283 introduotionem
1411 2235 1414 2246 ’

182 2343 245 2390 ssu
260 2325 509 2393 immissionem
537 2327 573 2390 in
586 2325 734 2391 fundum
749 2326 806 2410 qui
821 2327 950 2392 servire
964 2325 1077 2402 dehet,
1091 2325 1147 2390 vel
1160 2342 1223 2409 per
1237 2323 1366 2389 exerei-

182 2433 270 2498 tium
287 2454 349 2499 seu
363 2453 465 2500 usum
483 2435 658 2501 servitutis
682 2439 846 2519 tunquam
863 2435 926 2500 sibi
948 2435 1090 2512 debitae3
1109 2435 1142 2498 9⁰
1158 2432 1270 2517 quoad
1287 2433 1366 2515 jure

182 2561 260 2628 quse
275 2541 360 2608 nulli
374 2542 541 2626 corporali
565 2543 615 2608 rei
628 2542 806 2619 inhaerent,
827 2561 890 2626 per
904 2541 1074 2627 ejusmodi
1092 2542 1223 2626 jurium
1249 2558 1362 2615 usum,

184 2651 368 2716 assedente
389 2651 531 2718 seientia
553 2657 588 2718 et
600 2651 765 2735 potientis
785 2651 876 2716 illius
896 2651 939 2716 ud
959 2671 1062 2736 quem
1085 2651 1234 2734 pertinet
1247 2667 1365 2714 conoe·

183 2759 265 2824 dere
275 2760 542 2843 possessionem,
559 2759 616 2824 vel
628 2759 659 2824 ei
675 2758 835 2824 resistere
850 2779 912 2825 seu
927 2760 1086 2825 resistere
1101 2760 1191 2824 uolui
1207 2776 1274 2842 quo
1289 2757 1365 2841 quis

181 2867 439 2952 apprehendere
454 2874 598 2933 sonetur
612 2868 704 2952 (Vide
721 2867 869 2951 theolog.
888 2871 982 2933 trsot.
1005 2867 1047 2933 cie
1060 2867 1201 2933 lustitia
1215 2875 1249 2931 et
1259 2866 1362 2949 lure).
1408 2942 1416 2960 ἱ

223 2974 262 3038 ΙΙ.
283 2975 381 3042 Medi
399 2975 586 3042 amittendi
594 2977 850 3060 possessionem.

223 3085 363 3150 Duobus
379 3085 490 3151 modis
505 3086 673 3152 amittitur
684 3087 868 3170 possessio,
885 3087 1048 3152 nimirum
1060 3085 1197 3152 volente
1213 3083 1362 3160 domino,

183 3193 299 3258 velen
314 3193 463 3260 nolente.
1196 3275 1201 3288 Ι

223 3303 257 3385 α)
272 3301 414 3367 volente
430 3301 580 3380 domino,
597 3308 730 3368 eertum
744 3307 798 3370 est
811 3303 843 3368 l⁰
859 3321 936 3368 eam
952 3301 1063 3368 emitti
1075 3302 1278 3386 quendores
1286 3319 1366 3385 pos-

181 3427 280 3476 sesse
304 3411 508 3496 relinquitur
526 3413 642 3477 animo
665 3412 767 3476 simul
790 3416 825 3476 et
845 3428 1005 3495 eorpore3
1020 3411 1053 3475 Ψ
1076 3429 1146 3475 non
1169 3409 1279 3476 emitti
1291 3409 1364 3475 solo

181 3537 325 3603 sulpure
346 3511 601 3602 possessionem
614 3520 761 3596 civilem,
790 3521 869 3604 quis
892 3519 936 3584 ed
956 3519 1045 3584 hene
1058 3519 1273 3584 retinendam
1294 3517 1366 3602 ple-

182 3645 330 3711 rumque
346 3627 472 3692 sullleit
484 3627 557 3692 solo
572 3628 688 3693 animo
699 3627 885 3712 possidere.
901 3629 933 3692 3·
947 3627 1095 3691 Dubium
1108 3631 1161 3691 est
1174 3645 1218 3692 en
1232 3644 1366 3709 posses-

181 3735 235 3802 sio
250 3735 361 3800 smitti
382 3737 492 3820 possit
515 3735 589 3801 solo
611 3735 750 3801 animo:
775 3755 808 3800 v.
825 3755 859 3817 g.
882 3735 910 3799 si
935 3735 1010 3820 quis
1034 3752 1179 3800 manens
1200 3735 1236 3798 in
1258 3733 1363 3798 tundo

181 3861 288 3927 quem
301 3842 398 3909 alteri
412 3843 577 3921 vendidit,
593 3843 677 3908 velit
696 3842 809 3926 ipsum
822 3861 893 3908 non
907 3841 1054 3926 emplius
1069 3861 1143 3920 suo,
1160 3841 1221 3906 sed
1236 3845 1364 3924 empto·
1472 3861 1476 3867 ’

181 3951 231 4015 ris
247 3949 388 4016 nomine
410 3949 597 4034 possidere,
614 3987 654 3998 -
674 3955 790 4014 utrum
808 3951 955 4015 retineat
968 3949 1223 4033 possessionem
1241 3947 1365 4012 fundit

183 4057 265 4123 liner
279 4059 559 4136 suntsententiae‚
568 4076 716 4142 ¹querum
730 4059 845 4124 verior
854 4061 889 4122 et
897 4059 1113 4122 communior
1127 4057 1275 4122 slllrmet
1287 4073 1365 4138 pos·

182 4165 374 4231 sessionem
389 4165 462 4231 solo
472 4167 587 4232 animo
596 4165 717 4242 emitti,
731 4165 948 4250 quiufuoilius
960 4163 1126 4230 emittitur
1136 4181 1239 4249 quam
1252 4163 1364 4247 aequi·
1410 4206 1414 4215 -

183 4274 285 4351 ritur;
302 4280 337 4338 et
349 4273 428 4340 ideo
443 4293 513 4340 non
527 4273 619 4339 velet
630 4273 717 4339 ratio
731 4273 878 4338 sdduete
892 4273 934 4338 ab
950 4271 1165 4347 adversariis,
1192 4271 1282 4354 quod
1303 4271 1365 4334 soi-

181 4379 262 4446 lioet
275 4382 449 4465 possessio
460 4381 533 4447 solo
548 4381 664 4447 animo
679 4399 749 4446 non
763 4381 967 4465 acquiretur.

225 4489 255 4572 h)
269 4489 412 4556 Nolente
426 4495 487 4555 sut
499 4491 680 4572 ignorante
705 4489 855 4566 domino,
871 4489 1044 4573 possessio
1059 4506 1175 4554 rerum
1189 4485 1363 4552 mobilium

181 4597 285 4664 variis
308 4597 421 4662 modis
436 4599 613 4674 emittitur,
637 4597 830 4682 praesertim
850 4587 907 4662 :l⁰
922 4617 984 4682 per
1002 4599 1133 4662 lurtum
1149 4599 1184 4660 et
1208 4595 1363 4679 rapinum

181 4705 340 4782 alterium
357 4707 390 4769 θ’
401 4725 465 4788 per
476 4705 632 4772 fraudem
643 4705 849 4790 depositorii,
862 4743 901 4756 -
911 4707 938 4770 si
947 4707 1011 4772 iste
1023 4725 1097 4772 rem
1107 4705 1197 4789 apud
1210 4723 1247 4768 se
1262 4701 1362 4786 depo·
