<?xml version="1.0" encoding="UTF-8"?>
<!DOCTYPE html PUBLIC "-//W3C//DTD XHTML 1.0 Transitional//EN"
    "http://www.w3.org/TR/xhtml1/DTD/xhtml1-transitional.dtd">
<html xmlns="http://www.w3.org/1999/xhtml" xml:lang="en" lang="en">
 <head>
  <title>
</title>
<meta http-equiv="Content-Type" content="text/html;charset=utf-8" />
  <meta name='ocr-system' content='tesseract 3.04.00' />
  <meta name='ocr-capabilities' content='ocr_page ocr_carea ocr_par ocr_line ocrx_word'/>
</head>
<body>
  <div class='ocr_page' id='page_1' title='image "./juscanonicumjux00grangoog_0059.png"; bbox 0 0 3488 5564; ppageno 0'>
   <div class='ocr_carea' id='block_1_1' title="bbox 505 533 1342 595">
    <p class='ocr_par' dir='ltr' id='par_1_1' title="bbox 505 533 1342 595">
     <span class='ocr_line' id='line_1_1' title="bbox 505 533 1342 595; baseline 0.008 -7"><span class='ocrx_word' id='word_1_1' title='bbox 505 544 590 590; x_wconf 76' lang='lat' dir='ltr'>tura</span> <span class='ocrx_word' id='word_1_2' title='bbox 614 545 766 594; x_wconf 81' lang='lat' dir='ltr'>secaneos</span> <span class='ocrx_word' id='word_1_3' title='bbox 787 549 1008 595; x_wconf 72' lang='lat' dir='ltr'>coenaremus.</span> <span class='ocrx_word' id='word_1_4' title='bbox 1304 533 1342 595; x_wconf 73' lang='lat'>47</span> 
     </span>
    </p>
   </div>
   <div class='ocr_carea' id='block_1_2' title="bbox 165 659 1344 1180">
    <p class='ocr_par' dir='ltr' id='par_1_2' title="bbox 165 659 1344 1180">
     <span class='ocr_line' id='line_1_2' title="bbox 170 659 1344 750; baseline 0.007 -28"><span class='ocrx_word' id='word_1_5' title='bbox 170 659 284 725; x_wconf 77' lang='lat' dir='ltr'>feriato</span> <span class='ocrx_word' id='word_1_6' title='bbox 308 681 314 722; x_wconf 93' lang='lat'>:</span> <span class='ocrx_word' id='word_1_7' title='bbox 341 660 389 724; x_wconf 88' lang='lat' dir='ltr'>sie</span> <span class='ocrx_word' id='word_1_8' title='bbox 411 679 432 724; x_wconf 90' lang='lat' dir='ltr'>a</span> <span class='ocrx_word' id='word_1_9' title='bbox 453 661 551 726; x_wconf 90' lang='lat' dir='ltr'>titulo</span> <span class='ocrx_word' id='word_1_10' title='bbox 575 663 630 725; x_wconf 87' lang='lat' dir='ltr'>vlt</span> <span class='ocrx_word' id='word_1_11' title='bbox 652 665 694 730; x_wconf 92' lang='lat' dir='ltr'>ad</span> <span class='ocrx_word' id='word_1_12' title='bbox 719 665 856 730; x_wconf 91' lang='lat' dir='ltr'>titulum</span> <span class='ocrx_word' id='word_1_13' title='bbox 880 666 933 728; x_wconf 79' lang='lat' dir='ltr'>tx.</span> <span class='ocrx_word' id='word_1_14' title='bbox 958 665 1202 750; x_wconf 71' lang='lat' dir='ltr'>antiquando</span> <span class='ocrx_word' id='word_1_15' title='bbox 1236 667 1270 730; x_wconf 92' lang='lat' dir='ltr'>in</span> <span class='ocrx_word' id='word_1_16' title='bbox 1292 685 1344 730; x_wconf 88' lang='lat' dir='ltr'>co-</span> 
     </span>
     <span class='ocr_line' id='line_1_3' title="bbox 169 769 1344 858; baseline 0.004 -27"><span class='ocrx_word' id='word_1_17' title='bbox 169 769 372 849; x_wconf 77' lang='lat' dir='ltr'>quitienibus</span> <span class='ocrx_word' id='word_1_18' title='bbox 400 769 483 834; x_wconf 91' lang='lat' dir='ltr'>erdo</span> <span class='ocrx_word' id='word_1_19' title='bbox 512 775 626 834; x_wconf 88' lang='lat' dir='ltr'>rectus</span> <span class='ocrx_word' id='word_1_20' title='bbox 650 773 751 837; x_wconf 87' lang='lat' dir='ltr'>debet</span> <span class='ocrx_word' id='word_1_21' title='bbox 766 774 868 839; x_wconf 87' lang='lat' dir='ltr'>etiam</span> <span class='ocrx_word' id='word_1_22' title='bbox 890 774 1036 850; x_wconf 88' lang='lat' dir='ltr'>institui,</span> <span class='ocrx_word' id='word_1_23' title='bbox 1054 774 1189 858; x_wconf 91' lang='lat' dir='ltr'>quando</span> <span class='ocrx_word' id='word_1_24' title='bbox 1218 773 1344 838; x_wconf 88' lang='lat' dir='ltr'>scilieet</span> 
     </span>
     <span class='ocr_line' id='line_1_4' title="bbox 168 875 1344 964; baseline 0.006 -27"><span class='ocrx_word' id='word_1_25' title='bbox 168 875 277 957; x_wconf 88' lang='lat' dir='ltr'>plures</span> <span class='ocrx_word' id='word_1_26' title='bbox 303 876 454 940; x_wconf 74' lang='lat' dir='ltr'><strong>actiones</strong></span> <span class='ocrx_word' id='word_1_27' title='bbox 483 896 503 942; x_wconf 86' lang='lat' dir='ltr'>a</span> <span class='ocrx_word' id='word_1_28' title='bbox 528 877 642 960; x_wconf 89' lang='lat' dir='ltr'>judice</span> <span class='ocrx_word' id='word_1_29' title='bbox 670 884 750 943; x_wconf 89' lang='lat' dir='ltr'>sunt</span> <span class='ocrx_word' id='word_1_30' title='bbox 777 880 1028 956; x_wconf 77' lang='lat' dir='ltr'>examinandae,</span> <span class='ocrx_word' id='word_1_31' title='bbox 1055 900 1131 964; x_wconf 68' lang='lat' dir='ltr'>quaa</span> <span class='ocrx_word' id='word_1_32' title='bbox 1159 881 1344 946; x_wconf 88' lang='lat' dir='ltr'>incudem</span> 
     </span>
     <span class='ocr_line' id='line_1_5' title="bbox 165 983 1341 1071; baseline 0.005 -25"><span class='ocrx_word' id='word_1_33' title='bbox 165 983 290 1065; x_wconf 84' lang='lat' dir='ltr'>judicie</span> <span class='ocrx_word' id='word_1_34' title='bbox 305 990 514 1049; x_wconf 88' lang='lat' dir='ltr'>concurrunt</span> <span class='ocrx_word' id='word_1_35' title='bbox 528 987 618 1049; x_wconf 89' lang='lat' dir='ltr'>inter</span> <span class='ocrx_word' id='word_1_36' title='bbox 633 987 771 1051; x_wconf 89' lang='lat' dir='ltr'>easdem</span> <span class='ocrx_word' id='word_1_37' title='bbox 786 1007 950 1071; x_wconf 81' lang='lat' dir='ltr'><strong>personas</strong></span> <span class='ocrx_word' id='word_1_38' title='bbox 973 1009 980 1050; x_wconf 93' lang='lat'>:</span> <span class='ocrx_word' id='word_1_39' title='bbox 995 989 1074 1052; x_wconf 89' lang='lat' dir='ltr'>hine</span> <span class='ocrx_word' id='word_1_40' title='bbox 1096 988 1183 1052; x_wconf 88' lang='lat' dir='ltr'>tituli</span> <span class='ocrx_word' id='word_1_41' title='bbox 1198 989 1226 1052; x_wconf 82' lang='grc' dir='ltr'>Χ</span> <span class='ocrx_word' id='word_1_42' title='bbox 1241 993 1275 1052; x_wconf 88' lang='lat' dir='ltr'>et</span> <span class='ocrx_word' id='word_1_43' title='bbox 1288 989 1341 1053; x_wconf 81' lang='lat' dir='ltr'>xl.</span> 
     </span>
     <span class='ocr_line' id='line_1_6' title="bbox 167 1090 1342 1180; baseline 0.006 -27"><span class='ocrx_word' id='word_1_44' title='bbox 167 1090 314 1155; x_wconf 88' lang='lat' dir='ltr'>Tandem</span> <span class='ocrx_word' id='word_1_45' title='bbox 326 1093 359 1154; x_wconf 81' lang='lat' dir='ltr'>t·</span> <span class='ocrx_word' id='word_1_46' title='bbox 379 1093 479 1157; x_wconf 90' lang='lat' dir='ltr'>datur</span> <span class='ocrx_word' id='word_1_47' title='bbox 500 1094 584 1158; x_wconf 90' lang='lat' dir='ltr'>erdo</span> <span class='ocrx_word' id='word_1_48' title='bbox 606 1112 802 1171; x_wconf 88' lang='lat' dir='ltr'>causarum,</span> <span class='ocrx_word' id='word_1_49' title='bbox 824 1097 1042 1180; x_wconf 76' lang='lat' dir='ltr'><em>possessionis</em></span> <span class='ocrx_word' id='word_1_50' title='bbox 1064 1101 1097 1160; x_wconf 90' lang='lat' dir='ltr'>et</span> <span class='ocrx_word' id='word_1_51' title='bbox 1112 1098 1342 1180; x_wconf 77' lang='lat' dir='ltr'>proprietatis,</span> 
     </span>
    </p>
   </div>
   <div class='ocr_carea' id='block_1_3' title="bbox 167 1200 1344 1373">
    <p class='ocr_par' dir='ltr' id='par_1_3' title="bbox 167 1200 1344 1373">
     <span class='ocr_line' id='line_1_7' title="bbox 168 1200 1344 1280; baseline 0.004 -19"><span class='ocrx_word' id='word_1_52' title='bbox 168 1203 200 1262; x_wconf 89' lang='lat' dir='ltr'>et</span> <span class='ocrx_word' id='word_1_53' title='bbox 226 1200 342 1280; x_wconf 81' lang='lat' dir='ltr'>agitur</span> <span class='ocrx_word' id='word_1_54' title='bbox 369 1200 410 1264; x_wconf 91' lang='lat' dir='ltr'>de</span> <span class='ocrx_word' id='word_1_55' title='bbox 443 1201 642 1265; x_wconf 89' lang='lat' dir='ltr'>carumdem</span> <span class='ocrx_word' id='word_1_56' title='bbox 669 1221 849 1268; x_wconf 87' lang='lat' dir='ltr'>causarum</span> <span class='ocrx_word' id='word_1_57' title='bbox 876 1205 1106 1280; x_wconf 85' lang='lat' dir='ltr'>exsecutione,</span> <span class='ocrx_word' id='word_1_58' title='bbox 1132 1203 1268 1268; x_wconf 88' lang='lat' dir='ltr'>atitule</span> <span class='ocrx_word' id='word_1_59' title='bbox 1287 1203 1344 1268; x_wconf 85' lang='lat' dir='ltr'>XII</span> 
     </span>
     <span class='ocr_line' id='line_1_8' title="bbox 167 1306 468 1373; baseline 0.007 -3"><span class='ocrx_word' id='word_1_60' title='bbox 167 1306 207 1370; x_wconf 89' lang='lat' dir='ltr'>ad</span> <span class='ocrx_word' id='word_1_61' title='bbox 220 1307 360 1371; x_wconf 86' lang='lat' dir='ltr'>titulum</span> <span class='ocrx_word' id='word_1_62' title='bbox 373 1307 468 1373; x_wconf 86' lang='lat' dir='ltr'>xvn.</span> 
     </span>
    </p>
   </div>
   <div class='ocr_carea' id='block_1_4' title="bbox 593 1697 907 1774">
    <p class='ocr_par' dir='ltr' id='par_1_4' title="bbox 593 1697 907 1774">
     <span class='ocr_line' id='line_1_9' title="bbox 593 1697 907 1774; baseline 0 -2"><span class='ocrx_word' id='word_1_63' title='bbox 593 1697 809 1774; x_wconf 88' lang='lat' dir='ltr'>TITULUS</span> <span class='ocrx_word' id='word_1_64' title='bbox 843 1699 907 1774; x_wconf 86' lang='lat' dir='ltr'>vl.</span> 
     </span>
    </p>
   </div>
   <div class='ocr_carea' id='block_1_5' title="bbox 184 1869 1319 2010">
    <p class='ocr_par' dir='ltr' id='par_1_5' title="bbox 184 1869 1319 2010">
     <span class='ocr_line' id='line_1_10' title="bbox 184 1869 1319 1921; baseline 0.005 -6"><span class='ocrx_word' id='word_1_65' title='bbox 184 1869 220 1916; x_wconf 76' lang='lat' dir='ltr'>UT</span> <span class='ocrx_word' id='word_1_66' title='bbox 240 1872 309 1918; x_wconf 77' lang='lat' dir='ltr'>Ltt&#39;n</span> <span class='ocrx_word' id='word_1_67' title='bbox 330 1873 387 1918; x_wconf 84' lang='lat' dir='ltr'>NON</span> <span class='ocrx_word' id='word_1_68' title='bbox 406 1873 596 1919; x_wconf 78' lang='lat' dir='ltr'>CONTESTATA</span> <span class='ocrx_word' id='word_1_69' title='bbox 614 1875 673 1919; x_wconf 83' lang='lat' dir='ltr'>NON</span> <span class='ocrx_word' id='word_1_70' title='bbox 691 1875 888 1921; x_wconf 73' lang='lat' dir='ltr'>PROCEDATUR</span> <span class='ocrx_word' id='word_1_71' title='bbox 906 1876 946 1918; x_wconf 78' lang='lat' dir='ltr'>AD</span> <span class='ocrx_word' id='word_1_72' title='bbox 965 1875 1092 1920; x_wconf 82' lang='lat' dir='ltr'>TESTlUM</span> <span class='ocrx_word' id='word_1_73' title='bbox 1111 1873 1319 1921; x_wconf 75' lang='lat' dir='ltr'>nncnrrtom</span> 
     </span>
     <span class='ocr_line' id='line_1_11' title="bbox 482 1965 1028 2010; baseline -0.004 0"><span class='ocrx_word' id='word_1_74' title='bbox 482 1965 539 2010; x_wconf 80' lang='lat' dir='ltr'>VEL</span> <span class='ocrx_word' id='word_1_75' title='bbox 557 1966 596 2008; x_wconf 81' lang='lat' dir='ltr'>AD</span> <span class='ocrx_word' id='word_1_76' title='bbox 616 1965 803 2010; x_wconf 72' lang='lat' dir='ltr'><strong>SENTENTIAM</strong></span> <span class='ocrx_word' id='word_1_77' title='bbox 823 1965 1028 2008; x_wconf 77' lang='lat' dir='ltr'>nnrlnlrtvntt.</span> 
     </span>
    </p>
   </div>
   <div class='ocr_carea' id='block_1_6' title="bbox 163 2277 1343 2688">
    <p class='ocr_par' dir='ltr' id='par_1_6' title="bbox 163 2277 1343 2688">
     <span class='ocr_line' id='line_1_12' title="bbox 200 2277 1340 2363; baseline 0.004 -19"><span class='ocrx_word' id='word_1_78' title='bbox 200 2277 297 2344; x_wconf 81' lang='lat' dir='ltr'>Nem.</span> <span class='ocrx_word' id='word_1_79' title='bbox 321 2279 379 2345; x_wconf 85' lang='lat' dir='ltr'>Hic</span> <span class='ocrx_word' id='word_1_80' title='bbox 397 2281 515 2346; x_wconf 88' lang='lat' dir='ltr'>titulus</span> <span class='ocrx_word' id='word_1_81' title='bbox 538 2282 639 2347; x_wconf 89' lang='lat' dir='ltr'>tradit</span> <span class='ocrx_word' id='word_1_82' title='bbox 660 2281 814 2363; x_wconf 83' lang='lat' dir='ltr'>regulam</span> <span class='ocrx_word' id='word_1_83' title='bbox 836 2281 1032 2362; x_wconf 80' lang='lat' dir='ltr'>negativam</span> <span class='ocrx_word' id='word_1_84' title='bbox 1048 2287 1082 2346; x_wconf 90' lang='lat' dir='ltr'>et</span> <span class='ocrx_word' id='word_1_85' title='bbox 1101 2283 1340 2350; x_wconf 84' lang='lat' dir='ltr'>universalem.</span> 
     </span>
     <span class='ocr_line' id='line_1_13' title="bbox 164 2387 1342 2473; baseline 0.005 -23"><span class='ocrx_word' id='word_1_86' title='bbox 164 2387 240 2463; x_wconf 70' lang='lat' dir='ltr'>Quae</span> <span class='ocrx_word' id='word_1_87' title='bbox 257 2389 400 2472; x_wconf 89' lang='lat' dir='ltr'>quidem</span> <span class='ocrx_word' id='word_1_88' title='bbox 413 2390 533 2472; x_wconf 83' lang='lat' dir='ltr'>regula</span> <span class='ocrx_word' id='word_1_89' title='bbox 551 2391 688 2473; x_wconf 85' lang='lat' dir='ltr'>respicit</span> <span class='ocrx_word' id='word_1_90' title='bbox 706 2390 860 2454; x_wconf 81' lang='lat' dir='ltr'><strong>ordinem</strong></span> <span class='ocrx_word' id='word_1_91' title='bbox 880 2389 959 2466; x_wconf 89' lang='lat' dir='ltr'>litis,</span> <span class='ocrx_word' id='word_1_92' title='bbox 984 2397 1018 2452; x_wconf 89' lang='lat' dir='ltr'>et</span> <span class='ocrx_word' id='word_1_93' title='bbox 1037 2390 1113 2454; x_wconf 91' lang='lat' dir='ltr'>ideo</span> <span class='ocrx_word' id='word_1_94' title='bbox 1135 2411 1155 2455; x_wconf 89' lang='lat' dir='ltr'>a</span> <span class='ocrx_word' id='word_1_95' title='bbox 1183 2393 1280 2458; x_wconf 88' lang='lat' dir='ltr'>titulo</span> <span class='ocrx_word' id='word_1_96' title='bbox 1304 2393 1342 2456; x_wconf 82' lang='lat' dir='ltr'>n</span> 
     </span>
     <span class='ocr_line' id='line_1_14' title="bbox 163 2495 1343 2583; baseline 0.009 -29"><span class='ocrx_word' id='word_1_97' title='bbox 163 2495 314 2560; x_wconf 83' lang='lat' dir='ltr'>secunda</span> <span class='ocrx_word' id='word_1_98' title='bbox 330 2515 409 2578; x_wconf 87' lang='lat' dir='ltr'>pars</span> <span class='ocrx_word' id='word_1_99' title='bbox 424 2499 559 2561; x_wconf 90' lang='lat' dir='ltr'>initium</span> <span class='ocrx_word' id='word_1_100' title='bbox 574 2499 673 2580; x_wconf 92' lang='lat' dir='ltr'>capit.</span> <span class='ocrx_word' id='word_1_101' title='bbox 690 2498 792 2562; x_wconf 88' lang='lat' dir='ltr'>Juxta</span> <span class='ocrx_word' id='word_1_102' title='bbox 806 2497 901 2572; x_wconf 87' lang='lat' dir='ltr'>alios,</span> <span class='ocrx_word' id='word_1_103' title='bbox 926 2498 1061 2562; x_wconf 86' lang='lat' dir='ltr'>initium</span> <span class='ocrx_word' id='word_1_104' title='bbox 1082 2505 1217 2583; x_wconf 86' lang='lat' dir='ltr'>caperet</span> <span class='ocrx_word' id='word_1_105' title='bbox 1232 2519 1251 2564; x_wconf 91' lang='lat' dir='ltr'>a</span> <span class='ocrx_word' id='word_1_106' title='bbox 1266 2520 1343 2565; x_wconf 90' lang='lat' dir='ltr'>eon·</span> 
     </span>
     <span class='ocr_line' id='line_1_15' title="bbox 166 2604 978 2688; baseline 0.002 -22"><span class='ocrx_word' id='word_1_107' title='bbox 166 2606 345 2668; x_wconf 68' lang='lat' dir='ltr'>testatione</span> <span class='ocrx_word' id='word_1_108' title='bbox 358 2604 437 2680; x_wconf 89' lang='lat' dir='ltr'>litis,</span> <span class='ocrx_word' id='word_1_109' title='bbox 455 2605 514 2672; x_wconf 83' lang='lat' dir='ltr'>sed</span> <span class='ocrx_word' id='word_1_110' title='bbox 527 2606 650 2670; x_wconf 87' lang='lat' dir='ltr'>melius</span> <span class='ocrx_word' id='word_1_111' title='bbox 663 2625 683 2670; x_wconf 94' lang='lat' dir='ltr'>a</span> <span class='ocrx_word' id='word_1_112' title='bbox 698 2605 795 2668; x_wconf 88' lang='lat' dir='ltr'>titulo</span> <span class='ocrx_word' id='word_1_113' title='bbox 809 2607 978 2688; x_wconf 74' lang='lat' dir='ltr'>praesenti.</span> 
     </span>
    </p>
   </div>
   <div class='ocr_carea' id='block_1_7' title="bbox 482 2799 1020 2864">
    <p class='ocr_par' dir='ltr' id='par_1_7' title="bbox 482 2799 1020 2864">
     <span class='ocr_line' id='line_1_16' title="bbox 482 2799 1020 2864; baseline -0.004 -12"><span class='ocrx_word' id='word_1_114' title='bbox 482 2799 654 2864; x_wconf 75' lang='lat' dir='ltr'>expanditur</span> <span class='ocrx_word' id='word_1_115' title='bbox 670 2800 713 2852; x_wconf 85' lang='lat' dir='ltr'>vis</span> <span class='ocrx_word' id='word_1_116' title='bbox 729 2801 758 2852; x_wconf 94' lang='lat' dir='ltr'>et</span> <span class='ocrx_word' id='word_1_117' title='bbox 774 2811 875 2851; x_wconf 88' lang='lat' dir='ltr'>sensus</span> <span class='ocrx_word' id='word_1_118' title='bbox 893 2799 1020 2852; x_wconf 78' lang='lat' dir='ltr'>rubricae.</span> 
     </span>
    </p>
   </div>
   <div class='ocr_carea' id='block_1_8' title="bbox 115 2932 1341 4753">
    <p class='ocr_par' dir='ltr' id='par_1_8' title="bbox 163 2932 1341 3776">
     <span class='ocr_line' id='line_1_17' title="bbox 201 2932 1338 3024; baseline 0.004 -28"><span class='ocrx_word' id='word_1_119' title='bbox 201 2932 223 2996; x_wconf 87' lang='lat' dir='ltr'>i.</span> <span class='ocrx_word' id='word_1_120' title='bbox 239 2933 344 3000; x_wconf 84' lang='lat' dir='ltr'>Juxta</span> <span class='ocrx_word' id='word_1_121' title='bbox 356 2933 444 3000; x_wconf 90' lang='lat' dir='ltr'>hanc</span> <span class='ocrx_word' id='word_1_122' title='bbox 462 2935 627 3016; x_wconf 84' lang='lat' dir='ltr'>regulam,</span> <span class='ocrx_word' id='word_1_123' title='bbox 643 2935 818 3017; x_wconf 87' lang='lat' dir='ltr'>injudicio</span> <span class='ocrx_word' id='word_1_124' title='bbox 833 2933 998 3016; x_wconf 83' lang='lat' dir='ltr'>plenarie,</span> <span class='ocrx_word' id='word_1_125' title='bbox 1018 2954 1081 2999; x_wconf 91' lang='lat' dir='ltr'>nec</span> <span class='ocrx_word' id='word_1_126' title='bbox 1101 2941 1206 3002; x_wconf 87' lang='lat' dir='ltr'>testes</span> <span class='ocrx_word' id='word_1_127' title='bbox 1225 2939 1338 3024; x_wconf 86' lang='lat' dir='ltr'>recipi,</span> 
     </span>
     <span class='ocr_line' id='line_1_18' title="bbox 164 3041 1338 3126; baseline 0.005 -24"><span class='ocrx_word' id='word_1_128' title='bbox 164 3060 222 3105; x_wconf 91' lang='lat' dir='ltr'>nec</span> <span class='ocrx_word' id='word_1_129' title='bbox 244 3043 418 3107; x_wconf 88' lang='lat' dir='ltr'>sententia</span> <span class='ocrx_word' id='word_1_130' title='bbox 440 3041 615 3107; x_wconf 83' lang='lat' dir='ltr'>definitiva</span> <span class='ocrx_word' id='word_1_131' title='bbox 638 3042 718 3106; x_wconf 85' lang='lat' dir='ltr'>ferri</span> <span class='ocrx_word' id='word_1_132' title='bbox 743 3049 857 3126; x_wconf 87' lang='lat' dir='ltr'>potest</span> <span class='ocrx_word' id='word_1_133' title='bbox 880 3049 959 3108; x_wconf 88' lang='lat' dir='ltr'>anta</span> <span class='ocrx_word' id='word_1_134' title='bbox 982 3043 1078 3108; x_wconf 89' lang='lat' dir='ltr'>litem</span> <span class='ocrx_word' id='word_1_135' title='bbox 1101 3051 1338 3110; x_wconf 72' lang='lat' dir='ltr'>contestatam.</span> 
     </span>
     <span class='ocr_line' id='line_1_19' title="bbox 165 3148 1341 3234; baseline 0.004 -24"><span class='ocrx_word' id='word_1_136' title='bbox 165 3148 257 3215; x_wconf 87' lang='lat' dir='ltr'>Ratio</span> <span class='ocrx_word' id='word_1_137' title='bbox 269 3151 394 3234; x_wconf 88' lang='lat' dir='ltr'>prieris</span> <span class='ocrx_word' id='word_1_138' title='bbox 408 3155 471 3226; x_wconf 89' lang='lat' dir='ltr'>est,</span> <span class='ocrx_word' id='word_1_139' title='bbox 488 3151 567 3233; x_wconf 90' lang='lat' dir='ltr'>quia</span> <span class='ocrx_word' id='word_1_140' title='bbox 580 3155 685 3214; x_wconf 86' lang='lat' dir='ltr'>testes</span> <span class='ocrx_word' id='word_1_141' title='bbox 697 3149 881 3232; x_wconf 91' lang='lat' dir='ltr'>recipiendi</span> <span class='ocrx_word' id='word_1_142' title='bbox 903 3156 983 3214; x_wconf 89' lang='lat' dir='ltr'>sunt</span> <span class='ocrx_word' id='word_1_143' title='bbox 1002 3169 1104 3234; x_wconf 90' lang='lat' dir='ltr'>super</span> <span class='ocrx_word' id='word_1_144' title='bbox 1124 3170 1160 3216; x_wconf 92' lang='lat' dir='ltr'>re</span> <span class='ocrx_word' id='word_1_145' title='bbox 1183 3153 1341 3216; x_wconf 89' lang='lat' dir='ltr'>determi-</span> 
     </span>
     <span class='ocr_line' id='line_1_20' title="bbox 166 3257 1339 3341; baseline 0.003 -21"><span class='ocrx_word' id='word_1_146' title='bbox 166 3263 241 3322; x_wconf 87' lang='lat' dir='ltr'>nata</span> <span class='ocrx_word' id='word_1_147' title='bbox 259 3265 295 3322; x_wconf 90' lang='lat' dir='ltr'>et</span> <span class='ocrx_word' id='word_1_148' title='bbox 312 3259 350 3322; x_wconf 94' lang='lat' dir='ltr'>in</span> <span class='ocrx_word' id='word_1_149' title='bbox 368 3258 535 3341; x_wconf 78' lang='lat' dir='ltr'>J&#39;udicium</span> <span class='ocrx_word' id='word_1_150' title='bbox 557 3257 710 3322; x_wconf 89' lang='lat' dir='ltr'>deducta.</span> <span class='ocrx_word' id='word_1_151' title='bbox 728 3258 832 3322; x_wconf 92' lang='lat' dir='ltr'>Porro</span> <span class='ocrx_word' id='word_1_152' title='bbox 853 3264 932 3322; x_wconf 89' lang='lat' dir='ltr'>ante</span> <span class='ocrx_word' id='word_1_153' title='bbox 953 3259 1021 3322; x_wconf 90' lang='lat' dir='ltr'>litis</span> <span class='ocrx_word' id='word_1_154' title='bbox 1043 3261 1339 3336; x_wconf 81' lang='lat' dir='ltr'>contestationem,</span> 
     </span>
     <span class='ocr_line' id='line_1_21' title="bbox 165 3366 1338 3450; baseline 0.006 -22"><span class='ocrx_word' id='word_1_155' title='bbox 165 3368 490 3432; x_wconf 88' lang='lat' dir='ltr'>nendumcensetnr</span> <span class='ocrx_word' id='word_1_156' title='bbox 507 3386 562 3431; x_wconf 86' lang='lat' dir='ltr'>res</span> <span class='ocrx_word' id='word_1_157' title='bbox 586 3366 821 3444; x_wconf 89' lang='lat' dir='ltr'>determinata,</span> <span class='ocrx_word' id='word_1_158' title='bbox 847 3369 968 3432; x_wconf 91' lang='lat' dir='ltr'>necin</span> <span class='ocrx_word' id='word_1_159' title='bbox 991 3368 1158 3450; x_wconf 88' lang='lat' dir='ltr'>judicium</span> <span class='ocrx_word' id='word_1_160' title='bbox 1183 3369 1338 3435; x_wconf 89' lang='lat' dir='ltr'>deducta.</span> 
     </span>
     <span class='ocr_line' id='line_1_22' title="bbox 164 3473 1340 3559; baseline 0.003 -21"><span class='ocrx_word' id='word_1_161' title='bbox 164 3473 255 3540; x_wconf 90' lang='lat' dir='ltr'>Ratio</span> <span class='ocrx_word' id='word_1_162' title='bbox 270 3476 472 3559; x_wconf 88' lang='lat' dir='ltr'>posterioris</span> <span class='ocrx_word' id='word_1_163' title='bbox 487 3481 550 3552; x_wconf 89' lang='lat' dir='ltr'>est,</span> <span class='ocrx_word' id='word_1_164' title='bbox 568 3476 647 3558; x_wconf 90' lang='lat' dir='ltr'>quia</span> <span class='ocrx_word' id='word_1_165' title='bbox 661 3481 699 3539; x_wconf 90' lang='lat' dir='ltr'>ut</span> <span class='ocrx_word' id='word_1_166' title='bbox 713 3475 883 3540; x_wconf 90' lang='lat' dir='ltr'>sententia</span> <span class='ocrx_word' id='word_1_167' title='bbox 896 3474 1071 3540; x_wconf 86' lang='lat' dir='ltr'>definitiva</span> <span class='ocrx_word' id='word_1_168' title='bbox 1083 3479 1221 3555; x_wconf 80' lang='lat' dir='ltr'>feratur,</span> <span class='ocrx_word' id='word_1_169' title='bbox 1239 3477 1340 3542; x_wconf 89' lang='lat' dir='ltr'>debet</span> 
     </span>
     <span class='ocr_line' id='line_1_23' title="bbox 163 3582 1336 3668; baseline 0.004 -24"><span class='ocrx_word' id='word_1_170' title='bbox 163 3601 234 3646; x_wconf 85' lang='lat' dir='ltr'>esse</span> <span class='ocrx_word' id='word_1_171' title='bbox 250 3583 379 3668; x_wconf 89' lang='lat' dir='ltr'>aliquid</span> <span class='ocrx_word' id='word_1_172' title='bbox 394 3585 484 3668; x_wconf 89' lang='lat' dir='ltr'>qued</span> <span class='ocrx_word' id='word_1_173' title='bbox 505 3589 599 3648; x_wconf 89' lang='lat' dir='ltr'>aeter</span> <span class='ocrx_word' id='word_1_174' title='bbox 612 3588 715 3666; x_wconf 88' lang='lat' dir='ltr'>petat.</span> <span class='ocrx_word' id='word_1_175' title='bbox 733 3583 837 3648; x_wconf 90' lang='lat' dir='ltr'>Perre</span> <span class='ocrx_word' id='word_1_176' title='bbox 855 3589 934 3647; x_wconf 90' lang='lat' dir='ltr'>ante</span> <span class='ocrx_word' id='word_1_177' title='bbox 954 3582 1022 3646; x_wconf 90' lang='lat' dir='ltr'>litis</span> <span class='ocrx_word' id='word_1_178' title='bbox 1041 3585 1336 3664; x_wconf 75' lang='lat' dir='ltr'>contestationem,</span> 
     </span>
     <span class='ocr_line' id='line_1_24' title="bbox 163 3691 885 3776; baseline -0.003 -20"><span class='ocrx_word' id='word_1_179' title='bbox 163 3697 252 3756; x_wconf 83' lang='lat' dir='ltr'>actor</span> <span class='ocrx_word' id='word_1_180' title='bbox 266 3697 384 3775; x_wconf 88' lang='lat' dir='ltr'>petere</span> <span class='ocrx_word' id='word_1_181' title='bbox 400 3692 484 3769; x_wconf 88' lang='lat' dir='ltr'>vult,</span> <span class='ocrx_word' id='word_1_182' title='bbox 503 3691 647 3756; x_wconf 89' lang='lat' dir='ltr'>sednon</span> <span class='ocrx_word' id='word_1_183' title='bbox 662 3692 776 3756; x_wconf 89' lang='lat' dir='ltr'>stricte</span> <span class='ocrx_word' id='word_1_184' title='bbox 792 3692 885 3776; x_wconf 91' lang='lat' dir='ltr'>petit.</span> 
     </span>
    </p>

    <p class='ocr_par' dir='ltr' id='par_1_9' title="bbox 163 3799 1338 4426">
     <span class='ocr_line' id='line_1_25' title="bbox 199 3799 1338 3884; baseline 0.005 -24"><span class='ocrx_word' id='word_1_185' title='bbox 199 3799 328 3864; x_wconf 89' lang='lat' dir='ltr'>Dicitur</span> <span class='ocrx_word' id='word_1_186' title='bbox 341 3801 372 3862; x_wconf 74' lang='grc' dir='ltr'>1ο</span> <span class='ocrx_word' id='word_1_187' title='bbox 390 3819 396 3861; x_wconf 96' lang='lat'><strong>:</strong></span> <span class='ocrx_word' id='word_1_188' title='bbox 415 3800 589 3880; x_wconf 79' lang='lat' dir='ltr'>injudicio</span> <span class='ocrx_word' id='word_1_189' title='bbox 599 3799 777 3884; x_wconf 59' lang='lat' dir='ltr'>plenorum</span> <span class='ocrx_word' id='word_1_190' title='bbox 792 3817 872 3864; x_wconf 90' lang='lat' dir='ltr'>nam</span> <span class='ocrx_word' id='word_1_191' title='bbox 887 3800 921 3863; x_wconf 93' lang='lat' dir='ltr'>in</span> <span class='ocrx_word' id='word_1_192' title='bbox 939 3800 1067 3882; x_wconf 88' lang='lat' dir='ltr'>judicio</span> <span class='ocrx_word' id='word_1_193' title='bbox 1089 3803 1286 3877; x_wconf 89' lang='lat' dir='ltr'>summarie,</span> <span class='ocrx_word' id='word_1_194' title='bbox 1302 3801 1338 3866; x_wconf 91' lang='lat' dir='ltr'>in</span> 
     </span>
     <span class='ocr_line' id='line_1_26' title="bbox 164 3907 1338 3993; baseline 0.002 -22"><span class='ocrx_word' id='word_1_195' title='bbox 164 3926 226 3988; x_wconf 92' lang='lat' dir='ltr'>quo</span> <span class='ocrx_word' id='word_1_196' title='bbox 239 3927 313 3971; x_wconf 92' lang='lat' dir='ltr'>nen</span> <span class='ocrx_word' id='word_1_197' title='bbox 330 3908 514 3990; x_wconf 71' lang='lat' dir='ltr'>requiritur</span> <span class='ocrx_word' id='word_1_198' title='bbox 533 3907 602 3970; x_wconf 88' lang='lat' dir='ltr'>litis</span> <span class='ocrx_word' id='word_1_199' title='bbox 621 3907 835 3984; x_wconf 87' lang='lat' dir='ltr'>contestatio,</span> <span class='ocrx_word' id='word_1_200' title='bbox 852 3907 966 3971; x_wconf 91' lang='lat' dir='ltr'>statim</span> <span class='ocrx_word' id='word_1_201' title='bbox 985 3914 1062 3990; x_wconf 90' lang='lat' dir='ltr'>pest</span> <span class='ocrx_word' id='word_1_202' title='bbox 1080 3909 1249 3974; x_wconf 91' lang='lat' dir='ltr'>actionem</span> <span class='ocrx_word' id='word_1_203' title='bbox 1263 3929 1338 3993; x_wconf 87' lang='lat' dir='ltr'>pre-</span> 
     </span>
     <span class='ocr_line' id='line_1_27' title="bbox 164 4015 1337 4099; baseline 0.003 -22"><span class='ocrx_word' id='word_1_204' title='bbox 164 4016 306 4094; x_wconf 83' lang='lat' dir='ltr'>positum</span> <span class='ocrx_word' id='word_1_205' title='bbox 328 4021 434 4079; x_wconf 87' lang='lat' dir='ltr'>testes</span> <span class='ocrx_word' id='word_1_206' title='bbox 448 4016 551 4099; x_wconf 86' lang='lat' dir='ltr'>recipi</span> <span class='ocrx_word' id='word_1_207' title='bbox 571 4022 726 4098; x_wconf 89' lang='lat' dir='ltr'>possunt.</span> <span class='ocrx_word' id='word_1_208' title='bbox 747 4015 874 4078; x_wconf 89' lang='lat' dir='ltr'>Dicitur</span> <span class='ocrx_word' id='word_1_209' title='bbox 888 4016 919 4078; x_wconf 69' lang='lat'>2⁰</span> <span class='ocrx_word' id='word_1_210' title='bbox 934 4035 941 4078; x_wconf 94' lang='lat'><strong>:</strong></span> <span class='ocrx_word' id='word_1_211' title='bbox 958 4018 1125 4080; x_wconf 81' lang='lat' dir='ltr'>sententio</span> <span class='ocrx_word' id='word_1_212' title='bbox 1139 4017 1337 4098; x_wconf 60' lang='lat' dir='ltr'>deflentem</span> 
     </span>
     <span class='ocr_line' id='line_1_28' title="bbox 164 4124 1336 4206; baseline 0.005 -24"><span class='ocrx_word' id='word_1_213' title='bbox 164 4139 237 4186; x_wconf 89' lang='lat' dir='ltr'>uam</span> <span class='ocrx_word' id='word_1_214' title='bbox 252 4124 295 4188; x_wconf 86' lang='lat' dir='ltr'>ad</span> <span class='ocrx_word' id='word_1_215' title='bbox 312 4125 518 4188; x_wconf 87' lang='lat' dir='ltr'>sententiam</span> <span class='ocrx_word' id='word_1_216' title='bbox 531 4125 823 4189; x_wconf 83' lang='lat' dir='ltr'>interlocutoriam</span> <span class='ocrx_word' id='word_1_217' title='bbox 836 4128 925 4188; x_wconf 88' lang='lat' dir='ltr'>reete</span> <span class='ocrx_word' id='word_1_218' title='bbox 938 4124 1142 4206; x_wconf 88' lang='lat' dir='ltr'>proceditur,</span> <span class='ocrx_word' id='word_1_219' title='bbox 1161 4125 1264 4190; x_wconf 88' lang='lat' dir='ltr'>etiam</span> <span class='ocrx_word' id='word_1_220' title='bbox 1277 4124 1336 4188; x_wconf 91' lang='lat' dir='ltr'>lite</span> 
     </span>
     <span class='ocr_line' id='line_1_29' title="bbox 163 4235 1336 4317; baseline 0.002 -23"><span class='ocrx_word' id='word_1_221' title='bbox 163 4249 227 4296; x_wconf 91' lang='lat' dir='ltr'>nen</span> <span class='ocrx_word' id='word_1_222' title='bbox 241 4239 450 4310; x_wconf 86' lang='lat' dir='ltr'>contestata;</span> <span class='ocrx_word' id='word_1_223' title='bbox 467 4235 548 4317; x_wconf 88' lang='lat' dir='ltr'>quia</span> <span class='ocrx_word' id='word_1_224' title='bbox 560 4235 632 4299; x_wconf 68' lang='lat' dir='ltr'>haec</span> <span class='ocrx_word' id='word_1_225' title='bbox 653 4236 762 4298; x_wconf 79' lang='lat' dir='ltr'>fertur</span> <span class='ocrx_word' id='word_1_226' title='bbox 779 4253 882 4315; x_wconf 89' lang='lat' dir='ltr'>seper</span> <span class='ocrx_word' id='word_1_227' title='bbox 903 4235 1146 4316; x_wconf 69' lang='lat' dir='ltr'>questionibus</span> <span class='ocrx_word' id='word_1_228' title='bbox 1161 4235 1336 4299; x_wconf 89' lang='lat' dir='ltr'>incidenti-</span> 
     </span>
     <span class='ocr_line' id='line_1_30' title="bbox 164 4339 881 4426; baseline 0.01 -27"><span class='ocrx_word' id='word_1_229' title='bbox 164 4339 232 4417; x_wconf 82' lang='lat' dir='ltr'>ttus,</span> <span class='ocrx_word' id='word_1_230' title='bbox 252 4361 321 4406; x_wconf 91' lang='lat' dir='ltr'>non</span> <span class='ocrx_word' id='word_1_231' title='bbox 334 4347 450 4407; x_wconf 88' lang='lat' dir='ltr'>autem</span> <span class='ocrx_word' id='word_1_232' title='bbox 464 4363 566 4426; x_wconf 88' lang='lat' dir='ltr'>super</span> <span class='ocrx_word' id='word_1_233' title='bbox 578 4361 682 4408; x_wconf 89' lang='lat' dir='ltr'>cause</span> <span class='ocrx_word' id='word_1_234' title='bbox 694 4343 881 4426; x_wconf 87' lang='lat' dir='ltr'>principali.</span> 
     </span>
    </p>

    <p class='ocr_par' dir='ltr' id='par_1_10' title="bbox 115 4448 1336 4753">
     <span class='ocr_line' id='line_1_31' title="bbox 198 4448 1336 4537; baseline 0.006 -25"><span class='ocrx_word' id='word_1_235' title='bbox 198 4448 236 4514; x_wconf 89' lang='lat' dir='ltr'>It.</span> <span class='ocrx_word' id='word_1_236' title='bbox 253 4450 330 4517; x_wconf 84' lang='lat' dir='ltr'>Haec</span> <span class='ocrx_word' id='word_1_237' title='bbox 343 4453 462 4534; x_wconf 81' lang='lat' dir='ltr'>regula</span> <span class='ocrx_word' id='word_1_238' title='bbox 474 4453 644 4534; x_wconf 80' lang='lat' dir='ltr'>generalis</span> <span class='ocrx_word' id='word_1_239' title='bbox 660 4452 824 4537; x_wconf 87' lang='lat' dir='ltr'>quasdam</span> <span class='ocrx_word' id='word_1_240' title='bbox 838 4453 986 4517; x_wconf 90' lang='lat' dir='ltr'>admittit</span> <span class='ocrx_word' id='word_1_241' title='bbox 997 4455 1214 4536; x_wconf 83' lang='lat' dir='ltr'>exceptiones</span> <span class='ocrx_word' id='word_1_242' title='bbox 1228 4474 1235 4517; x_wconf 92' lang='lat'>:</span> <span class='ocrx_word' id='word_1_243' title='bbox 1248 4456 1280 4518; x_wconf 64' lang='grc' dir='ltr'>1ο</span> <span class='ocrx_word' id='word_1_244' title='bbox 1293 4472 1336 4519; x_wconf 89' lang='lat' dir='ltr'>ex</span> 
     </span>
     <span class='ocr_line' id='line_1_32' title="bbox 161 4559 1336 4646; baseline 0.002 -22"><span class='ocrx_word' id='word_1_245' title='bbox 161 4565 252 4641; x_wconf 88' lang='lat' dir='ltr'>parte</span> <span class='ocrx_word' id='word_1_246' title='bbox 262 4560 399 4642; x_wconf 77' lang='lat' dir='ltr'>judico.</span> <span class='ocrx_word' id='word_1_247' title='bbox 416 4561 450 4626; x_wconf 88' lang='lat' dir='ltr'>Si</span> <span class='ocrx_word' id='word_1_248' title='bbox 469 4561 499 4626; x_wconf 93' lang='lat' dir='ltr'>is</span> <span class='ocrx_word' id='word_1_249' title='bbox 516 4561 678 4646; x_wconf 86' lang='lat' dir='ltr'>procedat</span> <span class='ocrx_word' id='word_1_250' title='bbox 697 4581 740 4642; x_wconf 75' lang='lat' dir='ltr'>ex</span> <span class='ocrx_word' id='word_1_251' title='bbox 763 4562 874 4628; x_wconf 84' lang='lat' dir='ltr'>officie</span> <span class='ocrx_word' id='word_1_252' title='bbox 892 4559 999 4627; x_wconf 91' lang='lat' dir='ltr'>nobili</span> <span class='ocrx_word' id='word_1_253' title='bbox 1016 4561 1060 4626; x_wconf 89' lang='lat' dir='ltr'>ad</span> <span class='ocrx_word' id='word_1_254' title='bbox 1077 4561 1336 4646; x_wconf 85' lang='lat' dir='ltr'>inquisitionem</span> 
     </span>
     <span class='ocr_line' id='line_1_33' title="bbox 115 4669 1335 4753; baseline 0.003 -23"><span class='ocrx_word' id='word_1_255' title='bbox 115 4681 120 4697; x_wconf 70' lang='grc'><em>’</em></span> <span class='ocrx_word' id='word_1_256' title='bbox 162 4669 354 4746; x_wconf 82' lang='lat' dir='ltr'>generalem</span> <span class='ocrx_word' id='word_1_257' title='bbox 370 4669 581 4746; x_wconf 88' lang='lat' dir='ltr'>delictorum,</span> <span class='ocrx_word' id='word_1_258' title='bbox 594 4673 708 4753; x_wconf 90' lang='lat' dir='ltr'>potest</span> <span class='ocrx_word' id='word_1_259' title='bbox 727 4673 831 4732; x_wconf 90' lang='lat' dir='ltr'>testes</span> <span class='ocrx_word' id='word_1_260' title='bbox 853 4669 970 4734; x_wconf 89' lang='lat' dir='ltr'>audire</span> <span class='ocrx_word' id='word_1_261' title='bbox 986 4674 1064 4734; x_wconf 90' lang='lat' dir='ltr'>ante</span> <span class='ocrx_word' id='word_1_262' title='bbox 1082 4671 1151 4735; x_wconf 87' lang='lat' dir='ltr'>litis</span> <span class='ocrx_word' id='word_1_263' title='bbox 1167 4675 1335 4736; x_wconf 90' lang='lat' dir='ltr'>contesta-</span> 
     </span>
    </p>
   </div>
   <div class='ocr_carea' id='block_1_9' title="bbox 0 0 1748 5564">
    <p class='ocr_par' dir='ltr' id='par_1_11' title="bbox 0 0 1748 5564">
     <span class='ocr_line' id='line_1_34' title="bbox 0 0 1748 5564; baseline 0 1"><span class='ocrx_word' id='word_1_264' title='bbox 0 0 1748 5564; x_wconf 95' lang='lat' dir='ltr'> </span> 
     </span>
    </p>
   </div>
  </div>
 </body>
</html>
