3504 5568
567 531 655 580 traua
675 527 802 582 rsnrtus
822 529 1043 582 oacnamclmt.
1143 499 1145 504 ’
1336 513 1397 585 493

217 651 423 717 timainduci
434 654 558 734 potest,
568 656 607 714 ut
616 653 746 715 fructus
756 657 904 735 prorata
916 653 1006 716 inter
1020 651 1175 717 baeredes
1189 652 1396 716 beneflcIarii

216 767 252 825 et
266 778 499 826 successorem
515 759 719 836 dividantur,
736 767 775 824 ut
789 761 965 845 respondit
979 761 1065 826 Rota
1078 761 1175 826 Rom.

257 870 287 952 b)
299 869 550 934 Meliorationes
570 869 667 934 factae
691 888 735 933 ex
754 869 854 934 bonis
874 868 1169 954 patrimonialibus
1191 869 1303 934 clerici
1322 889 1398 953 per-

217 979 328 1042 tinent
346 978 389 1042 ad
403 978 568 1054 baeredeS,
587 979 645 1064 qui
665 979 807 1062 proinde
830 983 977 1064 possunt
1001 997 1230 1062 expensarum
1251 979 1398 1042 aestimo-

217 1087 348 1154 tiouem
371 1092 541 1171 repetere,
566 1088 632 1152 nisi
656 1093 819 1172 appareat
839 1087 895 1152 vel
918 1087 1121 1153 ostendatur
1141 1085 1398 1152 beneficiarium

169 1269 173 1279 ¹
215 1196 334 1261 animo
348 1194 498 1260 donandi
513 1195 723 1262 meliorasse.

259 1303 292 1369 Si
307 1323 351 1369 ex
373 1303 561 1369 redditibus
581 1305 836 1372 beneficialibus
850 1305 962 1370 clerici
976 1307 1074 1370 factae
1092 1309 1183 1380 suut,
1206 1303 1397 1384 generatim

218 1414 261 1478 ad
287 1415 465 1479 ecclesiam
494 1421 650 1499 spectant
672 1421 751 1499 post
777 1420 925 1482 mortem
953 1415 1081 1492 olerioi;
1110 1420 1227 1480 temen
1253 1412 1399 1478 redeunt

217 1523 321 1588 vamae
350 1525 528 1589 senteutiae
561 1526 650 1590 circa
676 1524 875 1593 facultatem
904 1524 1108 1608 disponendi
1138 1523 1179 1588 de
1208 1521 1398 1587 redditibus

217 1628 484 1695 benesscIaIibus.
500 1632 642 1709 Quando
663 1632 805 1698 dubium
820 1637 883 1710 est,
899 1651 944 1697 sn
958 1631 1138 1698 laetasint
1153 1649 1196 1694 ax
1210 1629 1398 1694 redditibus

219 1737 474 1804 beneficialibus
498 1739 555 1804 vel
578 1739 886 1823 patrimonialibus,
912 1739 1136 1824 judicandum
1164 1743 1284 1802 estex
1308 1741 1399 1802 statu

218 1845 450 1928 patrimoniali
472 1847 584 1912 clerici
604 1867 611 1912 :
629 1850 657 1912 si
671 1849 916 1933 patrimonium
936 1848 1001 1913 fuit
1020 1847 1157 1911 nullum
1176 1845 1235 1910 vul
1247 1849 1350 1910 tenue
1364 1849 1400 1909 ct

219 1953 373 2018 redditus
387 1955 604 2021 beneficiales
617 1957 774 2039 pingues,
787 1961 973 2022 censentur
984 1957 1082 2020 lacta
1098 1973 1142 2020 ex
1155 1953 1255 2019 bouis
1271 1953 1400 2018 benefl-

220 2060 378 2137 cIalibus;
393 2062 429 2125 iu
441 2062 623 2146 hypothesi
642 2064 822 2139 contraria,
840 2081 883 2128 ex
897 2062 1054 2146 propriis.
1072 2061 1223 2127 Tandem
1238 2060 1266 2124 si
1281 2059 1400 2124 melio-

221 2170 372 2234 rationes
395 2171 492 2234 lactae
517 2176 599 2234 sunt
619 2189 662 2235 ex
684 2172 783 2236 bonis
805 2170 968 2248 ecclesiae,
988 2169 1115 2235 cedunt
1136 2168 1297 2244 ecclesiae,
1319 2185 1400 2232 nam

223 2276 327 2341 etiam
340 2277 478 2342 vivente
492 2277 625 2356 clerico,
642 2279 793 2344 ecclesiae
810 2283 917 2344 erant.

603 2732 830 2842 ouium
869 2730 1021 2822 runs
1134 2657 1136 2666 ⁸

238 2944 294 2994 Dr:
313 2945 535 2996 EGCLESIIS
554 2944 806 3000 HARUMQUEI
824 2944 1023 3000 JURIBUS,
1043 2942 1098 2990 ΕΤ
1122 2942 1177 2989 Dlll
1198 2937 1387 2988 ACTIBUS

527 3045 630 3099 QUAE
649 3045 694 3092 IN
714 3043 785 3092 ms
803 3041 1105 3092 EXERCENTUR

268 3425 294 3489 d
313 3425 447 3508 Juribus
470 3443 544 3508 quae
567 3421 631 3506 ipsi
654 3421 744 3488 clero
770 3425 841 3486 tam
862 3419 1015 3485 seculari
1036 3436 1140 3502 quarn
1162 3415 1325 3497 regulari,
1344 3433 1405 3478 seu

227 3533 383 3618 personis
405 3530 640 3597 ecclesIasticis
662 3532 871 3612 competunt,
888 3525 1129 3610 progredimur
1149 3523 1193 3588 ad
1212 3541 1253 3587 ea
1271 3540 1346 3606 quae
1363 3521 1406 3585 ad

229 3640 388 3706 ecclesias
402 3659 464 3705 seu
478 3639 521 3705 ad
535 3657 591 3703 res
606 3641 770 3720 spectant.
787 3635 865 3699 llaec
883 3653 962 3717 pars
986 3633 1122 3697 inilium
1143 3631 1266 3696 ducere
1291 3631 1408 3711 posset

229 3767 250 3813 a
263 3749 314 3812 tit.
331 3747 501 3823 XXXVIII;
513 3764 594 3812 uam
609 3747 644 3808 in
657 3743 763 3808 tiIuIIs
778 3739 937 3806 XXXVIII
951 3747 986 3805 ot
996 3737 1138 3814 XXXIX,
1151 3738 1265 3819 agitur
1278 3740 1349 3800 tam
1365 3733 1405 3798 de

228 3854 495 3920 rebusllcclesiae
508 3852 663 3936 quamde
675 3849 843 3934 personis,
856 3867 916 3912 seu
933 3848 974 3912 de
986 3847 1122 3931 juribus
1134 3860 1360 3929 personarum
1371 3842 1408 3904 in

230 3963 349 4027 ordine
377 3962 419 4027 ad
445 3979 512 4025 ree.
527 3960 654 4024 Tamen
683 3955 843 4031 strictius,
860 3973 940 4020 oum
968 3952 1285 4034 Schmalzgrueber,
1304 3967 1407 4033 quem

230 4069 313 4133 alias
328 4069 518 4150 generatim
535 4067 643 4132 secuti
658 4083 788 4142 sumus,
806 4063 916 4127 iubae
930 4062 1051 4127 ultimo
1062 4065 1158 4144 parte
1170 4057 1248 4122 libri
1263 4055 1306 4121 lll
1318 4075 1408 4122 com-

229 4175 410 4261 plectimur
425 4175 541 4242 titulcs
554 4175 654 4239 XL-L.
