3440 5568
358 529 420 598 ule
817 553 870 600 rus
888 551 1068 600 oanoarcuu.

360 667 467 730 merito
481 667 679 732 demandatur
693 667 777 744 (ibid.
793 675 823 730 ct
835 675 870 730 28
884 669 955 730 maii
972 669 1065 744 t853),
1078 669 1197 730 etiamsi
1211 676 1320 746 agatur
1339 669 1376 730 de
1389 669 1544 730 beneficio

360 772 463 820 curam
478 757 645 820 ultimarum
667 758 805 830 habente,
827 759 896 818 licet
918 761 1044 818 crimina
1062 767 1091 816 cl
1116 761 1212 834 plebis
1238 761 1341 818 odium
1366 760 1543 834 objiciatur,

360 847 419 910 atu
434 847 513 908 latro
523 863 576 908 sex
589 861 708 908 menses
723 849 913 922 provideatur
926 850 963 907 de
977 851 1180 922 aequipollenti
1197 849 1342 908 beneflcio
1357 847 1464 922 (idid).

397 937 505 1000 Odium
524 937 619 1012 plebis
643 937 749 996 tribuit
773 937 944 996 facultatem
959 938 1134 1010 resignandi
1157 937 1346 1007 beneficium,
1364 944 1539 996 nontamen

359 1029 411 1104 lus
439 1027 566 1102 largitur
593 1027 741 1102 superiori
769 1027 807 1086 ab
830 1027 963 1088 ecclosiae
992 1041 1046 1086 seu
1066 1026 1202 1088 beneticii
1225 1027 1420 1102 possessione
1440 1043 1540 1086 remo-

361 1117 449 1178 vendi
464 1117 571 1194 (ibid).

809 1487 987 1566 suerio
1017 1492 1088 1566 ill.

579 1669 622 1716 tili
648 1667 824 1713 CAPITULO
850 1668 1059 1712 PRAESERTIM
1085 1668 1323 1714 cestrensem.

363 1991 377 2050 l
396 1988 416 2042 l.
434 1983 482 2040 Do
496 1980 746 2044 convocatione,
760 1977 1017 2042 deliberatione,
1032 1981 1068 2030 ct
1080 1979 1155 2042 lure
1169 1977 1314 2028 habendi
1327 1976 1541 2041 cannatum.

512 2080 576 2140 (Vide
585 2079 643 2124 dicte
653 2079 675 2124 la
685 2078 724 2122 lib.
735 2079 744 2122 l
755 2077 783 2122 dc
792 2075 914 2126 dilectione,
925 2077 958 2120 lit.
969 2089 992 2120 vr
1002 2080 1024 2119 et
1034 2079 1086 2120 sect.
1097 2076 1198 2120 tdeccet.
1209 2075 1271 2118 sedis
1280 2075 1387 2130 apostol.)

400 2211 520 2272 Certum
535 2213 583 2268 est
597 2221 632 2265 ex
645 2205 723 2280 juris
738 2203 909 2264 communis
925 2203 1136 2275 dispositione,
1154 2202 1205 2274 jus
1229 2201 1413 2258 convocandi
1427 2202 1542 2272 capitu-

370 2299 433 2360 lum
455 2297 491 2358 ad
511 2297 596 2356 illum
608 2301 742 2370 spectare
758 2295 809 2368 qui
831 2297 921 2366 caput
939 2297 985 2350 cst
1006 2292 1141 2365 corporis
1163 2289 1337 2364 capitularis
1353 2289 1460 2365 (imol,
1475 2293 1541 2350 iser.

367 2404 450 2452 coac.
466 2403 544 2464 cap,
561 2391 593 2446 tt
608 2387 678 2446 maii
695 2389 775 2456 itit,
788 2385 804 2458 g
817 2386 873 2458 bt).

401 2481 432 2540 ln
448 2477 504 2538 hoc
519 2474 703 2536 conveniunt
715 2487 821 2534 omnes
837 2473 1001 2532 canonista
1017 2477 1046 2530 et
1060 2473 1148 2530 etiam
1162 2471 1402 2546 &congregatio
1417 2471 1540 2530 concilii

362 2569 371 2646 t
400 2657 513 2720 idcirco
528 2655 581 2716 uni
597 2653 769 2730 preposito,
789 2658 932 2726 mnqunm
948 2651 1090 2726 digniori,
1099 2651 1151 2724 jus
1172 2650 1325 2722 competit,
1341 2649 1465 2708 absente
1484 2653 1544 2725 epi·

367 2759 472 2820 scopo,
489 2743 672 2804 convocandi
682 2741 846 2816 capitulum
861 2741 959 2814 (ibid,
972 2741 989 2814 ἓ
1004 2743 1040 2809 2).

401 2837 436 2896 st
460 2833 535 2894 ratio
554 2839 612 2904 est,
634 2831 706 2906 quia
726 2830 901 2890 corrvocntio
925 2830 1047 2903 capituli
1064 2836 1111 2888 cst
1134 2835 1220 2888 actus
1233 2829 1467 2903 jurisdictionis,
1487 2847 1541 2890 sou

364 2921 608 3000 praeminentis,
637 2935 704 2994 que
734 2919 906 2978 nullatenus
934 2924 1101 2991 competere
1129 2923 1229 2990 potest
1260 2919 1464 2989 interioribus,
1487 2937 1542 2978 seu

365 3011 519 3082 membris,
534 3011 564 3070 ln
580 3024 730 3068 concursu
747 3007 913 3081 superioris
928 3023 981 3066 seu
997 3009 1104 3082 capitis
1115 3007 1224 3083 (ibid).

355 3169 359 3177 ¹
401 3103 436 3162 ltt
456 3113 550 3176 quum
572 3097 805 3158 constitutiones
820 3097 983 3169 loquantur
996 3097 1033 3154 de
1048 3097 1212 3155 camerario
1227 3113 1281 3170 pro
1296 3097 1417 3170 capituli
1433 3113 1543 3156 convo-

365 3189 494 3260 catione,
508 3186 583 3248 nibil
599 3185 627 3246 ld
642 3185 735 3244 oiilcit
746 3183 867 3258 juribus
882 3185 1017 3258 eiusdem
1031 3187 1194 3260 prepositi,
1213 3187 1265 3260 qui
1277 3185 1315 3244 ob
1325 3201 1410 3244 suam
1427 3188 1546 3258 pracei-

366 3279 475 3340 lentem
490 3277 666 3354 dignitatem
682 3276 777 3350 major
790 3281 846 3344 est,
861 3281 891 3332 ct
908 3277 1057 3349 superior,
1081 3291 1284 3348 necunquam
1300 3277 1417 3335 excludi
1444 3283 1545 3349 potcst

401 3455 568 3518 Praescrtim
594 3455 666 3530 quin
694 3453 724 3512 in
751 3453 901 3528 predictis
928 3455 1197 3514 constitutionibus
1220 3457 1417 3530 praerogativa
1434 3471 1546 3514 convo-

367 3545 455 3606 enodi
469 3545 633 3620 capitulum
659 3550 688 3602 el
708 3543 918 3602 subscribendi
943 3545 1116 3604 schedulam
1136 3546 1323 3614 indictionis,
1340 3561 1481 3618 expresse
1497 3539 1547 3604 tri-

370 3635 473 3696 buitur
487 3633 659 3710 preposito,
673 3633 854 3694 subsidiaric
869 3639 968 3692 nutem
983 3636 1146 3693 camerario
1160 3635 1275 3708 (ibid),

402 3725 478 3796 Quia
492 3723 688 3784 contradictio
707 3729 766 3782 mm
781 3729 887 3798 palens
903 3723 941 3780 ab
956 3725 1062 3782 iisdem
1077 3726 1348 3785 constitutionibus
1362 3733 1408 3786 cst
1421 3727 1547 3784 omnino

366 3813 526 3876 auertenda
541 3812 648 3890 (ibid).

401 3907 500 3978 Quium
529 3903 682 3964 nonnulla
705 3901 855 3962 schedula
877 3905 1093 3962 convocatorire
1119 3919 1210 3962 mauu
1239 3907 1393 3964 camerarii
1418 3906 1548 3978 signatae

366 3995 495 4054 iuventte
505 3993 576 4059 mni,
592 3994 788 4066 presumptio
800 4007 836 4052 ex
847 3994 914 4066 jure
929 3999 958 4051 et
977 3995 1246 4054 constitutionibus
1257 3997 1362 4064 oritur,
1377 4011 1429 4052 eas
1445 3995 1547 4052 subsi-

366 4083 460 4144 diarie
481 4089 608 4154 matrim,
624 4089 653 4142 et
667 4081 791 4142 ahsente
815 4083 988 4156 praeposito,
1012 4085 1109 4144 tuisse
1133 4101 1150 4142 u
1173 4087 1337 4143 camerario
1359 4086 1548 4158 subscriptas

366 4171 465 4250 litu,
478 4173 495 4248 s
509 4173 546 4245 8l·

403 4263 640 4324 convocationes
654 4262 789 4336 capituli,
805 4265 998 4336 pinvrsertima
1013 4265 1177 4324 camerario
1190 4265 1287 4329 lacta,
1297 4266 1460 4324 relerendce
1475 4273 1548 4324 sunt

367 4351 596 4414 conclusisse
612 4351 814 4418 htcvtltativcs,
830 4355 889 4412 uisi
903 4355 964 4412 duc
979 4357 1148 4430 copulative
1158 4355 1334 4428 probentur,
1349 4371 1455 4429 nempe
1470 4371 1549 4428 prae-

369 4443 470 4518 posito
485 4443 581 4502 titisse
598 4443 789 4502 intenlieturn
814 4447 979 4518 quominus
1000 4447 1167 4518 capitulum
1182 4453 1370 4508 convocaret,
1386 4447 1549 4518 ipsumque

369 4545 422 4606 pec
435 4537 554 4606 empus
569 4533 786 4606 proscriptioni
799 4543 903 4608 aptum
919 4536 1112 4610 prohibitioni
1126 4537 1316 4608 acquievisse
1332 4535 1440 4608 (ibid).

402 4621 638 4682 Archidiaccnus
658 4623 696 4682 ttd
720 4639 810 4696 utrem
830 4631 944 4697 spectat
968 4641 1134 4683 crctnvcaarc
1155 4626 1332 4698 capitulum.
1347 4640 1408 4682 non
1431 4631 1550 4682 tenetur

367 4711 519 4772 licentiam
534 4712 572 4772 ah
586 4713 812 4788 archiepiscopo
827 4723 937 4788 petam.
954 4730 1007 4788 pro
1018 4717 1222 4774 convocandis
1240 4714 1467 4790 capitularibus.
1481 4729 1549 4770 cer·
