3504 5566
532 581 1129 655 mmmmmmmmm.,
1315 563 1371 628 Μ

238 699 269 762 3⁰
283 699 355 764 Non
367 703 480 782 potest
495 698 618 764 deterri
633 701 668 762 in
683 701 791 764 causis
806 717 881 783 quae
897 719 966 764 non
981 699 1166 763 admittunt
1180 702 1373 765 transactio-

198 825 289 882 nem,
306 825 385 871 cum
399 807 568 890 ejusmodi
581 825 692 874 causae
707 827 777 874 non
792 809 860 872 sint
881 809 917 872 in
932 812 1100 890 potestate
1113 801 1331 892 litigantium.

239 916 271 979 4⁰
295 915 443 998 Effectus
472 919 650 1000 proximus
674 917 764 982 illius
787 919 974 1002 juramenti
1000 919 1142 1002 praestiti
1168 924 1220 982 est
1248 919 1373 984 decisio

198 1043 309 1090 causae
325 1025 445 1102 dubiae,
471 1030 506 1090 et
523 1032 676 1091 remotus
701 1045 761 1092 seu
776 1045 990 1112 consequeus
1006 1032 1059 1091 est
1082 1029 1168 1090 actio
1193 1028 1228 1090 in
1241 1027 1373 1108 sactum

200 1153 243 1198 ex
253 1134 488 1218 jurejurandi),
516 1136 545 1198 si
561 1139 654 1200 actor
672 1136 802 1218 juravit
824 1135 887 1198 sibi
903 1134 1029 1210 deberi,
1046 1134 1100 1198 vel
1116 1136 1263 1220 exceptio
1275 1136 1375 1216 jarro-

200 1243 297 1318 toria,
315 1242 343 1306 si
357 1261 437 1306 reus
449 1243 578 1325 juravit
592 1262 628 1307 se
652 1260 721 1307 non
744 1242 867 1306 debere
883 1241 949 1324 (jus
964 1241 1086 1324 Rom).
1109 1243 1302 1306 Notandum
1324 1251 1376 1308 est

200 1349 291 1432 quod
307 1354 400 1414 tanta
414 1354 466 1414 est
480 1351 531 1414 vis
546 1350 635 1413 illius
647 1351 833 1433 juramenti
853 1353 959 1412 utres
974 1365 1015 1412 eo
1030 1348 1143 1413 decisa
1161 1368 1231 1415 non
1251 1352 1376 1416 rescin-

200 1455 309 1532 datur,
327 1457 390 1521 etsi
404 1458 710 1540 posteadetegatur
721 1458 911 1543 periurium
922 1456 1038 1530 luisse,
1055 1456 1133 1538 quia
1141 1459 1376 1540 juramentum

200 1565 265 1628 tuit
278 1566 372 1629 velut
385 1566 533 1632 conditio
548 1567 691 1650 aiicujus
714 1566 951 1631 transactionis
973 1563 1065 1648 (Vide
1089 1564 1375 1649 Sobmalzgrneb.,

201 1691 235 1736 11·
252 1673 313 1756 2³>-
492 1745 496 1752 .

242 1783 269 1864 c)
282 1782 519 1849 duramentum
534 1783 709 1865 judiciale.
727 1785 759 1846 l⁰
777 1783 984 1866 Quicumque
1005 1782 1136 1846 deterre
1158 1789 1270 1866 potest
1285 1785 1378 1866 jura-

201 1895 357 1954 mentum
371 1892 613 1968 voluntarium,
629 1891 853 1975 potestetiam
865 1889 1036 1973 judiciale.
1054 1889 1088 1953 Si
1101 1895 1194 1956 actor
1208 1883 1293 1954 nihil
1303 1910 1377 1974 pro-

202 1999 342 2076 baverit,
359 2018 422 2064 uec
434 2001 579 2084 positive
593 2019 656 2065 nec
671 2001 923 2083 praesumptive,
951 2018 1021 2065 non
1045 2003 1158 2082 potest
1171 2017 1231 2063 reo
1246 1999 1377 2064 deferre

198 2107 444 2186 juramentum,
459 2126 537 2171 cum
552 2107 645 2174 nulla
659 2107 747 2172 adsit
761 2106 970 2172 rationabilis
984 2124 1087 2171 causa
1095 2105 1248 2189 jurandi;
1266 2124 1374 2181 sacua,

203 2215 324 2278 saltem
335 2218 436 2298 juxta
450 2218 721 2282 communiorem
737 2217 953 2292 sententiam,
979 2216 1006 2278 si
1021 2217 1136 2296 gravis
1157 2217 1376 2300 praesumptio

203 2327 270 2386 stet
278 2341 340 2406 pro
350 2330 475 2400 actore,
484 2326 804 2391 oumhaeositcausa
818 2325 991 2389 sufssciens
999 2323 1137 2407 jurandi
1147 2322 1374 2406 taohmabgr,

203 2448 237 2492 n.
253 2431 369 2513 9599).

243 2539 275 2600 2⁰
290 2538 484 2604 Generatim
508 2541 631 2605 deterri
653 2546 767 2624 potest
785 2541 878 2605 omni
901 2542 957 2624 qui
974 2539 1065 2606 valet
1086 2540 1228 2616 deferre,
1248 2558 1308 2604 seu
1330 2538 1377 2602 illi

205 2646 262 2728 qui
275 2651 328 2710 est
342 2647 500 2711 dominus
526 2649 575 2712 rei
596 2653 836 2725 controversae,
860 2666 941 2712 nam
964 2649 1029 2712 hoc
1048 2649 1283 2736 juramentum
1307 2649 1377 2711 vim

203 2753 306 2818 babet
320 2756 556 2820 transactionis
572 2759 606 2819 et
620 2755 844 2820 alienationis.
864 2755 911 2818 Ex
924 2756 988 2820 hoc
1004 2755 1106 2819 etiam
1120 2756 1273 2837 sequitur
1287 2753 1376 2838 quod

204 2866 317 2942 potest
330 2861 452 2926 deterri
463 2864 499 2926 in
511 2863 605 2927 omui
615 2869 946 2928 causacontroversa
955 2863 990 2926 in
1004 2881 1071 2946 qua
1081 2862 1160 2927 licet
1170 2862 1374 2944 transigere:

205 2969 421 3052 exceptiones
436 2969 525 3053 apud
540 2969 755 3053 Sehmazgr,
773 2991 806 3036 n.
823 2971 927 3035 3a-33.

246 3077 278 3139 3⁰
293 3075 440 3158 Effectus
454 3077 543 3140 illius
555 3079 741 3159 juramenti
758 3085 820 3154 est,
835 3083 873 3141 ut
885 3078 912 3140 si
928 3081 1140 3160 acceptatum
1155 3077 1208 3154 sit,
1225 3077 1376 3141 revocari

207 3202 277 3248 non
291 3189 414 3266 potest,
430 3185 494 3248 nisi
510 3191 664 3250 occurrat
677 3189 772 3268 justa
782 3205 884 3251 causa
899 3207 906 3249 ε
923 3205 1021 3250 secus
1030 3185 1158 3268 judicia
1171 3183 1377 3266 protelaren-

208 3296 273 3354 tur.
290 3292 323 3355 Si
338 3311 420 3358 vero
443 3294 633 3376 praestitum
653 3295 765 3370 tuerit,
785 3295 854 3358 vim
875 3295 978 3358 habet
996 3294 1045 3357 rei
1062 3292 1232 3375 judicatae,
1254 3293 1378 3376 produ-

204 3399 312 3462 centis
326 3401 496 3464 actionem
511 3406 570 3465 aut
584 3402 820 3484 exceptionem
832 3401 1034 3484 juratoriam
1047 3419 1054 3476 ;
1071 3418 1140 3464 non
1156 3399 1304 3464 admittit
1316 3417 1378 3464 nec
1460 3457 1464 3466 .

204 3505 466 3588 appellationem
480 3511 544 3572 neo
558 3509 806 3584 rescissionem,
823 3526 901 3571 cum
924 3508 966 3572 sit
981 3508 1111 3591 species
1129 3507 1375 3572 transactionis.

245 3614 280 3696 d)
294 3613 531 3679 iuramentum
551 3617 773 3678 necessarium
793 3617 824 3678 1⁰
841 3635 861 3680 a
879 3616 948 3679 solo
970 3615 1098 3696 judice,
1125 3619 1194 3678 tam
1208 3615 1377 3678 ordinario

205 3733 308 3797 quam
335 3716 502 3798 delegato,
529 3717 652 3781 deterri
676 3723 799 3800 potest,
822 3737 911 3792 cum,
934 3717 1039 3782 solius
1053 3717 1176 3800 judicis
1196 3718 1240 3780 sit
1255 3736 1377 3798 cogere

204 3827 318 3905 partes
327 3823 500 3906 litigantes
511 3825 553 3889 ad
563 3825 761 3908 Juraudum.
775 3823 969 3889 Generatim
982 3823 1142 3908 prudenti
1153 3825 1277 3908 judicis
1291 3825 1376 3889 arbi-

208 3929 270 3994 trio
288 3937 364 4008 stat,
386 3950 429 3996 an
447 3935 682 4016 juramentum
709 3933 839 3996 deierat
857 3951 916 3998 reo
937 3932 992 3996 vel
1014 3933 1118 3998 actori
1134 3933 1171 4016 (c.
1193 3933 1250 3996 tin.
1270 3933 1303 3995 h.
1329 3933 1375 4013 t).

206 4039 331 4104 Verum
356 4042 383 4103 si
406 4045 499 4105 actor
521 4040 718 4125 semiplene,
744 4059 823 4105 reus
841 4060 924 4104 vero
948 4041 1031 4105 nihil
1051 4042 1256 4124 probaverit,
1272 4042 1376 4106 actori

207 4147 428 4212 deferendum
445 4153 497 4211 est
509 4152 744 4232 Juramentum
759 4149 1016 4234 suppletorium,
1034 4151 1126 4235 quod
1139 4150 1287 4234 complet
1301 4169 1377 4233 pro-

207 4257 379 4321 bationem
394 4257 459 4340 (cit.
476 4259 536 4340 c.);
554 4259 580 4321 si
597 4277 679 4323 vero
697 4264 840 4342 uterque
854 4257 1040 4341 semiplene
1054 4260 1257 4342 probaverit,
1278 4277 1376 4341 regu-

206 4362 322 4428 lariter
344 4383 402 4428 reo
427 4363 650 4429 deferendum
673 4371 725 4429 est
745 4349 991 4448 juramentum,
1021 4366 1100 4449 quia
1122 4366 1376 4431 favorabiliores

208 4477 409 4555 suntpartes
422 4473 486 4550 rei;
500 4472 638 4537 tandem
649 4473 677 4536 si
692 4477 835 4556 uterque
846 4473 946 4556 plene
962 4475 1156 4557 probaverit
1166 4475 1378 4558 etprohatio-

207 4599 269 4643 nes
285 4579 353 4642 sint
365 4579 633 4664 compassibiles,
650 4582 739 4645 utde
755 4587 875 4646 mutuo
891 4581 969 4646 dato
988 4588 1022 4646 et
1037 4581 1159 4658 soluto,
1176 4602 1255 4646 reus
1269 4583 1377 4648 absol-

207 4689 298 4752 vitur
316 4690 388 4754 sine
403 4692 615 4772 jurameuto;
643 4691 670 4754 si
686 4691 904 4774 probationes
928 4692 996 4755 sint
1018 4693 1206 4768 contrariae,
1227 4692 1378 4758 defertur
