3510 5574
817 515 869 568 tus
891 515 1071 570 ΒΑΝΟΝΙῦῐῘΪ.

562 709 578 784 §
597 714 644 770 ill.
665 713 705 771 lle
723 711 824 785 forma
842 713 1038 774 alienationis
1057 727 1160 774 rerum
1179 711 1329 772 Ecclesiae.

395 871 427 934 1ο
443 867 555 934 Prima
567 870 766 936 solemnitas
780 871 954 955 requisita
972 876 1025 936 ast
1038 876 1202 937 tractatus
1216 867 1411 954 capitularis
1423 869 1457 932 iu
1469 884 1538 950 quo
1595 838 1599 855 ¹

355 977 515 1063 praelatus
535 997 614 1044 oum
634 977 781 1062 capitulo
798 977 951 1061 legitime
973 984 1161 1046 convocato
1185 975 1350 1044 deliberat
1371 994 1415 1042 an
1439 995 1538 1060 expe·

356 1085 452 1150 diens
468 1085 512 1149 sit
526 1085 697 1150 alienatio.
717 1085 848 1150 sivero
872 1085 1015 1152 ecclesia
1041 1092 1155 1152 careat
1170 1085 1329 1170 capitulo,
1356 1084 1482 1150 sultloit
1500 1087 1539 1146 ut

355 1198 467 1257 rector
481 1192 631 1258 ecclesiae
645 1191 801 1258 consulat
815 1194 1014 1278 episcopum
1029 1197 1173 1279 ejusque
1193 1194 1366 1258 licentiam
1386 1193 1539 1256 obtineat

218 1367 230 1386 ,
355 1300 399 1365 ad
413 1299 666 1378 alienationem,
682 1301 922 1366 modocaetera
937 1301 1131 1368 necessaria
1155 1321 1225 1367 non
1247 1301 1369 1366 desint.
1399 1298 1539 1364 Parochi

355 1407 459 1488 igitur
472 1409 556 1473 nihil
568 1413 714 1492 possunt
728 1408 877 1475 alienare
890 1410 1084 1476 inconsulto
1099 1412 1269 1496 episcopo.

395 1515 427 1580 9⁰
443 1515 608 1594 Secunda,
630 1523 683 1582 cst
696 1535 886 1582 consensus
906 1518 1102 1612 capitularis
1118 1517 1349 1602 capitulariter
1369 1517 1538 1591 delusas

354 1642 383 1689 c.
394 1625 424 1702 l,
441 1625 574 1690 etiamsi
589 1626 769 1709 episcopus
784 1626 924 1690 nomine
940 1645 1003 1692 suo
1017 1626 1144 1692 alienet
1161 1643 1236 1690 rem
1251 1623 1421 1688 interioris
1436 1621 1539 1688 eccle-

355 1735 426 1810 siae,
443 1741 481 1798 ut
494 1736 568 1818 jam
582 1739 684 1800 antea
696 1735 825 1800 dictum
842 1741 905 1800 est.
924 1737 967 1799 At
977 1737 1005 1799 si
1019 1741 1132 1800 rector
1146 1733 1297 1800 ccclesiae
1312 1731 1452 1797 nomine
1476 1749 1538 1793 suo

354 1835 428 1901 vult
441 1836 601 1916 alienare,
618 1856 688 1902 non
699 1839 883 1923 requiritur
893 1856 1083 1904 consensus
1097 1836 1236 1922 capituli
1245 1833 1460 1909 cathedralis,
1478 1833 1539 1896 sed

355 1965 545 2012 consensus
570 1952 704 2012 tantum
726 1949 896 2032 episcopi;
922 1968 1003 2014 nam
1025 1949 1062 2013 in
1084 1950 1150 2014 boc
1168 1966 1250 2012 casu
1270 1947 1449 2031 episcopus
1469 1959 1539 2006 nou

355 2054 491 2132 alienat,
507 2054 569 2119 scd
583 2060 718 2120 tantum
733 2055 929 2122 alienationi
945 2074 1154 2121 consensum
1175 2059 1324 2140 praestat.
1344 2052 1539 2118 consensus

355 2164 491 2247 capituli
505 2164 713 2248 probabilius
729 2165 831 2230 debet
852 2184 928 2231 esse
944 2185 1140 2250 expressus,
1158 2165 1238 2250 quia
1257 2162 1416 2228 strictiori
1435 2178 1538 2224 sensu

356 2256 484 2338 nomen
498 2290 687 2337 consensus
699 2273 902 2356 intelligitur
911 2273 953 2338 de
962 2291 1124 2358 expresso
1142 2294 1149 2337 :
1167 2273 1227 2337 sed
1242 2271 1415 2336 sufficerat
1429 2274 1468 2332 ut
1478 2285 1541 2352 per

357 2379 631 2444 ratihabitionem
651 2381 760 2456 detur,
778 2399 859 2446 uam
872 2381 926 2446 hic
945 2399 1134 2446 cousensus
1154 2385 1207 2444 est
1220 2385 1354 2445 tautum
1376 2376 1540 2460 approba-

357 2483 414 2556 tio,
432 2501 507 2566 qusc
522 2487 704 2566 praestatur
719 2485 792 2548 sive
803 2489 894 2561 ante,
909 2485 983 2550 sive
996 2489 1075 2567 post
1088 2484 1227 2548 lactum.

396 2590 429 2652 3⁰
444 2589 565 2666 Tertia,
583 2596 636 2656 est
651 2592 854 2676 subscriptio
873 2590 1023 2676 capituli,
1038 2610 1114 2674 quae
1129 2590 1322 2656 necessaria
1337 2587 1446 2652 estad
1462 2587 1540 2650 sub-

357 2699 517 2762 stantiam
529 2699 755 2777 alienationis,
773 2705 808 2764 et
822 2718 892 2764 uon
903 2705 1037 2765 tantum
1051 2699 1095 2764 ad
1108 2699 1347 2782 probationem
1358 2703 1442 2778 (cap.
1460 2696 1489 2770 l,
1507 2695 1537 2770 i,

350 2807 405 2870 ‘Dc
419 2805 471 2870 bis
484 2826 560 2890 qua
576 2827 597 2871 o
605 2809 762 2892 melotis
772 2811 884 2893 fleant).
902 2808 961 2874 llic
984 2815 1038 2874 est
1059 2807 1215 2894 specialis
1230 2823 1330 2872 casus
1354 2805 1390 2868 in
1407 2821 1475 2889 quo
1497 2803 1540 2867 ad

357 2915 504 2980 sormam
517 2921 711 2981 contractus
727 2918 894 3001 scriptura
915 2917 1109 3002 requiritur.
1125 2918 1176 2980 An
1198 2933 1319 2980 omues
1337 2911 1539 2996 capitulares

357 3023 413 3088 vel
424 3022 537 3087 solum
549 3023 653 3107 aliqui
668 3043 712 3088 cx
725 3026 774 3089 eis
789 3026 1002 3090 subscribere
1014 3025 1171 3101 debeant,
1188 3023 1222 3087 id
1238 3043 1280 3087 ex
1290 3019 1540 3086 consuetudine

357 3129 511 3196 locorum
535 3137 588 3196 est
609 3132 918 3199 determinandum.
944 3135 987 3197 At
1011 3133 1123 3218 quoad
1146 3149 1355 3196 consensum
1385 3127 1537 3212 capituli,

356 3238 435 3302 vide
450 3239 607 3323 superius
622 3240 711 3305 diota
724 3242 759 3305 in
774 3241 871 3306 titulo
886 3242 925 3306 X.

396 3346 429 3410 4⁰
438 3347 575 3424 Quarta,
587 3349 830 3414 estauctoritas
842 3350 1027 3433 superioris
1037 3349 1091 3414 cui
1101 3347 1405 3430 acclesiasubjecta
1414 3349 1477 3421 est,
1490 3342 1540 3408 uti

357 3454 545 3538 episeopus,
562 3456 749 3540 capitulum
760 3457 817 3522 vel
830 3457 977 3522 vicarius
987 3457 1195 3541 capitularis,
1206 3457 1288 3522 sede
1301 3459 1455 3530 vacante,
1469 3469 1539 3516 non

357 3581 439 3627 varo
453 3563 600 3628 vicarius
611 3565 759 3648 episcopi
774 3586 781 3642 ;
797 3584 878 3630 uam
893 3565 1043 3630 ecolesiae
1059 3583 1129 3630 non
1145 3569 1226 3658 sunt
1239 3563 1401 3646 subjectae
1414 3560 1540 3626 vicario

357 3671 520 3750 generali.
536 3671 686 3736 vicarius
700 3677 817 3738 mman
831 3672 1001 3754 generalis
1016 3678 1143 3757 posset,
1159 3673 1202 3737 de
1217 3671 1380 3736 mandato
1404 3667 1540 3753 speciali

358 3779 518 3862 episcopi,
541 3785 702 3863 prestare
725 3799 945 3846 consensum.
971 3781 1005 3846 Si
1022 3781 1165 3846 ecclesia
1190 3779 1357 3862 regularis
1381 3783 1542 3860 exempta

356 3885 480 3950 habeat
495 3888 851 3972 suumproviucialem
863 3895 923 3954 aut
934 3889 1143 3973 generalem,
1157 3891 1233 3972 eJus
1248 3887 1432 3952 auctoritas
1448 3885 1541 3950 suitl-

358 3997 450 4056 ceret
464 3993 593 4078 absque
608 3995 808 4060 auctoritate
824 3996 983 4080 episcopi.

398 4099 430 4162 ll·
446 4099 580 4178 Quinta,
593 4107 645 4166 cst
659 4121 848 4168 consensus
861 4104 956 4169 Sedis
971 4104 1183 4188 apostoliea,
1192 4123 1235 4169 ax
1244 4109 1353 4169 const.
1367 4102 1541 4184 Gregorii

310 4271 314 4278 ,
360 4205 466 4271 relata
477 4226 549 4292 cap.
567 4208 704 4292 ihuJ'us
717 4211 768 4274 tit.
785 4212 820 4276 in
834 4213 878 4290 θ’,
893 4218 929 4276 et
941 4232 985 4277 ex
997 4213 1090 4278 Pauli
1105 4212 1133 4275 ll
1149 4217 1337 4294 extravag„
1357 4211 1541 4295 etquidem

360 4313 403 4380 ad
423 4334 563 4382 omnem
587 4317 840 4394 alienationem,
861 4327 1090 4408 praeterquam
1111 4321 1146 4386 in
1169 4321 1304 4386 casibus
1330 4339 1351 4386 a
1369 4323 1447 4404 jure
1466 4339 1542 4404 per-

360 4423 486 4502 missis,
502 4443 534 4488 v.
548 4444 581 4508 g.
597 4425 721 4491 locatio
733 4427 823 4491 intra
838 4427 1034 4506 triennium,
1048 4428 1208 4494 alienatio
1222 4429 1415 4493 necessaria
1424 4445 1542 4492 ncces·

361 4529 459 4594 sitate
465 4533 564 4613 juris,
574 4532 817 4617 quaudocasus
828 4551 962 4599 moram
974 4553 1044 4599 non
1058 4535 1195 4618 patitur,
1211 4535 1292 4618 quia
1303 4538 1405 4616 urget
1414 4552 1541 4616 magna

361 4639 546 4705 necessitas
560 4661 566 4716 ;
587 4659 678 4716 nam,
696 4645 735 4705 ut
753 4641 878 4722 legitur
892 4642 927 4705 in
943 4641 1062 4724 regula
1075 4662 1094 4706 v
1106 4643 1215 4726 juris:
1235 4667 1251 4700 a
1267 4642 1456 4707 Necessitas
1470 4659 1540 4705 non
