3504 5566
387 539 446 602 tto
846 552 897 602 rus
917 553 1097 602 caucasum.

427 663 543 735 Testes
549 673 668 754 jurant
678 689 780 753 super
788 675 860 735 tcta
871 671 1015 735 veritate
1028 667 1181 745 dicende,
1194 685 1297 752 super
1307 665 1402 734 nulla
1414 667 1559 733 falsitate

386 779 661 854 intermiscenda,
679 796 782 862 super
795 779 889 842 omni
904 778 1047 844 veritate
1070 776 1286 858 dicendapro
1305 781 1449 859 utraque
1465 781 1560 860 parte

387 881 506 965 (Gloss.
528 873 606 947 in'c.
622 883 660 945 ti
679 881 713 944 h.
730 883 779 964 t).

427 985 546 1062 Quoad
564 986 711 1050 formam
727 986 924 1068 juramenti,
949 985 1118 1051 servanda
1143 991 1196 1050 est
1216 984 1430 1051 consuetudo
1450 986 1562 1068 cujus-

387 1113 533 1179 cumque
555 1094 742 1160 trihunaiis.
768 1094 806 1158 ln
820 1095 931 1161 causis
954 1095 1214 1161 beatificationis
1227 1095 1284 1160 vel
1297 1093 1562 1160 canonizationis

388 1203 593 1272 sanctorum,
612 1203 716 1262 testes
728 1200 846 1282 jurant
859 1199 955 1263 tactis
965 1197 1169 1281 Evangelia,
1187 1204 1231 1275 et,
1248 1199 1278 1264 si
1287 1199 1356 1262 sint
1369 1196 1562 1261 charactere

388 1299 571 1386 episcopali
584 1300 748 1382 insigniti,
766 1305 855 1366 tacto
868 1307 1016 1384 pectore.

427 1412 459 1474 Ψ
473 1409 630 1476 Ecomen
649 1411 789 1474 testium
809 1411 999 1476 instituitur
1014 1417 1093 1495 post
1111 1412 1303 1495 praestitum
1314 1415 1562 1496 juramentum,

317 1555 321 1570 ι
388 1536 461 1584 non
472 1524 565 1596 ante,
588 1537 669 1584 cum
689 1519 769 1584 testi
788 1508 983 1602 nonjurato
999 1540 1070 1586 non
1084 1521 1252 1587 credatur.
1270 1521 1355 1586 illud
1368 1537 1514 1586 examen
1527 1521 1566 1583 flt

388 1645 408 1691 a
425 1627 539 1711 judice
558 1625 615 1692 vel
635 1629 710 1710 ejus
724 1626 894 1710 delegato,
910 1629 947 1694 in
966 1629 1042 1696 loco
1063 1629 1192 1714 judicii,
1218 1649 1330 1706 mane,
1353 1629 1435 1694 dum
1456 1629 1565 1695 adhue

389 1741 494 1800 testes
509 1739 590 1799 suut
598 1735 719 1818 jejuni,
736 1740 799 1800 etc.
814 1736 853 1818 (c.
871 1737 887 1798 t
903 1737 936 1799 h.
954 1737 1001 1818 t).

427 1843 537 1907 Judex
552 1843 725 1907 examinat
747 1847 818 1907 tam
839 1862 942 1926 super
962 1845 1233 1926 interrogatoriis
1254 1863 1360 1930 wan
1372 1864 1475 1930 super
1488 1846 1566 1910 arti-

388 1950 483 2026 culis,
500 1969 560 2034 per
574 1939 779 2033 domationes
793 1951 942 2033 primum
952 1952 1142 2032 generales,
1157 1953 1280 2018 deiude
1293 1951 1467 2036 speciales,
1480 1973 1566 2018 nan-

389 2075 492 2141 quam
525 2063 641 2124 autem
670 2059 896 2140 suggestivas.
928 2058 1000 2124 lmo
1026 2060 1203 2140 exquirere
1232 2060 1334 2124 debet
1356 2079 1398 2125 ex
1423 2062 1565 2126 testibus

388 2165 556 2230 rationem
570 2183 631 2230 seu
644 2183 784 2230 causam
799 2167 959 2242 scientia,
976 2168 1259 2245 circumstantias,
1274 2169 1400 2246 locum,
1417 2175 1563 2253 tempus,

388 2273 513 2348 visum,
530 2275 593 2337 etc.
607 2273 715 2356 ipsius
729 2275 870 2354 negotii.

428 2381 536 2444 Debet
560 2382 664 2447 etiam
687 2381 819 2446 institui
839 2401 985 2448 examen
1006 2403 1109 2469 super
1127 2403 1293 2468 personas
1314 2387 1465 2464 testium,
1481 2405 1567 2470 prae·

390 2488 508 2552 sertim
521 2489 549 2552 si
560 2507 708 2571 persona
719 2489 837 2570 ignota
852 2491 896 2553 ait
910 2491 949 2571 (c.
965 2492 1050 2554 3711.
1068 2495 1116 2575 t).

430 2593 576 2673 Quilibet
596 2597 691 2660 testis
713 2597 857 2662 seorsim
872 2603 907 2662 et
921 2605 1053 2665 secreto
1067 2603 1293 2678 examinatur,
1313 2621 1393 2667 nam
1407 2605 1436 2667 si
1450 2603 1564 2687 plures

391 2709 517 2779 essent,
536 2703 725 2788 periculum
745 2705 891 2769 foretne
907 2723 996 2770 unus
1009 2707 1155 2774 instruat
1169 2710 1253 2775 alios
1267 2729 1345 2775 cum
1361 2711 1565 2775 detrimento

391 2815 555 2879 veritatis.
1623 2892 1626 2900 ,

431 2923 463 2986 3⁰
478 2921 646 3006 Depositio
661 2922 800 2986 testium
818 2923 893 2988 fieri
910 2923 1012 2990 debet
1030 2928 1110 2993 vive
1123 2947 1207 2994 voce
1230 2937 1264 2997 et
1277 2949 1347 2996 non
1359 2931 1395 2995 in
1409 2930 1540 3015 scriptis
1557 2950 1564 2992 ε

394 3057 409 3089 u
425 3029 580 3095 Testihus
591 3031 801 3095 credendum
816 3037 879 3108 est,
895 3051 965 3098 non
980 3037 1196 3116 testimoniis,
1207 3065 1222 3098 a
1238 3045 1277 3105 ut
1288 3040 1459 3121 legiturin
1473 3039 1495 3103 l.
1511 3039 1569 3103 eff

391 3138 424 3200 h.
438 3144 475 3212 t.;
487 3138 536 3202 ita
550 3144 585 3202 et
597 3157 671 3202 can.
681 3139 711 3214 3,
726 3156 840 3216 causa,
857 3142 888 3216 ὅ,
905 3160 937 3224 q.
954 3142 984 3218 9,
1001 3148 1065 3208 eto.
1083 3145 1179 3211 Ratio
1195 3152 1257 3223 est,
1276 3149 1356 3231 quia
1375 3167 1418 3212 ex
1432 3165 1516 3214 voce
1532 3154 1567 3211 et

392 3249 492 3326 gestu
509 3246 710 3329 deponentis
724 3246 854 3312 facilius
869 3249 995 3314 veritae
1008 3249 1284 3333 deprehenditur.

432 3354 604 3437 Depositio
632 3354 734 3418 debet
759 3373 834 3418 esse
866 3357 1051 3420 conformis
1075 3359 1216 3425 articulo
1241 3369 1276 3427 et
1295 3363 1564 3448 interrogationi,

392 3459 483 3525 clara
500 3466 535 3524 et
547 3461 737 3546 perspicua,
763 3467 923 3527 constans
939 3469 974 3528 et
995 3469 1098 3532 certa.
1115 3468 1192 3534 Hac
1210 3471 1326 3538 omnia
1345 3477 1398 3538 sat
1410 3480 1568 3539 constant

394 3587 436 3632 ex
451 3567 565 3633 indole
581 3569 777 3634 testimonii.

433 3675 499 3740 Hae
515 3675 755 3761 depositiones,
773 3681 926 3756 servatis,
944 3688 1111 3766 quantum
1124 3685 1200 3750 fieri
1216 3693 1340 3770 potest,
1360 3691 1443 3774 ipsis
1454 3693 1567 3756 verbis

394 3785 544 3862 testium,
561 3786 714 3850 notarius
729 3787 853 3864 scribit,
878 3789 1023 3856 dictante
1036 3793 1161 3875 judice,
1183 3800 1218 3860 et
1232 3815 1275 3860 ex
1287 3799 1475 3880 protocollo
1489 3802 1566 3865 testi

394 3891 549 3977 preelegit
563 3901 602 3958 ut
615 3896 802 3979 perpendat
815 3917 859 3962 an
873 3906 965 3965 recte
979 3902 1171 3970 intellectus
1185 3905 1287 3972 suerit
1303 3929 1310 3971 :
1331 3913 1446 3991 potest
1459 3910 1567 3975 adhue

395 4002 494 4078 dicta,
510 4003 625 4067 nunus
639 4009 731 4069 recte
746 4006 878 4089 scripta,
895 4011 1077 4093 corrigere.

433 4109 584 4176 Tandem
599 4113 677 4176 testi
691 4113 878 4197 imponitur
892 4117 1067 4185 silentium
1084 4123 1201 4188 desua
1215 4125 1439 4210 depositione,
1464 4130 1566 4194 etiem

396 4221 459 4284 suh
471 4223 678 4304 juramento,
695 4223 722 4286 si
737 4223 785 4288 ita
798 4227 1009 4294 consuetudo
1030 4231 1169 4310 habeam
1193 4239 1229 4298 at
1247 4235 1282 4299 in
1306 4237 1417 4302 causis
1440 4238 1569 4302 beatitl-

395 4327 538 4392 caticnis
562 4335 597 4392 et
623 4331 890 4398 canonizationis
909 4335 1083 4402 silentium
1098 4343 1252 4424 juratum
1278 4362 1414 4427 semper
1440 4347 1569 4428 imponi

396 4435 507 4499 debet.
