3488 5568
348 573 409 637 tta
812 591 863 637 scs
883 591 1062 638 eancmeux.

349 707 480 772 cultum
500 706 721 792 reliquiarum
747 711 782 770 et
802 707 1003 789 imaginum.
1022 707 1094 772 Hoc
1121 706 1296 774 decretum
1318 707 1469 792 loquitur
1492 710 1528 774 in

351 817 469 900 primis
484 815 526 881 de
543 815 759 880 invocatione
777 820 812 880 et
823 815 1045 887 veneratione
1061 819 1267 892 sanctorum,
1286 817 1329 882 ad
1345 817 1528 882 excluden-

352 923 434 988 dum
463 941 615 988 errorem
636 923 1055 1006 pseudorelormatorum;
1085 925 1208 990 deinde
1231 925 1302 1008 agit
1324 926 1365 1008 de
1387 945 1530 990 venera-

354 1034 445 1098 tione
459 1032 690 1117 reliquiarum,
712 1032 850 1098 tandem
865 1033 907 1098 de
922 1033 1129 1114 imaginibus
1144 1035 1259 1100 sacris.
1277 1035 1405 1101 Relicta
1418 1035 1531 1120 prima

351 1147 457 1226 parte,
475 1161 551 1227 quea
566 1145 742 1227 estpotius
751 1143 919 1228 polemica
933 1148 968 1208 et
978 1145 1183 1228 dogmatica,
1201 1145 1242 1211 de
1256 1145 1389 1211 duabus
1401 1144 1531 1210 ultimis

351 1249 500 1317 breviter
515 1251 745 1316 tractabimus.

749 1441 768 1490 1,
786 1441 827 1492 De
840 1439 919 1494 cultu
934 1439 1128 1506 reliquiarum.

393 1575 626 1659 delicularum
655 1575 795 1640 nomine
828 1575 1069 1659 intelliguntur
1096 1582 1293 1644 sanctorum
1326 1595 1470 1662 corpora
1497 1583 1533 1642 et

354 1683 514 1766 quaelibet
537 1684 690 1766 ipsorum
710 1684 884 1766 particulae
908 1689 968 1750 aut
991 1686 1132 1762 ossium,
1163 1686 1329 1764 carnium,
1347 1690 1431 1762 etc.;
1448 1685 1533 1749 item

351 1791 475 1876 capilli,
501 1792 631 1868 dentes,
654 1792 827 1876 pulveres,
851 1797 929 1870 etc.;
957 1794 1040 1858 item
1056 1799 1185 1872 vestes,
1213 1795 1306 1873 vela,
1323 1793 1443 1878 panni,
1466 1797 1529 1857 etc.

353 1903 477 1986 quibus
495 1899 548 1966 usi
564 1906 663 1978 sunt;
681 1902 828 1986 denique
848 1903 915 1970 alia
929 1923 1155 1989 quaecumque
1176 1923 1252 1990 quae
1268 1903 1312 1968 ad
1326 1921 1446 1969 eorum
1461 1921 1534 1967 cor-

352 2027 437 2093 pora
461 2009 517 2074 vel
542 2027 621 2076 ossa
644 2009 859 2086 adhibentur,
885 2011 941 2076 vel
961 2029 1037 2096 quae
1053 2013 1128 2095 ipsa
1151 2012 1348 2094 tetigerunt.
1369 2011 1533 2094 Reliquiae

352 2135 429 2199 quae
448 2121 607 2182 constant
624 2117 759 2200 integro
779 2135 921 2202 corpore
936 2119 991 2184 vel
1005 2120 1158 2203 partibus
1172 2119 1352 2204 praeoipuis
1366 2119 1530 2202 corporis,

355 2224 514 2290 dicuntur
532 2226 689 2310 inciperes.
1076 2248 1079 2254 ¹

393 2335 426 2415 α)
447 2331 610 2418 Reliquiae
632 2335 772 2402 omnino
800 2336 899 2402 no'vae
921 2335 1056 2420 publico
1078 2336 1184 2402 cultui
1203 2335 1328 2420 exponi
1356 2340 1534 2420 nequeunt

353 2443 482 2526 absque
497 2443 697 2507 auctoritate
713 2443 810 2508 Sedis
830 2443 1042 2528 Apostolicae,
1061 2449 1099 2508 ut
1117 2449 1252 2509 constat
1273 2461 1317 2508 ex
1336 2461 1397 2528 cap
1416 2445 1474 2508 tin.
1495 2445 1530 2507 h.

355 2552 405 2616 tit.
431 2551 465 2616 Si
488 2571 571 2617 vero
596 2552 748 2637 reliquiae
766 2557 836 2619 sint
855 2555 1004 2639 antiquae
1023 2555 1167 2638 alicujus
1194 2554 1302 2620 sancti
1324 2555 1367 2620 ab
1385 2553 1535 2619 Ecclesia

354 2661 542 2727 canonizati
563 2661 619 2726 vel
632 2663 824 2740 beatificati,
846 2664 971 2730 sufficit
991 2663 1175 2729 auctoritas
1191 2664 1342 2747 episcopi
1363 2681 1421 2728 eas
1441 2681 1534 2729 reco

355 2772 553 2854 gnosoentis
566 2773 630 2853 :gita
649 2791 743 2839 conc.
760 2774 862 2850 Trid,
875 2792 958 2840 sess.
975 2775 1025 2852 eo,
1043 2779 1078 2838 et
1092 2773 1224 2850 SixtiV,
1237 2777 1346 2839 const.
1357 2773 1531 2846 Dominus,

356 2879 391 2944 Si
407 2880 519 2945 solum
534 2883 786 2948 transferuntur
805 2903 849 2947 ex
868 2902 937 2949 una
955 2882 1097 2949 ecclesie
1111 2883 1147 2947 in
1161 2881 1273 2960 aliam,
1291 2901 1362 2948 non
1379 2881 1536 2963 indigent

355 2991 609 3075 approbatione,
640 2992 700 3056 sed
716 2991 789 3058 solo
804 2993 961 3058 examine
977 2992 1197 3077 episcopiam
1220 2993 1290 3056 sint
1303 2991 1368 3056 illae
1382 2989 1534 3074 reliquia

357 3101 595 3182 praefuerunt
620 3102 826 3184 approbatae.
859 3101 986 3166 Tamen
1011 3118 1154 3186 corpora
1177 3103 1374 3166 sanctorum
1402 3097 1535 3164 atalia

355 3205 507 3291 reliquiae
522 3207 675 3289 insignes
696 3209 872 3274 transferri
892 3214 1070 3294 nequeunt
1089 3209 1131 3273 de
1150 3208 1287 3274 civitate
1307 3207 1343 3272 in
1361 3208 1535 3272 civitatem

357 3335 420 3380 nec
441 3316 483 3381 de
500 3335 570 3382 una
590 3317 732 3382 ecclesia
750 3319 786 3382 in
802 3317 914 3394 eliam,
931 3317 1125 3384 inconsulta
1141 3317 1228 3382 Sede
1244 3314 1437 3400 apostolica
1457 3335 1464 3377 :
1486 3315 1535 3379 ita

358 3424 542 3490 declaravit
557 3425 588 3489 S.
604 3425 725 3508 Congr.
743 3425 849 3510 Reliq.
861 3425 953 3510 apud
962 3425 1087 3491 Bened.
1100 3423 1181 3489 xlv.
1196 3424 1234 3489 ln
1243 3423 1411 3507 eiusmodi
1427 3427 1535 3488 trans-

357 3533 495 3610 latione,
512 3533 649 3618 quando
668 3533 886 3617 permittitur,
904 3534 959 3598 vel
981 3533 1084 3599 etiam
1106 3532 1297 3615 generatim
1313 3529 1435 3596 inillis
1457 3549 1534 3614 quae

359 3643 447 3707 liunt
460 3642 495 3705 in
509 3642 795 3725 processionibus,
812 3641 964 3726 reliquia
978 3659 1048 3707 non
1062 3641 1189 3706 debent
1203 3639 1327 3704 deterri
1343 3639 1406 3704 sub
1421 3637 1535 3704 balda-

358 3751 469 3826 chino,
494 3753 533 3813 ut
546 3749 697 3814 decrevit
717 3749 749 3814 S.
767 3749 889 3832 Gongr.

399 3859 428 3940 b)
453 3857 615 3943 Reliquiae
632 3877 703 3922 nen
723 3860 917 3942 approbatae
934 3861 1059 3943 exponi
1080 3861 1258 3943 nequeunt
1271 3855 1377 3921 cultui
1400 3855 1535 3939 publico

359 3985 438 4033 cum
457 3966 663 4050 approbatis,
687 3965 767 4050 quia
789 3965 830 4030 de
851 3985 888 4030 se
911 3983 982 4032 non
1007 3971 1088 4031 sunt
1105 3966 1217 4048 dignae
1242 3964 1378 4048 publica
1395 3979 1537 4028 venera-

359 4077 463 4151 tione,
485 4079 520 4140 et
543 4093 586 4138 ex
606 4073 849 4139 commixtione
871 4092 950 4139 cum
976 4074 1050 4140 aliis
1071 4076 1239 4157 majorem
1263 4092 1333 4139 non
1357 4073 1538 4156 acquirunt

361 4185 571 4266 dignitatern.

401 4293 428 4375 c)
445 4291 608 4376 Reliquiae
626 4292 786 4376 antiquae,
814 4291 897 4354 dum
917 4291 1043 4374 popule
1067 4291 1310 4366 ostenduntur,
1328 4307 1399 4354 non
1413 4289 1539 4354 debent

363 4403 495 4468 extrahi
502 4421 545 4467 ex
559 4419 723 4486 capsa‚ne
734 4399 988 4486 vilipendentur
1004 4421 1011 4464 :
1029 4401 1077 4466 ita
1086 4400 1261 4465 decretum
1272 4403 1325 4464 eet
1337 4399 1374 4463 in
1386 4417 1458 4482 cap.
1475 4400 1536 4462 fln.

360 4513 393 4576 h.
411 4512 461 4574 tit.
478 4509 625 4594 Populus
639 4509 760 4576 videns
771 4529 851 4576 cesa
864 4509 1036 4575 denudata
1049 4513 1167 4593 posset
1176 4509 1434 4573 venerationem
1447 4505 1540 4571 debi-

363 4625 431 4684 tam
444 4619 625 4701 denegare,
644 4620 724 4704 quia
737 4625 873 4704 putaret
886 4638 957 4685 non
973 4637 1048 4684 esse
1060 4617 1221 4702 reliquias
1237 4621 1444 4690 sanctorum,
1462 4633 1539 4698 quae

363 4733 411 4794 ita
424 4731 595 4793 vetustate
616 4733 776 4810 corrupta
792 4731 882 4792 s'unt.
905 4726 1009 4792 Multo
1030 4727 1147 4792 minus
1169 4725 1271 4790 vendi
1292 4727 1444 4808 possent,
1460 4741 1541 4789 cum
