3504 5568
814 535 864 584 JUS
886 535 1066 584 truculenti.

520 1089 563 1135 DE
590 1089 882 1137 CONSECRATIONE
909 1089 1086 1135 ECGLESIAE
1112 1089 1178 1134 vitu
1204 1089 1364 1136 strutus.
1458 1113 1462 1119 ·

392 1411 487 1476 Nom.
506 1413 537 1475 l·
550 1409 681 1476 Nomen
698 1409 867 1491 Ecclesia,
879 1414 979 1494 juxta
998 1411 1252 1495 etymologiam,
1270 1413 1438 1494 significat
1452 1429 1535 1476 con-

352 1519 568 1583 vocationem
581 1519 714 1603 populi;
732 1539 775 1584 ex
798 1526 935 1603 recepto
958 1539 1035 1596 usu,
1054 1525 1183 1586 coetum
1197 1520 1351 1586 lldelium
1375 1537 1436 1584 seu
1453 1537 1533 1584 con·

250 1633 251 1636 ’
352 1625 590 1708 gregationem
612 1627 873 1705 catholicorum
895 1627 1035 1695 tandem
1049 1629 1085 1693 in
1100 1647 1204 1693 sensu
1228 1628 1407 1712 praesentis
1430 1625 1531 1704 tituli,

242 1813 243 1818 ἵ
353 1733 463 1798 aedem
486 1751 633 1810 sacram,
657 1733 693 1799 in
719 1753 786 1819 quo
812 1735 932 1800 lldeles
958 1736 1002 1801 ad
1026 1734 1245 1820 percipienda
1271 1753 1367 1800 sacra
1392 1753 1534 1817 congre·

379 1845 491 1906 antur.

354 1857 426 2010 81θ
442 1947 655 2014 consecrata
680 1969 742 2015 seu
764 1950 931 2017 dedicatio
954 1955 1006 2018 est
1025 1951 1188 2016 solemnis
1214 1951 1387 2036 deputatio
1409 1949 1453 2016 od
1466 1949 1537 2014 oul-

181 2131 186 2146 ,
249 2073 251 2076 ·
356 2059 430 2119 tum
454 2055 609 2121 divinum
632 2059 722 2122 lacta
745 2057 939 2140 alegitimo
962 2059 1131 2136 ministro,
1149 2059 1400 2124 interveniente
1423 2058 1538 2123 debita

353 2165 498 2230 materia
512 2169 547 2228 et
559 2165 680 2242 forma,
697 2183 777 2230 oum
791 2167 981 2233 intentione
998 2169 1171 2233 canonica.
1189 2167 1447 2241 consecrantur,
1465 2183 1536 2230 non

354 2270 489 2330 tantum
511 2267 673 2342 ecclesiae,
690 2269 751 2334 sed
767 2269 870 2334 otiam
885 2270 1004 2336 altaria
1018 2275 1052 2335 et
1066 2289 1122 2335 res
1138 2270 1212 2335 oliae
1228 2269 1271 2334 ad
1285 2267 1415 2334 cultum
1430 2268 1536 2351 depu-

356 2378 450 2450 tatae;
467 2375 509 2440 do
523 2376 589 2442 hoc
607 2377 729 2461 triplici
744 2378 879 2462 obiecto
899 2379 1092 2444 successive
1109 2397 1263 2462 agemus.
1280 2378 1389 2442 Minus
1412 2375 1535 2442 solem·

354 2481 406 2544 nis
422 2481 589 2550 dedicatio
605 2485 728 2550 dicitur
743 2485 939 2566 benedictio,
960 2506 1036 2572 quae
1060 2488 1100 2550 flt
1115 2487 1151 2550 in
1170 2487 1436 2552 consecrationis
1456 2485 1535 2550 sub·

356 2589 491 2668 sidium,
517 2610 597 2656 cum
621 2593 744 2659 alicubi
764 2593 913 2678 episcopi
938 2613 1009 2660 non
1028 2594 1183 2660 vaierent
1202 2593 1355 2675 singulas
1376 2593 1536 2658 ecclesias

355 2695 555 2764 solemniter
567 2717 779 2766 consecrare.
792 2699 975 2786 Utriusque
986 2701 1207 2766 dedicationis
1223 2700 1436 2766 caeremoniae
1450 2700 1536 2764 rele-

355 2809 479 2868 runtur
492 2805 528 2870 in
542 2806 729 2872 Pontisscali
747 2807 913 2874 Romano.

395 2913 427 2975 3ο
441 2913 538 2978 Ritus
552 2914 775 2980 consecrandi
796 2916 967 2998 originem
984 2917 1088 2982 habet
1107 2935 1151 2981 ex
1165 2916 1278 2982 Veteri
1301 2916 1534 2990 Testamenta,

357 3023 415 3086 ubi
435 3023 567 3106 Moyses
589 3025 848 3091 tabernaculum
868 3031 903 3091 et
923 3024 1085 3092 Salomon
1099 3025 1266 3110 templum
1285 3026 1356 3091 1166
1373 3025 1535 3099 dicantes,

356 3133 513 3214 precibus
529 3137 563 3196 et
575 3133 735 3199 unctione
751 3138 944 3210 sacrarunt;
961 3135 997 3198 in
1020 3133 1098 3216 loge
1119 3152 1220 3210 6666,
1237 3133 1373 3199 initium
1389 3129 1538 3215 sumpsit

357 3244 557 3323 atempore
588 3243 841 3324 apostolorum,
868 3248 903 3308 et
930 3241 963 3306 S.
992 3241 1166 3326 Sylvester
1193 3243 1288 3306 auxit
1317 3261 1356 3307 ao
1385 3239 1539 3305 strictius

359 3345 603 3413 determinavit
616 3351 839 3418 ceremonias
852 3351 988 3416 illarum
1003 3350 1311 3415 consecrationum.

799 3569 935 3632 suerio
960 3569 1095 3634 PRIMA.

659 3717 706 3771 Do
732 3719 984 3773 consecratione
1008 3719 1237 3772 666166166661.

697 3861 718 3934 l.
734 3885 774 3935 116
785 3881 955 3937 necessitate
968 3881 1198 3936 consecrationis.

398 4007 620 4094 Regulariter,
637 4029 708 4076 non
723 4010 802 4076 licet
814 4011 985 4078 celebrare
1002 4013 1117 4078 divina
1131 4013 1196 4077 nisi
1211 4011 1246 4076 in
1260 4012 1335 4079 loco
1348 4013 1392 4078 ad
1408 4013 1539 4078 cultum

359 4117 549 4204 specialiter
563 4117 737 4202 deputato;
752 4121 1047 4186 constatexvan'is
1062 4121 1439 4206 declarationibusJuris
1454 4121 1539 4186 enti-

359 4228 499 4312 quioris,
512 4246 544 4290 v.
560 4245 593 4308 g.
603 4245 678 4292 can.
691 4225 826 4305 Nullus,
843 4229 892 4306 11,
911 4227 953 4292 de
967 4228 1133 4309 Concedo,
1146 4227 1223 4294 dist.
1236 4229 1266 4306 t;
1279 4233 1313 4294 et
1326 4228 1536 4303 recentioris,
1637 4219 1641 4234 ‘

358 4333 416 4398 uhi
431 4335 613 4398 innumera
625 4335 796 4399 habentur
809 4335 1016 4401 testimonia.
1033 4336 1103 4403 Hoc
1120 4336 1283 4420 procedit,
1301 4337 1433 4402 etiamsi
1448 4334 1536 4402 cele-

357 4443 514 4508 braretur
531 4443 566 4506 in
585 4442 683 4508 altari
696 4445 845 4528 portatili
862 4465 870 4508 :
887 4451 922 4510 61
936 4444 1009 4510 haec
1020 4445 1204 4529 prohibitio
1219 4445 1349 4528 obligat
1363 4447 1426 4511 sub
1441 4444 1539 4528 gravi

358 4550 393 4614 in
414 4550 488 4615 loro
507 4541 736 4628 conscientiae,
753 4557 788 4617 et
809 4553 845 4617 in
863 4553 938 4618 foro
959 4557 1102 4618 externo
1122 4551 1292 4618 violentes
1311 4553 1404 4619 illam
1424 4553 1539 4636 legem

356 4657 454 4740 gravi
465 4676 569 4742 66666
579 4658 743 4741 puniendi
760 4665 849 4726 sunt.
863 4659 929 4726 Sed
939 4659 1054 4743 plures
1066 4659 1295 4726 admittuntur
1305 4661 1536 4746 exceptiones.
