3498 5572
371 578 431 642 tce
730 565 736 576 ’
834 600 886 644 rus
908 599 1088 646 1111111111.

371 717 450 778 ante
465 713 629 778 vicarium
643 714 864 796 generalem:
887 715 936 780 ita
956 715 1057 780 Sacra
1076 717 1197 800 Congr.
1219 719 1283 783 Rit.
1303 721 1323 783 5
1341 725 1440 790 mart.
1460 721 1548 785 1633.

411 821 438 902 c)
452 821 508 886 An
522 821 705 884 benedictio
721 821 903 886 mulierum
913 831 990 905 post
997 831 1142 907 portum
1161 826 1205 888 sit
1223 827 1355 906 selectio
1374 827 1551 910 parocbia-

371 927 434 994 lis?
447 928 519 994 Sac.
543 929 665 1011 Gongr.
682 929 759 1006 Rit,
775 929 811 993 in
828 930 955 996 decret.
969 950 1048 998 ann.
1065 933 1144 996 17113
1159 933 1425 1018 supralaudato,
1443 936 1552 1002 decla-

370 1037 459 1100 ravit
484 1061 499 1093 «
522 1037 610 1103 hauc
632 1036 909 1102 benedictionem
926 1039 1001 1103 fleri
1024 1039 1149 1104 debere
1165 1059 1186 1105 a
1205 1042 1362 1123 parochis
1382 1067 1410 1106 o.
1428 1042 1493 1106 Sed
1516 1043 1551 1108 in

369 1143 520 1228 pluribus
544 1144 791 1209 recentioribus
811 1146 967 1222 decretis,
991 1147 1183 1230 presertim
1206 1149 1223 1210 1
1248 1147 1437 1214 decembris
1459 1151 1549 1227 1720,

368 1254 577 1319 contrarium
591 1255 763 1338 reperitur
777 1253 998 1333 declaratum,
1016 1257 1052 1319 in
1065 1254 1131 1320 hoc
1146 1273 1249 1321 sensu
1264 1258 1356 1341 quod
1372 1283 1387 1316 «
1404 1257 1439 1322 in
1452 1257 1552 1323 liber-

369 1364 438 1425 tate
460 1379 707 1444 puerperarum
724 1363 768 1426 sit
789 1363 951 1428 accedere
967 1363 1011 1428 ad
1028 1381 1280 1450 quamcumque
1295 1366 1474 1432 ecclesiam
1488 1367 1551 1432 sihi

368 1469 567 1538 benevisam
583 1493 610 1534 o.

675 1645 717 1696 111.
735 1645 775 1696 De
789 1643 1027 1696 inamouhlmate
1041 1643 1240 1708 parochorum.

409 1798 441 1878 a)
466 1797 535 1860 Etsi
561 1795 772 1879 perpetuitas
797 1795 936 1878 parochi
956 1797 992 1860 in
1011 1815 1074 1861 sua
1086 1796 1257 1880 parochia,
1275 1797 1382 1862 semel
1398 1797 1550 1880 legitime

367 1905 501 1988 adepta,
527 1923 599 1969 non
619 1905 728 1988 possit
745 1904 882 1988 proprle
902 1905 1075 1970 accenseri
1087 1905 1221 1988 juribus
1242 1906 1480 1988 parochorum,
1504 1911 1551 1971 ta-

367 2033 459 2088 men,
485 2013 662 2077 cccasione
691 2015 829 2094 sumpta
848 2029 894 2074 ex
910 2013 1171 2076 enumeratione
1186 2012 1328 2094 jurium,
1350 2012 1476 2096 aliquid
1497 2014 1550 2077 hic

368 2123 521 2187 dicemus
535 2121 577 2188 de
597 2121 655 2186 illa
670 2120 863 2186 stabilitate.
882 2119 916 2184 Si
936 2119 1031 2186 nulla
1049 2121 1176 2185 luisset
1199 2125 1320 2186 exorta
1340 2123 1484 2204 quaestio
1508 2123 1550 2186 de

369 2253 384 2288 «
410 2229 653 2294 amovibilitate
681 2254 696 2287 »
711 2233 897 2294 rectorum
923 2253 938 2286 «
963 2227 1209 2293 succursalium
1234 2255 1249 2288 »
1270 2230 1305 2293 in
1328 2227 1443 2306 Gallia,
1467 2229 1550 2294 nihil

368 2337 563 2402 addendum
577 2339 667 2401 foret
688 2337 844 2420 superius
869 2337 966 2400 dictis
987 2337 1030 2400 de
1058 2337 1290 2414 beneficiatis;
1319 2355 1400 2401 nam
1423 2338 1550 2402 beneit-

367 2446 458 2510 cium
478 2445 669 2529 parochiale
686 2445 910 2510 constitutum
923 2450 976 2509 est
989 2445 1033 2510 ad
1047 2445 1155 2510 instar
1168 2445 1324 2509 omnium
1338 2444 1493 2520 aliorum,
1511 2463 1550 2509 ac

367 2553 508 2636 proinde
523 2559 562 2645 ut
573 2553 798 2638 perpetuitate
813 2552 984 2636 personali
998 2571 1060 2618 seu
1072 2551 1355 2617 inamovibilitate
1371 2552 1546 2618 donatum.

366 2663 410 2726 m
423 2662 560 2744 parochi
575 2661 666 2745 apud
680 2679 743 2724 nos
760 2660 865 2725 dividi
882 2660 996 2726 solent
1024 2662 1060 2726 in
1080 2661 1247 2745 parochos
1270 2663 1404 2746 proprie
1426 2661 1546 2736 dictos,

369 2771 426 2854 qui
451 2773 654 2853 reputantur
679 2767 927 2845 inamovibiles,
953 2773 988 2832 et
1014 2769 1259 2845 deservitores,
1288 2773 1328 2832 ut
1352 2769 1463 2846 11111,
1490 2769 1547 2852 qui

368 2883 484 2942 essent
508 2878 550 2942 ad
578 2882 700 2942 nutum
724 2877 874 2961 episcopi
898 2877 1115 2942 amovibiles:
1134 2877 1241 2960 lgitur
1258 2877 1373 2959 gravis
1395 2877 1549 2958 exsurgit

367 2989 520 3070 queastio,
535 2989 608 3070 jam
622 2985 743 3050 leviter
755 2991 843 3050 tacta
857 2987 893 3049 in
909 2987 1141 3069 superioribus
1154 2985 1260 3050 titulis
1276 3005 1283 3048 :

408 3097 437 3178 b)
464 3097 520 3160 Aa
544 3097 714 3181 episcopus
732 3097 843 3180 possit
872 3097 1072 3160 constituere
1087 3095 1256 3181 parochos
1284 3095 1478 3160 emcuibilcs
1513 3097 1548 3158 iu

361 3205 532 3287 parochiis
545 3203 624 3284 jem
639 3201 857 3268 constitutis?
878 3205 911 3266 l⁰
926 3202 1062 3266 Certum
1084 3207 1137 3266 est
1151 3202 1247 3266 illum
1262 3221 1330 3268 non
1346 3221 1447 3288 posse
1468 3221 1549 3268 con-

368 3313 508 3377 stituere
533 3313 599 3376 nisi
627 3311 793 3395 parochos
822 3311 1070 3387 inamovibiles,
1099 3311 1232 3378 secluso
1257 3331 1428 3378 consensu
1451 3311 1548 3377 Sedis

368 3421 579 3506 apostolica.
597 3421 736 3486 Constat
751 3421 843 3485 enim
858 3440 902 3485 ex
915 3439 1018 3505 supra
1031 3421 1182 3504 probatis
1197 3422 1232 3486 in
1247 3422 1297 3485 tit.
1313 3423 1431 3505 quinto
1445 3422 1549 3484 bene-

366 3532 592 3598 ssciaoonierri
601 3531 725 3596 debere
742 3532 777 3595 io
783 3539 1112 3616 perpetuum,·porro
1121 3531 1300 3614 parochiae,
1310 3533 1384 3614 jam
1397 3534 1544 3606 statutae,

369 3645 450 3704 sunt
471 3657 554 3704 vera
576 3656 615 3705 ac
634 3641 768 3723 proprie
790 3638 879 3703 dicta
893 3639 1059 3704 beneficia
1073 3637 1241 3715 titularia;
1260 3657 1302 3703 ex
1317 3638 1424 3703 altera
1437 3641 1544 3721 parte,

369 3748 518 3831 episcopi
532 3746 667 3828 legibus
678 3747 850 3811 canonicis
866 3746 1103 3829 subjiciuntur.

408 3859 441 3920 2⁰
461 3857 505 3920 At
522 3855 627 3921 Sedes
641 3856 842 3939 Apostohca,
865 3875 909 3920 ex
922 3855 1134 3938 plenitudine
1158 3849 1347 3939 potestatis,
1365 3855 1546 3941 disponere

368 3969 482 4048 potest
495 3965 537 4030 de
551 3967 655 4030 rebus
669 3964 915 4041 ecclesiasticis,
937 3971 972 4028 et
997 3965 1162 4030 beneficia
1182 3965 1387 4048 parochialia
1403 3965 1546 4031 reddere

368 4075 550 4140 manualia.
575 4075 693 4153 Quoad
714 4076 853 4150 lactum,
877 4075 961 4140 nihil
989 4093 1142 4159 unquam
1170 4093 1191 4140 a
1219 4074 1343 4140 Sancta
1371 4075 1457 4139 Sede
1480 4075 1546 4140 1111

367 4185 534 4247 statutum
547 4183 611 4249 hac
625 4183 661 4246 in
680 4201 737 4258 re;
761 4181 822 4246 sed
842 4187 976 4247 tantum
991 4183 1153 4246 Summus
1172 4181 1339 4260 Pontilerr,
1358 4201 1400 4248 ex
1422 4182 1543 4264 Gongr.

369 4289 467 4354 Gono.
485 4289 688 4366 1111111815,
704 4289 1341 4373 111111111111111111111111111311311
1360 4293 1543 4374 receptam,

370 4422 385 4456 «
414 4397 522 4463 donec
544 4398 642 4462 aliter
668 4418 689 4464 a
717 4398 839 4464 Sancta
865 4398 1057 4480 Apostolica
1079 4399 1165 4464 Sede
1189 4401 1356 4464 statutum
1384 4399 1489 4462 fuerit
1515 4423 1542 4460 ».

358 4505 490 4588 lgitur,
512 4524 556 4569 ex
577 4501 678 4571 'tacito
698 4524 867 4572 consensu
889 4506 1019 4570 Summi
1034 4505 1223 4583 Pontitlcis,
1251 4505 1398 4591 episcopi
1413 4509 1546 4589 ponunt

370 4612 597 4678 deservitores
612 4633 672 4678 seu
687 4615 853 4697 parochos
866 4613 1066 4680 amovibiles
1081 4614 1116 4678 in
1132 4639 1147 4672 o
1165 4611 1414 4706 succursalibus
1435 4637 1463 4672 r.

409 4719 441 4782 3ο
453 4719 501 4784 Ex
514 4720 578 4786 hoc
593 4722 746 4804 sequitur
758 4722 934 4806 episcopos
947 4719 1057 4788 valide
1069 4740 1249 4788 removere
1262 4739 1363 4803 posse
1376 4716 1545 4802 ejusmodi
