3510 5574
349 583 409 648 ml
810 602 861 646 ms
882 601 1060 648 canonicus.

350 723 554 803 perpetuum
577 719 631 784 vel
656 719 691 782 in
716 719 851 784 titulum
874 737 943 784 non
965 724 1180 804 perpetuum,
1198 739 1259 784 seu
1280 715 1525 788 revocabiliter.

351 826 502 892 Primum
525 845 608 909 ergo
632 825 739 893 semel
759 825 911 910 legitime
935 827 1097 893 collatum
1118 827 1238 912 nequit
1252 825 1389 906 aulerri',
1406 831 1472 894 nisi
1487 849 1529 894 ex

348 941 443 1020 justa
461 941 496 1002 et
505 939 584 1020 jure
598 955 761 1020 expressa
774 955 892 1013 causa;
908 937 1054 1002 alterum
1077 955 1139 1020 pro
1163 935 1303 1003 arbitrio
1324 939 1531 1004 conserentis

352 1045 504 1110 revocari
518 1033 647 1128 potest;
665 1047 764 1128 cujus
785 1045 879 1109 modi
897 1049 978 1110 sunt
993 1044 1154 1130 pleraque
1172 1045 1337 1110 beneficia
1350 1045 1529 1127 regularia.

353 1154 436 1220 llinc
450 1154 615 1220 beneficia
628 1154 801 1220 manualia
814 1173 884 1220 nen
903 1155 1031 1220 habent
1047 1155 1113 1220 nisi
1133 1155 1397 1238 perpetuitatem
1421 1157 1533 1240 objec-

353 1261 470 1338 ilvam,
491 1266 526 1326 et
544 1261 621 1327 ideo
643 1263 678 1326 in
700 1279 737 1326 se
761 1267 842 1326 sunt
865 1281 948 1328 vera
970 1263 1146 1340 beneficia,
1169 1263 1233 1327 atsi
1259 1263 1442 1327 investitus
1463 1281 1532 1329 non

353 1374 530 1455 reputetur
543 1387 647 1434 verus
661 1371 894 1448 beneficiatus,
909 1389 988 1436 cum
1004 1371 1092 1436 desit
1106 1373 1317 1457 perpetuitas
1332 1373 1531 1456 subjectiva.

354 1479 393 1544 ln
408 1479 521 1556 dubio,
537 1480 704 1546 beneficia
723 1480 899 1546 saecularia
920 1487 1177 1566 presumuntur
1196 1482 1360 1558 titularia;
1378 1500 1458 1548 uam
1473 1499 1536 1547 sua

355 1595 477 1656 natura
499 1594 534 1655 et
550 1593 628 1674 jure
652 1591 823 1656 ordinario
838 1597 919 1656 sunt
936 1591 1101 1666 titularia;
1117 1591 1289 1674 regularia
1311 1609 1406 1668 vero,
1423 1593 1452 1655 si
1473 1610 1536 1656 nec

355 1703 473 1764 curata
484 1717 548 1763 nec
558 1698 702 1764 electiva
713 1699 791 1776 sint,
802 1705 1059 1784 presumuntur
1070 1700 1243 1766 manualia
1251 1721 1258 1778 ;
1267 1717 1348 1765 nam
1361 1719 1404 1764 ex
1415 1704 1538 1764 nature

356 1807 435 1870 vitae
456 1807 624 1890 religiosae
647 1813 681 1872 et
700 1809 833 1874 ratione
860 1811 931 1875 voti
953 1809 1167 1888 obedientiae,
1196 1809 1345 1892 religiosi
1370 1809 1538 1874 beneficia

357 1915 550 1982 obtinentes
566 1916 608 1984 ad
623 1923 746 1984 nutum
761 1919 931 1986 removeri
946 1925 1101 2006 possunt.

833 2133 991 2196 suerio
1019 2133 1061 2196 ΙΙ.

358 2277 405 2332 De
414 2277 657 2333 beneficiorum
670 2282 848 2345 srscttcna,
859 2281 993 2345 mona.
1004 2281 1168 2334 dividens
1181 2283 1216 2334 et
1227 2277 1539 2333 discremina-attone.

717 2450 735 2499 1.
756 2449 795 2502 [ts
810 2447 954 2504 ereptione
969 2447 1183 2502 beneficiorum.

400 2577 432 2656 o)
447 2573 578 2638 Erectio
602 2575 756 2638 beneficii
781 2580 834 2638 est
856 2579 951 2639 actus
974 2575 1149 2657 legitimus
1173 2593 1240 2657 quo
1260 2573 1412 2638 redditus
1436 2573 1540 2637 annui

360 2682 615 2748 constituuntur
634 2681 768 2758 clerico,
785 2687 924 2767 propter
936 2683 1088 2748 cilicium
1109 2681 1282 2765 spirituale
1308 2699 1369 2744 seu
1391 2680 1542 2744 ministe-

361 2791 448 2854 rium
477 2791 511 2854 in
540 2791 760 2875 exsequendo
792 2793 885 2856 cultu
913 2791 1040 2856 divino.
1069 2791 1119 2856 Ad
1148 2789 1357 2854 erectionem
1386 2789 1541 2854 beneficii

362 2905 583 2988 requiruntur
598 2927 605 2968 :

402 3014 433 3076 l·
443 3012 637 3079 consensus
652 3033 835 3100 expressus
848 3017 1012 3099 cpisccpi;
1027 3020 1142 3080 tamen
1157 3016 1193 3079 in
1206 3015 1309 3078 dubio
1323 3013 1544 3096 praesumitur

362 3139 569 3188 consensum
590 3121 743 3204 legitime
759 3123 920 3198 adfuisse,
938 3122 1076 3206 quando
1089 3123 1232 3187 ecclesia
1243 3123 1418 3186 exstructa
1431 3137 1470 3184 ac
1485 3119 1543 3183 do

364 3234 433 3296 tata
448 3235 514 3306 θοις
536 3233 571 3294 et
582 3229 732 3295 conditio
746 3233 820 3296 haec
835 3237 888 3295 est
901 3232 1104 3295 necessaria.
1116 3230 1216 3298 Unde¹
1227 3231 1255 3294 si
1270 3229 1420 3312 episcopi
1432 3232 1544 3292 aucto·

364 3339 445 3404 ritas
462 3344 497 3404 et
510 3357 701 3404 consensus
717 3339 887 3418 deiiceret,
905 3358 974 3405 non
990 3340 1175 3405 haberetur
1192 3339 1396 3405 beneficium
1409 3335 1543 3422 proprie

365 3445 504 3522 dictum,
522 3447 584 3512 sed
596 3447 652 3532 pia
666 3447 824 3532 quasdam
841 3448 983 3524 erectim

405 3555 438 3618 9⁰
451 3554 609 3638 Congrua
619 3556 680 3621 dos
694 3574 756 3640 pro
771 3556 903 3621 alendis
917 3555 1068 3622 ecclesiae
1081 3555 1257 3620 ministris.
1272 3555 1352 3619 ldeo
1367 3555 1411 3619 ad
1422 3553 1546 3637 episco-

365 3681 447 3744 pum
465 3664 612 3745 pertinet
631 3662 812 3745 diligenter
829 3664 1025 3730 examinare
1049 3681 1092 3727 en
1113 3662 1175 3726 dos
1190 3663 1234 3726 sit
1254 3679 1362 3726 necne
1381 3678 1544 3742 congrua,

361 3773 461 3852 ‚iuxta
489 3770 688 3855 qualitatem
713 3773 880 3851 beneilcii,
896 3773 961 3838 loci
986 3779 1020 3836 et
1041 3789 1277 3855 personarum.
1301 3771 1370 3836 Hoc
1401 3789 1545 3834 exarnen

367 3881 541 3961 peragitur
555 3881 589 3944 in
604 3881 721 3946 limine
734 3883 961 3954 fundationis:

405 3989 439 4050 3ο
458 3989 566 4054 Locus
588 3991 712 4055 decens
738 3997 772 4055 et
795 4010 979 4073 congruus,
997 3997 1035 4055 nt
1060 3989 1136 4055 talis
1160 3989 1288 4054 erectio
1314 4007 1383 4052 non
1408 3989 1452 4050 sit
1473 3986 1547 4051 aliis

367 4095 620 4179 praejudicinm,
637 4099 717 4182 quia
740 4099 842 4163 unius
863 4100 1019 4164 beneficii
1039 4097 1165 4163 erectio
1190 4115 1259 4161 non
1284 4096 1386 4160 debet
1408 4112 1484 4159 esse
1506 4093 1548 4158 ad

367 4189 1083 4292 ‹leslructicnemalte1·ius;quapropterin
1106 4205 1181 4289 ipso
1203 4203 1321 4268 limine
1340 4201 1549 4266 fundationis

367 4315 557 4381 instituitur
569 4333 751 4400 processus
765 4315 808 4379 de
822 4333 893 4380 non
907 4311 1179 4399 praejudicando3

406 4423 439 4488 4⁰
454 4424 495 4490 Ut
520 4425 595 4490 talis
619 4426 746 4490 erectio
771 4426 832 4491 ilat
856 4445 900 4490 ex
920 4426 990 4491 ilne
1013 4424 1126 4490 cultus
1146 4421 1262 4498 divini,
1280 4421 1343 4486 seu
1363 4421 1427 4484 suh
1446 4437 1549 4484 onere

367 4533 551 4614 praestandi
567 4534 717 4599 officium
732 4533 906 4617 spirituale
924 4555 931 4596 :
951 4533 1156 4600 beneficium
1180 4531 1272 4596 enirn
1292 4529 1392 4596 datur
1411 4531 1551 4614 propter

370 4642 538 4718 cilicium3

410 4749 443 4812 3⁰
456 4749 497 4814 Ut
511 4751 672 4817 fundator
685 4771 754 4817 non
769 4758 918 4835 apponat
930 4751 1142 4817 conditiones
1157 4751 1266 4832 ajure
1281 4745 1422 4813 omniuo
1438 4763 1550 4828 reprc-
