3488 5568
374 559 434 624 599
835 576 886 622 rus
907 575 1087 622 cerenicus.

375 713 417 758 ex
440 691 652 776 oppositione
683 695 759 776 quai
781 692 928 758 habetur
948 692 1039 757 inter
1060 693 1166 756 tinem
1186 685 1363 776 utriusque
1391 695 1425 755 et
1448 709 1552 776 quam

375 803 406 864 S.
419 799 542 865 Paulus
550 803 653 866 refert
662 801 698 864 in
709 802 934 886 verbissupra
943 801 1069 866 relatis.
1081 799 1270 882 Negotiatio
1283 818 1327 864 ex
1339 817 1455 865 amore
1467 799 1553 864 lucri

375 908 569 992 temporalis
585 929 646 974 seu
663 911 789 975 terreni
809 910 972 994 procedit,
998 915 1032 974 et
1056 913 1165 973 status
1193 907 1355 973 clericalis
1376 907 1553 973 ordinatur

374 1017 416 1082 ad
430 1017 705 1101 prosecutionem
718 1017 944 1102 spiritualium
962 1023 996 1082 et
1010 1017 1218 1094 coelestium3
1235 1015 1486 1080 indetitulus1«
1503 1015 1550 1080 ne

374 1124 485 1189 elerici
499 1125 555 1190 vel
572 1125 731 1191 monachi
745 1125 963 1190 secularibus
985 1125 1132 1206 negotiis
1148 1143 1185 1190 se
1203 1124 1429 1189 immisceant.
1449 1150 1464 1182 »
1484 1123 1551 1192 Sed

374 1231 483 1296 clerici
511 1239 614 1314 egent
634 1233 738 1298 eiiam
762 1233 1017 1318 temporalibus,
1041 1237 1079 1296 ut
1097 1231 1231 1316 possint
1252 1231 1396 1296 militare
1416 1231 1485 1296 lieo
1516 1235 1552 1295 et

373 1341 577 1420 celestibus
595 1345 629 1406 et
642 1341 720 1407 ideo
735 1342 837 1408 variae
859 1343 1079 1426 requiruntur
1093 1339 1328 1406 distinctiones
1342 1340 1431 1404 circa
1442 1358 1550 1421 nego-

376 1448 561 1513 tiationem.
584 1450 712 1516 Deinde
731 1439 810 1514 oum
833 1451 917 1516 varii
946 1451 1015 1514 sint
1034 1449 1161 1532 gradus
1188 1449 1224 1512 in
1248 1448 1367 1514 ordine
1393 1447 1548 1524 clericali,

375 1557 539 1640 quaeritur
1113 1537 1116 1544 ¹

412 1664 445 1728 4⁰
455 1667 666 1742 Quibusnam
683 1667 812 1733 clericis
822 1667 1002 1734 interdicta
1011 1669 1055 1731 sit
1064 1666 1251 1750 negotiatio
1263 1666 1337 1730 lilii
1346 1665 1458 1732 clerici
1471 1669 1551 1728 suni

374 1778 467 1839 certo
488 1793 609 1840 omnes
629 1775 665 1840 in
687 1777 791 1842 sacris
810 1777 1001 1853 coustituti;
1019 1777 1102 1840 item
1117 1775 1293 1842 constituti
1313 1775 1348 1839 in
1362 1773 1551 1838 minoribus

376 1881 433 1964 qui
448 1887 528 1946 sunt
538 1883 739 1948 beneficiati.
756 1883 940 1968 Dispuiant
954 1883 1011 1948 CC.
1028 1883 1069 1948 de
1080 1883 1266 1948 minoristis
1277 1882 1334 1966 qui
1348 1881 1551 1946 beneiloium

376 1989 641 2055 ecclesiasticum
651 2009 720 2056 non
734 1990 862 2056 habent
879 2012 886 2054 :
903 1992 1017 2058 verior
1028 1991 1365 2066 sententiaaissrmat,
1378 1987 1551 2074 quieratio

375 2094 461 2178 legis
476 2103 528 2162 esi
541 2098 615 2182 ipsa
631 2099 778 2181 dignitas
794 2101 923 2166 ordinis
937 2099 1111 2166 clericalis.
1128 2099 1241 2164 Altera
1252 2098 1422 2162 sententia
1434 2095 1551 2162 tunda-

377 2209 432 2268 tur
448 2205 483 2270 in
505 2225 546 2271 eo
569 2208 660 2292 quod
681 2208 792 2274 clerici
814 2228 885 2274 non
906 2209 1098 2274 beneficiati
1119 2207 1295 2292 stipendiis
1318 2205 1551 2272 ecciesiasticis

376 2331 445 2378 non
454 2321 699 2396 sustentantur,
710 2317 830 2384 etideo
841 2317 979 2384 aliunde
993 2337 1145 2402 quaerpre
1158 2317 1472 2382 debenthonestam
1481 2333 1551 2378 sus-

379 2425 601 2490 tentationem
616 2446 623 2504 ;
639 2445 741 2510 porro
756 2429 945 2510 negotiatio
960 2427 1098 2492 videtur
1106 2425 1276 2511 prohibita
1290 2429 1423 2490 tantum
1436 2423 1552 2488 minis-

378 2530 438 2595 tris
452 2531 567 2596 altaris
584 2534 729 2610 Domini,
746 2540 785 2599 ut
800 2533 922 2600 dicitur
933 2536 968 2600 iu
981 2553 1053 2619 cap.
1067 2534 1189 2602 dieite.
1242 2561 1244 2564 ·

418 2637 450 2721 b)
459 2639 507 2704 De
517 2641 621 2706 variis
627 2643 797 2724 speciebus
804 2643 1056 2726 nepetietionis‚
1070 2661 1145 2727 quae
1157 2639 1319 2707 dividitur
1329 2641 1365 2705 in
1376 2639 1552 2706 aeconomi-

379 2765 465 2826 cem,
483 2745 662 2832 politicam
692 2754 726 2814 et
752 2750 965 2814 lucrativam.
991 2749 1103 2814 Prima
1127 2756 1190 2830 est,
1213 2767 1281 2834 qua
1301 2749 1377 2834 quis
1405 2766 1460 2812 res
1489 2747 1552 2812 sibi

378 2855 568 2937 superiiuas
588 2853 717 2934 vendit,
743 2863 778 2923 et
794 2859 876 2924 emit
899 2859 983 2925 alias
1003 2858 1213 2924 necessarias
1235 2856 1291 2922 vei
1318 2856 1418 2921 utiles
1437 2855 1480 2920 ad
1499 2855 1552 2919 sui

378 2981 516 3046 suaeque
526 2965 663 3044 iamiliae
676 2969 971 3033 sustentationem.
984 2967 1126 3032 Politice
1137 2969 1199 3042 est,
1217 2983 1284 3050 qua
1297 2964 1389 3029 idem
1402 2965 1442 3027 iit
1455 2963 1498 3028 ad
1509 2963 1553 3027 ci·

378 3069 491 3135 vitatis
505 3075 736 3139 necessitates.
753 3075 938 3141 Lucretioe
953 3079 1015 3153 est,
1034 3093 1101 3160 qua
1116 3073 1201 3140 lucri
1215 3071 1370 3158 capiendi
1381 3089 1485 3138 causa
1497 3089 1552 3136 res

379 3178 492 3264 aliqua
506 3181 640 3260 emitur,
651 3189 696 3247 -ut
707 3184 817 3250 carius
832 3185 1011 3250 vendatur.

418 3289 600 3378 Lucretiae
619 3293 692 3358 iteri
714 3299 828 3378 potest
846 3294 1025 3378 dupliciter
1050 3314 1057 3356 :
1082 3291 1262 3358 vendendo
1284 3292 1394 3356 carius
1413 3289 1553 3356 easdem

379 3414 433 3461 res
454 3416 523 3462 non
547 3399 756 3479 immutatas,
773 3421 834 3466 seu
857 3403 893 3465 in
913 3401 1016 3466 altam
1040 3401 1186 3466 formam
1203 3417 1272 3465 non
1293 3399 1446 3464 redactas
1465 3419 1471 3462 :
1488 3399 1553 3462 hoc

380 3505 481 3570 modo
497 3506 586 3571 iacta
608 3508 744 3592 proprio
759 3509 898 3575 nomine
920 3508 1041 3574 dicitur
1064 3517 1266 3573 mercatore.
1283 3506 1399 3572 Potest
1412 3507 1486 3570 iteri
1506 3507 1554 3570 ita

380 3618 417 3676 ut
440 3631 495 3678 res
518 3613 585 3680 illae
608 3635 683 3700 quae
707 3615 791 3681 lucri
815 3635 919 3682 causa
938 3619 1109 3692 emuntur,
1136 3621 1208 3680 arte
1232 3615 1287 3680 val
1307 3615 1475 3680 industria
1494 3616 1554 3678 aut

379 3719 493 3786 labore
509 3721 543 3785 in
557 3720 658 3788 aliam
671 3723 817 3788 iormam
831 3727 1017 3798 mutentur,
1031 3723 1236 3788 aemeliores
1248 3723 1388 3787 redditae
1403 3720 1552 3786 vendan-

380 3833 435 3891 tur
452 3848 459 3891 :
476 3848 508 3893 v.
530 3848 563 3911 g.
588 3849 630 3894 ex
652 3829 731 3896 lana
754 3836 868 3914 empta
892 3830 1070 3896 coniicitur
1091 3849 1241 3914 pannus;
1270 3831 1344 3894 herc
1366 3827 1553 3910 negotiatio

379 3936 544 4004 lucrativa
557 3939 736 4018 artificium
751 3938 882 4017 dicitur,
900 3938 943 4004 ad
966 3939 1219 4006 distinctionem
1240 3945 1449 4002 ecercetere.

406 4131 437 4186 ti.
447 4133 514 4195 Qoae
528 4132 635 4200 species
653 4133 853 4200 negotiationis
867 4135 1073 4200 prohibeantur
1085 4133 1194 4189 clericis
1206 4135 1235 4188 et
1246 4132 1298 4187 sub
1310 4130 1412 4199 quibus
1425 4129 1539 4196 poenist

421 4271 453 4352 e)
475 4268 608 4354 Species
620 4267 811 4354 prohibite.
832 4271 863 4334 l⁰
878 4269 1066 4352 Negotiatio
1083 4271 1293 4337 oeconomica
1313 4265 1481 4352 permissa
1501 4267 1555 4330 est

380 4379 510 4445 clericis
523 4385 557 4446 et
579 4381 777 4458 monachis3
802 4401 883 4446 nam
906 4382 942 4445 in
965 4400 993 4446 c.
1018 4383 1038 4445 6
1061 4382 1094 4444 h.
1118 4387 1155 4460 t,
1182 4379 1381 4466 prohibetur
1403 4377 1555 4459 negotia-

382 4489 429 4553 tio
447 4487 531 4553 lucri
551 4507 664 4565 causa,
682 4489 791 4572 qualis
807 4489 923 4572 utique
947 4507 1018 4553 non
1037 4493 1089 4553 cst
1107 4489 1327 4554 oeconomica.
1349 4485 1466 4570 ltaque
1487 4483 1554 4548 cle

380 4595 440 4660 rici
460 4601 606 4679 possunt
626 4598 836 4662 trumentum
861 4616 904 4661 ex
927 4597 1018 4679 agris
1043 4597 1113 4661 suis
1140 4597 1336 4672 collectum,
1365 4595 1486 4658 irinum
1510 4611 1555 4656 ex

381 4703 490 4768 vineis
510 4705 592 4782 suis,
613 4709 676 4771 etc.
699 4705 908 4783 devendcre,
933 4705 1092 4772 animatia
1109 4724 1171 4772 suo
1190 4704 1315 4790 pabulo
1335 4702 1492 4784 saginare
1510 4699 1555 4766 ad
