3504 5572
350 577 411 640 316
813 595 864 640 rus
884 593 1062 640 canonieus.

352 715 431 782 601.
447 716 524 790 eiu,
542 715 633 800 quod
647 714 703 780 alii
715 715 751 778 in
764 714 829 780 boc
840 733 921 781 casu
935 733 1006 780 non
1020 717 1163 799 possent
1180 712 1322 796 exsequi
1343 716 1527 778 testamen·

352 828 437 888 turn.

389 931 423 993 4⁰
436 931 558 997 Munus
575 932 783 997 exsecutoris
799 936 852 994 001
862 929 1051 1016 personale,
1066 949 1127 994 seu
1143 947 1213 994 non
1229 929 1350 994 transit
1365 928 1408 993 ad
1421 928 1528 993 10010-

351 1040 411 1103 100
426 1059 433 1100 :
449 1039 497 1104 ita
519 1040 622 1105 etiarn
641 1044 702 1104 art.
720 1039 799 1103 1139,
818 1038 897 1103 601.
914 1039 978 1102 civ.
995 1039 1091 1104 Ratio
1107 1043 1170 1113 est,
1188 1037 1268 1120 quia
1289 1037 1362 1119 ipsa
1382 1055 1530 1120 persona

353 1143 502 1228 eligitur3
518 1165 617 1211 secus
639 1151 754 1211 tamen
771 1147 798 1210 si
820 1147 951 1211 ratione
967 1146 1069 1211 offleii
1090 1145 1212 1228 aliquis
1233 1142 1432 1225 eligeretur3
1448 1149 1530 1207 tunc

352 1267 528 1317 successor
540 1254 680 1338 exsequi
694 1259 811 1336 posset
823 1257 1078 1318 testamentum.
1094 1251 1132 1314 Vi
1145 1252 1249 1334 hujus
1264 1251 1419 1315 muneris
1433 1269 1529 1316 exse-

352 1363 450 1424 cutor
474 1360 575 1424 debet
597 1359 775 1442 invigilare
798 1365 838 1423 ut
860 1359 1054 1425 voluntates
1078 1358 1251 1424 testatoris
1275 1359 1530 1424 exsecutionem

353 1469 619 1552 quamprimum
639 1469 819 1553 accipiant;
836 1467 970 1544 deinde,
988 1485 1031 1531 ex
1055 1471 1116 1532 art.
1134 1467 1210 1530 1631
1234 1465 1313 1530 601.
1338 1467 1415 1541 civ.‚
1438 1469 1530 1530 tene-

353 1581 419 1652 tur,
435 1579 515 1659 post
528 1594 658 1640 annum
679 1575 833 1660 elapsum
850 1577 893 1640 ab
911 1575 1006 1640 obitu
1022 1575 1183 1652 defuncti,
1200 1575 1369 1639 rationem
1383 1572 1529 1639 reddere

354 1701 425 1747 suae
445 1683 621 1764 gestionis.
639 1683 740 1750 Juxta
761 1683 1034 1768 praescriptiones
1055 1683 1142 1766 juris
1165 1683 1319 1748 canonici
1342 1699 1403 1745 seu
1424 1681 1527 1746 Glem.

296 1833 299 1841 ι
354 1811 411 1856 un.
428 1792 461 1855 b.
479 1795 516 1868 t,
533 1791 644 1856 clerici
664 1797 698 1856 01
723 1790 910 1873 regulares,
940 1792 1043 1856 etiam
1069 1791 1229 1874 exempti,
1251 1791 1339 1856 bano
1361 1790 1531 1856 rationem

354 1899 496 1966 reddere
512 1899 646 1975 debent,
664 1899 768 1964 etiam
781 1900 939 1983 episcopo
956 1917 1018 1964 suo
1036 1899 1240 1964 dioeoesano.

685 2091 726 2142 111.
745 2089 934 2142 commutatio
947 2088 1196 2143 testamentorum.

395 2227 427 2290 1ο
441 2225 627 2290 Exsecutor
646 2241 717 2289 non
730 2227 845 2307 potest
863 2227 1074 2288 commutare
1093 2223 1333 2307 dispositiones
1348 2229 1531 2290 testamen·

354 2335 468 2409 terias,
483 2337 522 2396 ut
541 2335 676 2397 constat
693 2349 737 2396 ex
750 2334 828 2414 jure
842 2331 1006 2396 canonico
1020 2332 1130 2396 reteri
1146 2337 1180 2396 01
1194 2351 1285 2397 novo
1300 2333 1410 2414 (Cone.
1427 2331 1529 2408 1111,

356 2461 440 2508 0000.
457 2442 508 2520 11,
524 2459 552 2504 c.
573 2441 604 2515 6,
621 2440 662 2504 de
685 2439 860 2521 Reform).
883 2439 980 2504 italio
1009 2440 1170 2523 estquis
1196 2441 1279 2523 ipsis
1308 2440 1532 2505 committitur

356 2549 530 2616 exsecutio
561 2551 704 2613 tantum.
729 2546 843 2626 Seeus,
861 2549 890 2610 si
912 2552 1053 2638 testator
1072 2547 1222 2612 dedisset
1242 2549 1438 2614 facultatem
1458 2567 1534 2614 mu-

358 2659 461 2734 tandi,
477 2657 533 2722 vel
553 2656 582 2721 si
597 2659 778 2720 exsecutor
791 2675 922 2738 pauper
940 2658 1058 2739 jussus
1078 2661 1169 2720 00001
1188 2675 1329 2738 erogare
1351 2657 1532 2740 pecuniam

356 2767 391 2830 in
405 2783 572 2850 pauperes
587 2764 660 2828 sine
676 2763 981 2827 determinatione:
999 2768 1079 2828 tuno
1094 2764 1313 2846 probabiliter
1326 2771 1444 2848 posset
1457 2783 1533 2848 par-

359 2881 427 2938 tem
441 2873 590 2956 aliquam
604 2871 756 2954 pecuniae
774 2869 836 2934 sibi
851 2870 1030 2954 applicare.

395 2983 595 3066 &Princeps
604 2981 786 3060 secularis,
796 2980 852 3044 vel
861 2981 1080 3062 magistratus
1092 3000 1283 3066 supremus,
1294 2983 1407 3067 quoad
1416 2983 1533 3048 relicte

356 3092 508 3175 profana,
534 3094 646 3173 potest
669 3093 880 3154 commutare
905 3089 1144 3174 dispositiones
1174 3091 1466 3167 testamentarias,
1495 3096 1534 3154 ut

282 3275 283 3280 ἵ
357 3201 457 3264 10001
480 3197 672 3263 communis
697 3197 867 3261 sententia
887 3214 966 3260 cum
990 3197 1158 3263 Suarezio.
1178 3198 1275 3262 Ratio
1296 3203 1359 3274 001,
1376 3199 1455 3282 quia
1477 3217 1533 3264 res

357 3307 507 3390 profanae
522 3311 556 3370 et
570 3304 765 3370 voluntates
785 3303 1011 3381 subditorum,
1028 3306 1141 3390 quoad
1161 3325 1216 3370 res
1240 3307 1419 3389 ejusmodi,
1442 3312 1534 3372 stant

358 3415 422 3478 sub
437 3414 587 3478 dominio
602 3413 670 3478 alto
683 3413 853 3496 principis,
871 3414 928 3497 qui
942 3414 1085 3496 proinde
1098 3414 1140 3478 de
1155 3415 1208 3490 iis,
1223 3433 1267 3478 ex
1279 3432 1382 3479 causa
1392 3417 1486 3498 justa
1500 3419 1534 3480 et

358 3524 487 3588 bonum
500 3519 674 3604 publicum
688 3525 926 3597 concernente‚
946 3521 1127 3604 disponere
1142 3521 1243 3588 valet.

396 3631 428 3694 3⁰
443 3629 605 3695 Summus
622 3630 784 3713 Pontifee
801 3630 919 3697 relicta
936 3632 993 3714 010
1013 3637 1225 3697 commutare
1247 3637 1369 3717 potest,
1387 3634 1467 3717 quia
1481 3639 1535 3698 001

356 3757 537 3822 supremus
548 3739 704 3823 princeps
718 3740 754 3803 in
767 3745 936 3823 potestate
952 3741 1187 3816 ecclesiastica,
1205 3760 1267 3806 seu
1279 3743 1323 3806 ob
1335 3741 1533 3824 generalem

355 3865 394 3912 00
415 3865 610 3931 supremam
625 3846 788 3912 aGhristo
810 3847 969 3913 collatam
989 3849 1344 3913 administrationem:
1363 3848 1534 3930 colligitur

356 3973 399 4017 ex
420 3952 523 4018 Glem.
544 3955 586 4030 1,
613 3955 654 4018 de
675 3954 781 4039 ltelip.
799 3955 866 4020 Res
889 3955 1026 4039 010100
1047 3975 1168 4022 causas
1192 3956 1317 4022 relictae
1331 3956 1532 4023 relationem

354 4062 482 4127 habent
496 4062 539 4126 ad
556 4063 663 4126 finem
681 4063 987 4146 supernaturalem,
1010 4065 1141 4129 011100
1161 4065 1316 4130 Pontifex
1336 4065 1411 4130 illas
1430 4065 1533 4149 appli-

309 4239 313 4247 ,
355 4189 432 4236 care
446 4174 570 4254 potest,
589 4171 617 4234 si
632 4171 817 4237 necessitas
831 4171 888 4236 vel
902 4171 1030 4237 utilitas
1042 4172 1076 4236 id
1090 4173 1245 4238 suaserit.

394 4279 428 4341 4ο
442 4278 637 4363 Episcopus,
648 4280 748 4361 juxta
762 4278 889 4362 plures,
906 4284 1020 4362 potest
1033 4285 1244 4346 commutare
1259 4281 1396 4346 ultimas
1410 4281 1531 4346 volun-

356 4389 453 4450 tates.
480 4385 627 4451 Probent
655 4390 728 4448 tum
756 4403 799 4450 ex
826 4404 900 4451 ean.
925 4387 955 4462 6,
982 4387 1138 4462 110131,
1165 4389 1223 4452 ubi
1251 4389 1415 4453 asseritur
1441 4388 1533 4454 obla-

357 4493 467 4558 tiones
489 4499 703 4558 mortuorum
725 4493 761 4556 in
786 4495 1024 4578 episcoporum
1044 4495 1265 4578 dispositione
1286 4514 1379 4570 esse;
1395 4500 1469 4560 tum
1490 4513 1532 4560 ex

356 4619 449 4666 conc.
467 4602 554 4667 Trid.
568 4603 662 4683 (0000.
677 4602 727 4677 11,
744 4621 772 4666 0.
787 4604 817 4678 6,
834 4603 875 4668 de
887 4604 1067 4686 Reform),
1085 4605 1142 4669 ubi
1156 4609 1307 4688 potestas
1320 4605 1386 4669 ista
1397 4603 1533 4669 videtur

358 4710 523 4794 episcopis
550 4709 639 4786 data,
660 4714 823 4794 tanquam
852 4711 1016 4794 delegatis
1039 4712 1135 4779 Sedis
1157 4711 1368 4796 Apostolicae.
1395 4711 1532 4778 Addunt
