3498 5572
557 605 646 650 tisun
668 603 798 651 suerius
818 601 1040 652 occurrence.
1331 579 1392 646 lic

208 741 287 790 cum
297 721 496 788 saeaulsrsm
505 722 551 787 ibi
560 723 729 807 positum;
744 722 806 788 sed
818 724 847 786 si
858 719 914 788 ille
924 720 1068 788 clericus
1076 717 1344 802 essetregularis
1357 719 1392 784 ct
1493 698 1496 706 ’

207 839 451 916 temporaneus
465 835 612 907 tontum,
629 837 711 896 tunc
722 832 781 914 Jus
795 829 967 907 usitandi,
994 827 1200 912 corrigendi,
1225 825 1391 912 puniendi

206 959 286 1006 curn
314 941 474 1025 episcopo
503 938 709 1005 cumulatius
739 939 883 1006 haberet
906 936 1068 1022 prolatus
1096 935 1265 1018 regularis
1291 935 1391 1000 istius

205 1047 332 1114 vicarii.
347 1048 470 1114 Parum
491 1049 596 1112 rciert
616 1067 660 1113 on
681 1047 931 1114 monasterium
946 1047 991 1112 sit
1005 1051 1218 1128 exemplum,
1237 1042 1290 1109 vel
1304 1061 1386 1108 uon.

207 1157 273 1223 Sed
297 1157 326 1222 si
344 1158 505 1242 parochia
527 1159 592 1222 situ
618 1162 711 1221 essct
732 1157 766 1220 in
789 1155 865 1222 loco
890 1155 949 1220 uhi
969 1153 1101 1238 praelati
1127 1151 1307 1236 generales
1331 1155 1392 1217 aut

205 1267 317 1351 capita
330 1265 505 1349 generalia
519 1266 680 1332 ordinum
695 1265 814 1330 sedem
827 1265 1036 1332 ordinariam
1052 1263 1192 1338 habent,
1210 1261 1391 1346 episcopus

206 1375 345 1439 visitare
364 1393 434 1439 non
452 1378 571 1457 posset
591 1373 685 1440 illam
702 1371 892 1450 ecclesiam,
909 1371 976 1436 nisi
997 1370 1032 1435 ui
1051 1368 1310 1436 consuetudinis
1331 1366 1392 1432 sli-

206 1483 305 1564 cujus
315 1481 521 1566 jamdudum
531 1480 751 1546 introductae:
766 1479 939 1562 colligitur
952 1497 996 1543 cx
1006 1496 1102 1544 cono.
1114 1476 1202 1542 Trid.
1216 1475 1289 1558 (loc.
1306 1475 1388 1557 eit),

186 1630 190 1638 ·
207 1589 249 1654 ad
261 1589 361 1671 cujus
375 1593 508 1654 rectum
524 1605 666 1654 sensum
679 1587 920 1672 explicandum
934 1584 1060 1651 Beued.
1073 1583 1144 1648 xlv
1159 1583 1253 1649 dedit
1265 1583 1391 1649 consti-

209 1697 376 1762 tutionem
392 1696 587 1762 Firmaudis
601 1704 705 1780 utqrre
719 1697 918 1762 asserendis.

247 1807 280 1870 3⁰
295 1806 330 1873 Si
345 1804 475 1890 capella
488 1805 585 1871 uuita
599 1806 644 1870 sit
650 1805 849 1890 plenissimo
860 1805 954 1887 jure,
975 1805 1120 1880 houset,
1134 1795 1247 1888 uuoad
1261 1801 1391 1867 olorum

207 1917 243 1978 et
254 1913 433 1998 populum,
445 1915 494 1978 ita
509 1917 547 1978 ut
560 1913 807 1978 monasterium
818 1913 1093 1996 jurisdictionem
1107 1912 1204 1995 qussi
1220 1911 1392 1994 episcopa-

206 2021 276 2088 lem
290 2027 449 2088 exerceat
462 2023 498 2088 in
516 2021 683 2106 populum
698 2020 850 2089 ecclesiae
867 2021 984 2098 unitae,
1007 2019 1170 2104 praelatus
1191 2017 1392 2084 monasterii

156 2109 167 2125 ⁸
208 2129 353 2214 acquirit
362 2130 598 2195 omnimodam
604 2129 880 2214 jurisdictionem
894 2149 902 2192 ε
919 2147 1015 2194 ocnc.
1031 2128 1119 2192 Trid.
1134 2128 1173 2209 (s.
1189 2128 1240 2204 it,
1256 2145 1285 2192 c.
1301 2127 1333 2203 2,
1349 2125 1391 2190 de

206 2237 312 2322 dep).
330 2235 427 2304 Nulla
440 2237 625 2302 auctoritas
639 2242 799 2302 remanet
815 2237 975 2320 episcopo
995 2237 1032 2300 iu
1050 2235 1145 2300 illam
1162 2233 1341 2300 ecclesiam
1356 2239 1392 2298 et

205 2344 382 2429 populum,
399 2363 439 2410 ac
451 2344 595 2428 proinde
610 2345 640 2408 is
657 2346 816 2430 nequiret
837 2345 873 2408 iu
889 2344 1223 2410 administrationem
1241 2342 1333 2407 illius
1353 2361 1390 2408 se

207 2454 353 2538 amplius
371 2454 575 2518 immiscere.
602 2453 677 2538 lpse
692 2453 853 2538 praelatus
874 2454 910 2518 in
933 2452 1064 2537 capella
1084 2452 1133 2518 sic
1151 2452 1249 2518 unito
1273 2455 1393 2534 posset

207 2562 373 2628 vicarium
386 2562 584 2628 saecularem
600 2561 654 2628 rel
667 2562 873 2644 regularem,
894 2564 995 2646 juxta
1011 2567 1167 2626 tenorem
1180 2559 1391 2629 fundationis

209 2669 263 2736 vel
276 2675 450 2754 receptam
464 2671 761 2748 consuetudinem,
778 2671 1005 2746 constituere3
1022 2667 1234 2752 etparochus
1249 2667 1298 2732 sic
1310 2685 1391 2732 con-

208 2779 347 2844 stitutus
362 2779 425 2846 soli
434 2779 575 2864 praelato
593 2780 743 2862 regulari
760 2781 888 2846 subest.
908 2779 959 2845 lta
972 2779 1008 2844 in
1023 2778 1184 2844 omuibus
1195 2775 1390 2844 communis

209 2889 389 2956 sententia.

247 2995 281 3060 4⁰
301 2997 653 3064 Animadvertendum
679 3003 733 3062 est
761 2997 854 3081 quod
878 2997 921 3062 de
942 2999 1022 3080 iure
1049 2994 1236 3071 communi,
1253 2993 1390 3078 quando

207 3105 243 3170 iu
265 3105 435 3190 parochiis
460 3107 670 3171 monasterio
700 3106 805 3170 unitis
827 3105 1047 3171 constituitur
1069 3104 1227 3179 vicarius,
1243 3119 1391 3186 persona

206 3213 384 3296 regularis,
400 3215 430 3278 is
442 3231 513 3280 non
525 3218 640 3297 potest
652 3214 699 3278 ibi
713 3233 789 3279 esse
804 3213 911 3290 solus,
929 3213 990 3277 sed
1008 3229 1089 3278 cum
1103 3211 1204 3276 sociis
1218 3209 1389 3294 aliquibus

208 3323 413 3387 commorari
436 3321 537 3386 debet
552 3342 559 3384 :
577 3321 624 3386 ita
638 3321 833 3405 praecipitur
845 3321 882 3384 in
895 3340 924 3386 c.
951 3321 972 3384 i
993 3319 1036 3384 dc
1050 3319 1156 3384 Statu
1181 3317 1338 3382 manucla.
1354 3324 1390 3382 ct

209 3431 245 3494 in
258 3429 278 3494 3
291 3429 326 3494 h.
344 3434 368 3492 t.
383 3428 485 3494 Juxta
506 3429 643 3494 constit.
669 3427 728 3493 Au
743 3427 995 3511 exsequendum
1008 3425 1057 3490 Pii
1072 3425 1110 3502 V,
1134 3425 1300 3491 deberent
1314 3443 1390 3490 esse

210 3536 333 3601 saltem
347 3541 495 3620 quatuor
504 3533 657 3616 religiosi
670 3535 706 3598 in
719 3535 889 3618 parochia.
906 3534 1005 3599 Ratio
1023 3533 1173 3597 daturin
1187 3532 1290 3597 citato
1305 3549 1333 3596 o.
1349 3533 1388 3596 2:

212 3669 228 3704 «
244 3645 291 3708 Ne
306 3643 472 3708 soliintcr
486 3644 666 3708 seaculares
688 3641 859 3718 homiues,
885 3639 1115 3724 spiritualium
1137 3639 1290 3703 hostium
1312 3657 1393 3704 ccu-

210 3751 340 3816 ssictum
354 3755 564 3835 exspectent,
575 3749 757 3815 Salomone
767 3747 901 3812 dicento
914 3768 921 3812 :
936 3773 951 3806 u
963 3747 1019 3812 Vae
1035 3746 1111 3824 soli,
1125 3747 1294 3831 quiscum
1307 3746 1392 3812 oeci-

212 3883 229 3915 «
243 3857 342 3936 derit,
355 3875 426 3922 non
447 3862 500 3921 ast
514 3859 572 3942 qui
586 3855 743 3921 sublevet
755 3873 846 3918 cum.
865 3879 881 3912 »
897 3853 1025 3918 Tamen
1046 3873 1089 3918 ex
1110 3853 1225 3937 aliqua
1245 3851 1392 3918 declara-

211 3965 304 4028 tione
315 3963 399 4030 crali
414 3965 513 4046 Greg.
529 3961 614 4041 Xlll,
626 3981 716 4027 unus
732 3961 905 4026 sufficeret
918 3961 1031 4026 socius
1042 3981 1049 4036 ;
1062 3962 1133 4026 imo
1142 3959 1390 4024 consuetudine

211 4069 443 4148 introductum
458 4077 519 4149 est,
537 4077 577 4136 ut
590 4089 682 4135 unus
700 4069 794 4135 solus
816 4070 890 4136 sine
905 4068 997 4135 socio
1013 4069 1057 4134 sit
1069 4067 1105 4134 iu
1118 4067 1288 4152 parochia.

405 4263 448 4315 111.
465 4265 505 4316 De
516 4262 584 4328 iure
598 4261 726 4316 ecelesia
739 4260 911 4327 parochialis
925 4261 955 4313 iu
970 4259 1041 4314 alias
1053 4257 1197 4312 scelestos.

250 4398 303 4462 An
331 4401 366 4463 et
392 4398 538 4482 qualiter
563 4418 634 4464 una
659 4399 803 4465 ecclesia
827 4397 1048 4482 parochialis,
1073 4412 1145 4460 nou
1172 4395 1390 4476 cathedralis,

172 4539 175 4544 ·
211 4505 320 4587 possit
331 4505 395 4569 sihi
409 4505 582 4571 vindicare
594 4508 653 4590 jus
664 4508 700 4571 in
712 4506 796 4572 alias
810 4504 971 4572 ecclesias
984 4505 1075 4568 intra
1090 4503 1301 4568 territorium
1314 4507 1390 4588 ejus

212 4613 314 4679 situs?

253 4723 286 4786 1⁰
297 4721 398 4788 Juxta
421 4723 599 4807 quosdam,
615 4725 785 4809 parochus
808 4743 912 4808 super
934 4721 1149 4807 subjectione
1171 4719 1392 4809 ecclesiarum
