3510 5574
555 606 642 652 ursos
663 607 791 654 suerrus
811 607 1035 654 nncsnrrsruu.
1327 591 1387 656 203

207 739 282 804 quse
297 719 341 785 ad
350 723 518 806 cujusque
531 727 687 808 spectant
699 723 851 792 otssoium
865 725 1093 810 personaliter
1103 727 1256 810 exsequi.
1269 724 1319 792 lte
1329 728 1388 810 jus

205 846 388 895 eommune
404 832 440 894 et
453 829 609 915 speoislis
622 830 711 896 Trid.
730 831 924 902 declaratio.

245 934 283 1000 ln
311 935 517 1020 quibusdum
544 941 660 1004 temon
689 938 850 1017 ecelesiis,
882 943 1131 1010 consuetudine
1155 941 1388 1008 introductum

206 1049 260 1110 ost
280 1049 320 1110 ut
338 1045 493 1112 esnonioi
507 1051 696 1130 praesentss
710 1066 782 1116 non
800 1048 958 1132 psnllunt,
979 1051 1041 1116 sed
1061 1051 1230 1116 submisse
1245 1051 1390 1116 reoitent

205 1159 325 1237 horss3
350 1175 473 1224 verum
492 1159 618 1226 Boned.
641 1160 876 1249 illuceatur.
893 1163 1135 1250 Gumsrmper,
1156 1163 1223 1229 diei
1242 1165 1282 1228 l9
1307 1183 1386 1248 aug.

207 1265 296 1342 litt,
318 1284 491 1333 renovens
514 1269 788 1352 praeseriptiones
810 1270 912 1347 Trid,
937 1270 1086 1337 declarat
1110 1270 1295 1336 canonicos
1317 1291 1388 1337 non

206 1372 390 1456 psallentes
412 1371 481 1440 alu
507 1393 593 1440 vose
615 1378 747 1440 fruetus
772 1377 1035 1460 praebendorum
1055 1383 1090 1444 et
1111 1379 1388 1444 distributionum

208 1499 288 1546 suos
303 1482 497 1548 nonfacere
511 1486 547 1546 et
560 1482 603 1548 od
624 1501 745 1560 eorum
759 1485 1013 1552 restitutionem
1034 1486 1155 1562 teneri
1173 1503 1387 1572 pedumque

207 1589 454 1656 consuetudine
471 1590 507 1656 in
518 1591 729 1658 eontrarium
743 1592 913 1660 obstante.

207 1837 221 1910 ᾗ
241 1840 286 1896 lli.
302 1835 348 1896 Ad
360 1836 439 1912 qood
452 1843 568 1911 tempus
584 1838 753 1910 beneficiati
773 1839 854 1900 ttrite
867 1840 974 1900 abesse
983 1843 1102 1913 possint
1118 1855 1137 1900 a
1155 1839 1389 1900 remordentis?

247 2030 280 2111 ιι)
295 2027 448 2112 llpisoopi
462 2031 608 2112 exjustu
621 2046 735 2106 conse,
751 2029 831 2096 lieet
844 2049 915 2096 non
930 2032 1038 2112 gravi,
1057 2049 1150 2096 esus
1168 2030 1307 2096 dioeoesi
1322 2031 1390 2096 sin-

207 2135 410 2218 gulisnnnis
430 2137 551 2204 obesse
567 2141 714 2222 possunt
734 2156 797 2222 per
811 2138 899 2203 duos
922 2145 982 2204 eut
996 2139 1039 2204 ud
1051 2156 1227 2203 summum
1240 2155 1302 2220 per
1320 2142 1389 2202 tres

207 2261 357 2322 menses,
379 2245 451 2310 sive
473 2245 657 2312 eontinuos
673 2245 745 2310 sive
760 2245 980 2330 interruptos,
1003 2246 1107 2312 modo
1130 2245 1165 2310 id
1184 2246 1245 2310 ilat
1260 2247 1389 2330 absque

208 2351 413 2418 detrimento
435 2355 561 2436 gregis.
577 2352 627 2418 lta
641 2353 742 2430 Trid,
760 2369 844 2418 sess.
861 2353 911 2430 Ἢ,
927 2373 957 2418 e.
969 2355 999 2418 l.
1016 2353 1093 2418 llaeo
1106 2358 1222 2418 tumen
1236 2353 1390 2418 absentie
1439 2363 1441 2366 ’

208 2460 324 2524 haberi
348 2462 478 2546 nequit,
498 2467 660 2546 utsupra
680 2461 809 2528 dietum
829 2467 891 2539 ost,
910 2462 947 2526 in
968 2463 1071 2528 certis
1093 2463 1175 2527 anni
1198 2461 1329 2528 diebus.
1355 2461 1388 2526 Si

210 2587 292 2636 vero
314 2589 377 2654 per
393 2569 531 2653 longius
547 2575 683 2656 tempus
698 2573 819 2638 abesse
834 2571 952 2647 velint,
970 2571 1039 2637 duo
1054 2571 1276 2657 requiruntur
1289 2587 1389 2655 oopu-

208 2678 310 2744 lotive
323 2699 331 2742 :
343 2667 364 2738 ἰι
377 2681 472 2762 justu
484 2698 588 2746 osusn
602 2683 637 2744 et
649 2679 812 2746 lieentia»
828 2680 941 2746 dendo
956 2679 1131 2745 aSummo
1142 2679 1316 2755 Pontifloe,
1332 2679 1389 2744 vel

209 2787 482 2870 metropolitano,
512 2793 583 2864 out,
609 2789 674 2853 hoo
702 2789 857 2866 absente,
879 2790 921 2854 sb
942 2787 1133 2872 antiquiore
1156 2788 1386 2868 suffraganeo.

209 2896 380 2978 llxoipitur
393 2897 422 2962 si
437 2897 628 2982 perieulum
644 2899 689 2964 sit
707 2899 743 2964 in
761 2917 868 2975 mora,
885 2903 945 2966 sut
966 2898 1131 2964 obsentiae
1148 2915 1252 2962 eausa
1266 2897 1312 2960 sit
1328 2915 1390 2962 no

211 3005 306 3082 toris,
322 3024 390 3090 quo
412 3025 494 3072 essu
516 3007 630 3091 ipsum
646 3011 704 3091 jus
724 3007 967 3074 detliosntism
988 3007 1081 3090 (Vide
1107 3011 1214 3072 oonst.
1238 3005 1296 3072 Ad
1316 3005 1390 3068 erni·

210 3132 324 3189 versae,
341 3133 374 3178 n.
391 3115 422 3192 6,
437 3113 611 3180 Benedioti
625 3114 716 3198 xlv).

251 3221 280 3304 d)
297 3221 335 3288 ln
350 3223 528 3288 abhatibus
546 3228 582 3288 et
594 3223 742 3308 praelutis
756 3223 831 3290 eliis
845 3223 1063 3289 interioribus
1077 3222 1267 3288 videndum
1279 3228 1333 3286 est
1346 3241 1390 3287 ιιιι

212 3331 280 3396 sint
298 3332 449 3416 exempti
463 3331 731 3416 ujurisdiotione
747 3319 966 3416 episeopi‚'sn
979 3329 1059 3394 huie
1077 3330 1213 3395 subditi.
1229 3329 1268 3394 ln
1280 3330 1390 3413 primo

212 3458 304 3518 essu,
320 3440 413 3505 idem
429 3440 610 3506 dioendum
631 3445 684 3506 est
700 3442 741 3507 de
756 3441 823 3505 illis
837 3459 876 3506 eo
891 3439 933 3506 de
948 3440 1116 3524 episeopis
1133 3459 1140 3502 :
1156 3457 1237 3505 narn
1252 3439 1391 3503 nomine

213 3548 373 3614 ordinarii
391 3549 545 3614 veniunt.
562 3550 596 3614 Si
611 3569 693 3616 vero
709 3550 778 3614 sint
791 3548 917 3614 subditi
935 3549 1107 3633 episeopo,
1124 3549 1174 3613 eis
1190 3548 1393 3632 permittun-

214 3661 269 3720 tur
282 3657 351 3723 duo
364 3675 514 3735 menses,
532 3659 619 3725 sieut
631 3660 798 3744 parochis.

253 3766 279 3848 r)
307 3767 338 3830 1⁰
356 3765 506 3857 ⁸Puroohi
534 3767 658 3852 aliique
685 3785 803 3832 eurem
828 3767 1022 3832 animarum
1048 3767 1233 3839 habentes,
1266 3763 1394 3828 seilicet

213 3875 350 3957 psroohi
369 3875 570 3942 emovihiles
584 3878 626 3960 (l)
642 3877 697 3944 vel
711 3877 961 3952 inamovibiles,
979 3875 1096 3940 vionrfi
1110 3874 1219 3939 curati
1236 3874 1393 3957 perpetui

213 3983 268 4048 vel
283 3985 498 4069 temporales,
522 3987 751 4071 coadjutores,
768 3988 888 4052 abesse
907 3989 1053 4070 possunt
1070 4003 1132 4068 per
1145 3983 1231 4048 duos
1254 3999 1392 4048 menses

213 4093 393 4161 continuos
403 4095 459 4160 vel
469 4097 696 4181 interruptum
709 4097 798 4166 ultro
813 4096 899 4163 duos
914 4113 1063 4170 menses,
1081 4095 1201 4159 abesse
1216 4094 1394 4176 nequeunt

213 4201 333 4266 nisiex
350 4203 447 4285 gravi
459 4221 563 4270 reuss
577 4209 612 4272 et
623 4203 760 4270 lieentia
774 4205 816 4270 ab
832 4203 990 4288 episcopo
1005 4202 1187 4285 impetrata
1197 4199 1234 4263 in
1247 4199 1390 4282 scriptis,

117 4303 127 4373 ss
213 4325 253 4374 eo
267 4311 451 4378 constituto
466 4313 592 4379 vimrio
610 4315 686 4380 loeo
706 4314 758 4379 sui
779 4315 821 4378 nh
842 4312 1002 4399 episeopo
1017 4310 1213 4395 approbato,
1238 4325 1318 4373 oum
1337 4307 1393 4372 de-

201 4417 284 4484 ‘bite
296 4419 463 4486 meroedis
478 4422 721 4504 assignatione.
894 4421 898 4432 '

254 4525 287 4590 Ψ
301 4527 357 4592 Αιι
379 4529 484 4594 etiam
498 4529 548 4594 acl
566 4529 756 4596 absentiam
770 4529 917 4597 duorum
931 4528 1100 4596 mererium
1117 4544 1247 4597 necesse
1262 4526 1307 4592 sit
1321 4532 1394 4592 uto

215 4723 218 4730 ¹
249 4763 281 4826 (t)
299 4763 324 4816 S
341 4763 656 4831 consensissemus
673 4767 741 4820 1612.
