3488 5564
821 519 872 566 tos
894 515 1074 571 canonicum.

523 693 566 746 iv.
584 691 707 753 Quinam
724 691 782 746 sint
798 693 915 748 effectus
931 696 1146 750 contestationis
1161 696 1255 750 aalide
1272 697 1373 749 laeter

313 871 316 885 .
401 827 549 892 Effectus
570 825 745 910 speciales,
770 827 804 891 id
829 833 890 906 est,
913 848 983 895 non
1003 848 1204 896 communes
1226 847 1305 894 cum
1323 829 1427 896 libelli
1447 830 1539 896 obla-

363 936 454 1000 tione
469 938 503 1000 et
517 933 687 1010 citatione,
706 940 786 998 subt
802 941 985 1020 sequentes
1002 957 1008 1000 :

402 1044 434 1124 c)
451 1041 573 1124 Quoad
585 1043 694 1127 ipsam
709 1043 885 1108 actionem.
902 1047 934 1108 10
949 1046 1012 1110 Dat
1025 1046 1161 1110 initium
1180 1045 1309 1128 judicio
1329 1047 1444 1110 stricte
1457 1045 1537 1122 tali,

361 1151 409 1216 ita
422 1155 460 1214 ut
474 1168 609 1215 currere
624 1150 762 1233 incipiat
777 1152 948 1216 instantia.
966 1153 1064 1218 Retio
1079 1159 1142 1230 est,
1160 1153 1239 1237 quia
1256 1159 1335 1220 ante
1351 1153 1447 1218 litem
1460 1171 1540 1217 con-

363 1264 521 1324 testatam
537 1277 607 1322 non
622 1257 745 1322 dicitur
763 1259 839 1342 quis
860 1277 962 1342 agere
982 1261 1038 1325 vel
1060 1267 1187 1344 petere,
1208 1261 1267 1326 sed
1286 1266 1419 1326 tantum
1438 1277 1539 1341 agere

362 1368 417 1432 vel
429 1373 545 1451 petere
564 1366 662 1432 velle.
679 1368 712 1446 20
727 1369 904 1433 Actionem
923 1370 1146 1452 temporalem
1169 1375 1349 1453 perpetuat
1370 1389 1478 1454 usque
1498 1368 1540 1434 ad

347 1523 349 1535 .
363 1475 712 1558 quadragintsaunos;
721 1477 1119 1562 actionesveropoenelcs
1131 1479 1316 1563 velquaeex
1331 1479 1428 1563 quasi
1441 1477 1541 1542 delier

297 1598 304 1618 ‘
362 1584 634 1660 tisdescendunt,
646 1587 843 1650 transmittit
852 1587 894 1652 sd
906 1587 1069 1652 haeredes.
1079 1589 1112 1652 30
1123 1587 1314 1668 Exstinguit
1325 1587 1542 1670 exceptiones

363 1693 534 1757 dilatorias
550 1699 585 1758 et
602 1695 665 1758 lori
689 1695 950 1781 declinatorias,
968 1698 1033 1760 nisi
1054 1716 1156 1762 causa
1174 1715 1264 1761 nova
1288 1695 1464 1760 emerserit
1486 1692 1541 1756 uel

363 1801 548 1865 novissime
563 1801 763 1882 innotuerit,
772 1823 853 1870 nam
867 1824 929 1889 per
940 1811 1117 1888 acceptum
1129 1805 1296 1889 judicium
1309 1803 1361 1867 his
1375 1801 1542 1884 exceptio-

363 1909 463 1974 nibus
481 1911 715 1975 renuntiatum
736 1919 797 1976 est.
815 1913 848 1976 40
863 1913 954 1978 Facit
973 1916 1143 1982 actionem
1164 1913 1359 1994 litigiosam,
1384 1915 1420 1975 et
1442 1910 1542 1972 inter·

363 2019 490 2100 rumpit
500 2018 799 2102 praescriptionem,
815 2021 918 2086 etiam
927 2021 1021 2103 longi
1038 2022 1212 2104 temporis,
1227 2021 1338 2096 idest,
1355 2019 1473 2084 decem
1487 2014 1543 2082 uel

363 2127 485 2206 viginti
500 2146 680 2204 annorum,
699 2147 802 2212 quam
817 2147 897 2193 rcus
912 2130 1094 2194 inchoavit.

343 2227 344 2231 ’
405 2234 433 2316 b)
444 2233 702 2318 Quoadpcrtes,
716 2237 747 2298 10
763 2235 891 2317 obligat
907 2236 980 2302 illas
996 2243 1034 2301 ut
1048 2243 1171 2302 neuter
1183 2237 1331 2318 litigans,
1348 2231 1542 2299 adversario

365 2361 427 2406 suo
452 2343 573 2418 invito,
599 2344 707 2426 possit
731 2343 915 2419 discedere,
940 2345 1006 2408 uisi
1022 2363 1189 2428 expensas
1211 2349 1246 2407 et
1267 2343 1391 2408 damna
1414 2339 1540 2413 solvat;

364 2450 397 2513 020
411 2451 586 2514 constituit
600 2468 835 2533 possessorem
850 2453 948 2516 bonae
968 2452 1048 2516 ssdci
1070 2453 1105 2516 in
1125 2452 1215 2516 mala
1236 2451 1302 2514 tide
1326 2449 1438 2534 quoad
1455 2421 1543 2514 iuuc'-

366 2565 463 2622 tuum
484 2559 749 2642 possessionem,
766 2577 828 2622 seu
848 2559 1112 2642 perceptionem,
1130 2561 1179 2624 ita
1199 2563 1237 2622 ut
1255 2557 1331 2621 illos
1349 2576 1370 2620 a
1388 2556 1440 2619 die
1463 2572 1544 2618 cou-

368 2665 557 2729 teststionis
571 2665 640 2728 litis
655 2683 725 2729 non
739 2665 839 2730 iaciat
851 2685 943 2742 suos,
958 2666 1018 2730 sed
1033 2684 1236 2731 conservare
1256 2684 1315 2731 eos
1337 2663 1500 2738 electori,
1514 2661 1543 2724 si

367 2775 395 2836 is
408 2773 502 2838 litem
517 2773 680 2850 obtineat,
696 2774 875 2870 restituere
893 2780 1059 2840 teneatur.

748 3211 996 3305 succum
1026 3149 1162 3302 unas

709 3419 773 3468 Dr:
811 3419 1021 3468 ORDINE
1059 3419 1209 3467 LITIS

870 3599 1034 3617 fi——n—

411 3777 499 3841 Ordo
522 3781 634 3841 rectus
654 3779 689 3839 et
710 3773 837 3838 stabilis
859 3773 1026 3838 tenendus
1046 3777 1098 3838 eit
1117 3773 1152 3838 in
1170 3773 1300 3838 ectitius
1316 3770 1542 3857 judicialibus,

370 3904 413 3950 uc
429 3887 489 3949 ilat
502 3885 666 3949 conlusio.
685 3885 767 3948 Poni
783 3883 883 3946 debet
894 3881 949 3946 ille
968 3882 1062 3958 ordo,
1075 3887 1109 3945 et
1122 3883 1162 3946 de
1177 3883 1265 3948 iacto
1278 3883 1416 3966 ponitur
1428 3883 1463 3946 in
1479 3882 1545 3944 dis-

370 3994 537 4076 positione
559 3991 734 4057 titulorum
752 3992 783 4054 10
798 3991 834 4054 in
853 3991 934 4074 ipsis
948 3991 1078 4054 actibus
1089 3991 1206 4072 Judicii
1220 3993 1308 4055 inter
1321 4011 1357 4054 se
1370 3991 1543 4074 speciatim

371 4105 417 4168 sic
430 4104 560 4186 primus
576 4106 671 4174 actus
687 4104 740 4164 est
752 4099 820 4162 litis
840 4099 1052 4174 contestatio
1076 4099 1197 4164 deinde
1216 4100 1359 4164 veniunt
1373 4102 1547 4182 juramen·

371 4217 444 4275 tum
465 4209 654 4285 calumniae,
674 4207 891 4291 probationes
910 4213 944 4270 et
963 4207 1194 4294 exceptionem
1215 4205 1353 4272 tandem
1374 4205 1545 4272 conclusio

370 4320 405 4382 in
420 4337 522 4383 causa
538 4322 572 4381 et
586 4316 765 4380 sententia.
781 4313 884 4380 Porro
899 4315 1017 4378 titulus
1031 4313 1071 4378 Vl
1082 4314 1185 4380 modo
1197 4314 1348 4396 generali
1361 4315 1547 4397 praeseribit

268 4495 271 4501 ,
369 4429 461 4494 bunc
476 4426 641 4492 ordinem.

409 4539 441 4601 2⁰
457 4533 597 4599 Ponitur
611 4533 693 4598 crdo
712 4529 823 4616 quoad
842 4536 981 4596 actuum
995 4527 1131 4596 illorum
1149 4539 1290 4618 tessspus,
1307 4539 1345 4596 ut
1359 4532 1548 4598 concedan-

372 4649 429 4707 tur
442 4642 604 4722 legitimae
621 4640 810 4724 dilatiopes,
829 4643 862 4700 ot
873 4639 999 4718 ‚iusticia
1017 4656 1086 4702 non
1108 4645 1330 4704 exerceantur
1342 4640 1377 4703 in
1393 4643 1546 4721 tempore
