3504 5566
509 603 597 648 traua
618 603 769 648 saooauus
791 601 1011 646 atanaricum.
1293 581 1351 644 tte

175 724 345 808 siquidem
357 727 493 806 pactum
509 727 562 786 est
575 727 670 786 actus
682 721 833 804 justitiae.
848 721 1028 804 Disputant
1040 718 1188 798 theologi
1204 737 1248 782 an
1260 719 1353 800 jura-

175 837 332 895 mentum
345 832 381 894 in
394 849 432 894 re
447 829 514 894 levi
530 829 658 911 obliget
679 829 742 892 sub
760 828 855 910 gravi
878 827 988 892 adsui
1009 825 1243 909 impletionem
1260 823 1353 906 (Vide

178 937 209 1002 S.
226 940 310 1021 Lig.,
326 938 436 1003 Tteot.
453 957 550 1012 mor„
566 937 588 1001 l.
605 937 706 1013 111,n.
724 939 804 1018 173).

218 1046 384 1128 Obligatio
394 1047 592 1128 iuramenti,
604 1065 678 1130 quae
689 1051 741 1109 est
753 1045 928 1126 religionis
943 1049 1087 1120 tantum,
1098 1062 1167 1108 non
1179 1043 1300 1106 transit
1311 1042 1354 1106 ad

178 1153 342 1230 baeredes‚
359 1173 438 1218 cum
453 1155 497 1218 sit
510 1174 593 1237 pure
607 1155 811 1236 personalis;
828 1153 889 1218 sed
904 1153 1065 1234 obligatio
1080 1150 1191 1226 realis,
1209 1167 1271 1214 seu
1283 1153 1354 1232 jus-

179 1263 270 1340 titiae,
286 1281 329 1326 ex
346 1267 445 1346 pacto
457 1263 573 1344 jurato
596 1267 679 1336 orta,
698 1262 820 1326 transit
841 1261 884 1325 ad
906 1261 1059 1326 haeredes
1075 1264 1109 1324 et
1128 1277 1353 1332 successores,

179 1371 267 1433 sicut
289 1369 363 1434 alise
389 1368 614 1450 obligationes
640 1388 683 1432 ex
706 1369 848 1451 justitia.
865 1368 946 1434 Vide
962 1367 1178 1448 Scbmalzgr„
1197 1386 1231 1430 n.
1250 1367 1354 1441 tiso,

178 1478 235 1562 qni
247 1477 367 1542 fusiori
381 1477 511 1540 calamo
527 1475 601 1541 illas
616 1495 737 1542 omnes
753 1475 979 1558 obligationes
995 1476 1163 1558 exposuit.

221 1586 248 1666 c)
265 1583 487 1664 Confimnotio
502 1589 738 1648 contractuum
752 1587 1066 1667 perjuramentum.
1085 1585 1116 1646 l·
1134 1583 1233 1648 Pacta
1244 1583 1357 1647 valida

183 1699 216 1756 et
237 1693 384 1756 honesta
405 1691 652 1754 confirmantur
675 1710 735 1774 per
755 1694 1008 1774 juramentum,
1026 1693 1074 1756 ita
1098 1695 1136 1753 ut
1158 1690 1357 1771 obligationi

179 1799 320 1882 justitiae
349 1797 492 1861 addatur
518 1797 680 1878 obligatio
706 1799 892 1881 religionis.
920 1800 952 1864 2⁰
976 1799 1075 1864 Pacta
1099 1804 1218 1863 contra
1250 1798 1358 1862 bonos

185 1925 309 1982 mores,
325 1923 387 1969 seu
402 1911 521 1970 contra
531 1907 589 1988 jus
604 1907 758 1970 naturale
774 1911 808 1970 et
822 1907 987 1982 divinum,
999 1905 1055 1971 vel
1069 1907 1260 1970 humanum
1274 1923 1360 1988 prse-

184 2015 373 2096 oeptivum,
397 2011 491 2077 nullo
519 2013 622 2078 modo
649 2015 896 2079 confirmantur
917 2033 979 2098 per
1002 2016 1255 2096 juramentum,
1281 2031 1359 2078 cum

182 2124 416 2204 juramentum
431 2139 500 2184 non
515 2122 623 2204 possit
638 2141 713 2186 esse
727 2121 902 2186 vinculum
917 2121 1105 2204 iniquitatis
1120 2121 1159 2201 (c.
1176 2121 1196 2183 8
1209 2123 1243 2186 h.
1260 2123 1308 2204 t),
1327 2127 1361 2184 et

185 2229 268 2294 alias
278 2229 422 2294 materia
436 2227 551 2292 illicita
565 2229 609 2292 sit
621 2229 840 2314 impossibilis
854 2231 895 2294 de
905 2232 994 2312 jure.
1008 2228 1168 2294 Similiter
1182 2229 1210 2292 si
1224 2235 1360 2312 pactum

187 2337 316 2420 dejure
332 2337 476 2402 naturali
493 2341 545 2400 est
557 2337 756 2414 invalidum,
770 2359 803 2402 v.
818 2359 851 2421 g.
870 2358 913 2402 ex
930 2339 1062 2402 delectu
1077 2355 1276 2412 consensus,
1292 2355 1361 2400 non

186 2446 340 2509 firmatur
360 2447 575 2528 juramento,
601 2465 680 2510 cum
703 2447 783 2510 huic
814 2466 884 2512 non
909 2452 1080 2529 competat
1107 2447 1159 2510 vis
1185 2445 1361 2530 supplendi

187 2553 356 2618 delectum
379 2552 647 2618 substantialem.
664 2555 697 2617 3⁰
715 2553 912 2618 Contractus
934 2557 1010 2638 jure
1035 2556 1186 2620 humano
1211 2553 1361 2628 invalidi,

188 2660 216 2724 si
231 2659 299 2724 sint
317 2678 379 2744 per
398 2679 435 2724 se
454 2659 600 2736 honesti,
621 2662 868 2727 confirmantur
887 2665 1094 2744 juramento,
1120 2668 1157 2726 ut
1179 2661 1254 2726 vult
1273 2679 1363 2725 com-

188 2768 325 2832 munior
338 2767 518 2844 sententia,
536 2787 611 2851 quae
624 2768 772 2832 admittit
785 2769 888 2834 etiam
903 2769 1146 2851 obligationem
1158 2769 1314 2852 justitiae3
1336 2768 1364 2830 si

188 2894 270 2939 vero
291 2881 473 2956 vergerent
494 2875 529 2938 in
555 2877 791 2959 praejudioium
817 2877 897 2941 boui
921 2877 1046 2959 publici
1067 2877 1123 2942 val
1147 2876 1248 2953 tertii,
1270 2875 1364 2939 nullo

188 2983 290 3047 modo
311 2984 597 3046 confirmarentur
616 3001 678 3066 per
693 2985 930 3066 juramentum
945 2985 984 3064 (c.
1000 2985 1040 3048 98
1055 2985 1088 3048 h.
1107 2985 1156 3064 t),
1173 3001 1252 3048 eum
1267 2988 1366 3066 pacta

188 3089 409 3172 privatorum,
422 3090 527 3154 etiam
534 3093 730 3172 juramento
741 3092 886 3166 ssrmata,
899 3109 970 3156 non
979 3075 1111 3172 possint
1123 3090 1288 3171 derogare
1296 3091 1364 3172 juri

190 3197 245 3259 vel
259 3198 349 3262 bono
363 3197 498 3278 publico
512 3203 571 3261 aut
585 3198 686 3260 tertii.

350 3449 428 3520 ξίν.
450 3449 489 3506 lte
508 3448 757 3520 interpretatione
774 3455 803 3506 ct
824 3449 1011 3507 relocatione
1026 3449 1205 3519 juramenti.

232 3645 266 3726 o)
280 3643 474 3708 Generatim
491 3645 730 3724 'juramentum
752 3647 804 3706 est
827 3642 941 3708 stricte
962 3641 1266 3726 interpretandum,
1287 3659 1365 3705 cum

194 3753 238 3814 sit
261 3751 474 3816 inductivum
496 3751 711 3832 obligationis
726 3753 765 3832 (c.
784 3751 823 3814 ltl
842 3751 883 3814 de
901 3751 993 3816 Veri.
1010 3751 1120 3834 sign).
1136 3751 1177 3814 At
1193 3750 1368 3834 speciatim

195 3859 373 3942 sequentia
388 3863 469 3922 sunt
482 3856 633 3923 notanda
649 3877 655 3918 :
673 3859 704 3920 l⁰
718 3857 954 3923 iuramentum
968 3859 1096 3924 iactum
1112 3859 1147 3922 in
1162 3857 1304 3924 materia
1315 3858 1369 3938 ju-

195 3968 254 4042 ris,
270 3965 460 4030 secundum
480 3966 583 4048 bujus
605 3965 864 4047 dispositionem
884 3966 1098 4049 interpretari
1120 3965 1221 4030 debet
1236 3967 1274 4046 (c.
1292 3964 1312 4027 6
1330 3964 1370 4026 de

196 4073 320 4138 Erotes.
342 4073 435 4155 adis.
459 4079 494 4138 et
510 4093 539 4138 o.
557 4073 596 4137 13
610 4073 652 4136 de
668 4073 755 4138 Cler.
772 4092 840 4138 noro
854 4075 978 4154 resid.);
993 4075 1026 4136 2⁰
1040 4075 1131 4140 bona
1153 4073 1220 4137 lide
1243 4071 1371 4156 praesti-
1398 4101 1401 4108 =

199 4189 282 4256 tum,
298 4179 591 4264 interpretandum
610 4185 663 4245 est
677 4181 865 4246 secundum
880 4181 1107 4245 intentionem
1119 4180 1276 4262 jnrantis‚
1294 4197 1372 4244 cum

199 4287 360 4370 obligatio
380 4308 424 4354 ex
442 4289 633 4354 intentione
661 4288 861 4363 descendat;
888 4288 920 4352 3·
940 4291 1175 4372 juramentum
1199 4286 1369 4369 generale,

199 4397 276 4462 dolo
301 4405 336 4462 et
355 4397 473 4462 verbis
493 4396 621 4461 callidis
645 4397 846 4480 praestitum,
864 4396 1159 4480 interpretandum
1181 4401 1233 4460 est
1255 4413 1374 4460 secun-

201 4506 283 4569 dum
297 4523 418 4569 vorum
432 4503 641 4568 intellectum
656 4504 849 4586 recipientis
861 4504 915 4567 oui
928 4505 1063 4586 Jurator
1076 4503 1160 4584 (ean.
1172 4504 1222 4578 ab,
1238 4523 1269 4586 q.
1282 4505 1324 4588 5),
1340 4509 1374 4566 et

201 4614 342 4698 aequitas
352 4610 515 4678 naturalis
525 4613 590 4678 hoc
602 4613 732 4678 suadet.

242 4721 271 4782 bt
285 4721 521 4785 loramentum
540 4719 685 4787 relaxari
703 4725 837 4804 potest:
854 4722 886 4784 1ο
904 4720 946 4786 ab
970 4739 1012 4786 eo
1035 4721 1092 4805 qui
1116 4721 1219 4786 habet
1237 4719 1376 4786 iaculta—

345 4849 377 4892 ιι.
1219 4831 1238 4893 9
