<?xml version="1.0" encoding="UTF-8"?>
<!DOCTYPE html PUBLIC "-//W3C//DTD XHTML 1.0 Transitional//EN"
    "http://www.w3.org/TR/xhtml1/DTD/xhtml1-transitional.dtd">
<html xmlns="http://www.w3.org/1999/xhtml" xml:lang="en" lang="en">
 <head>
  <title>
</title>
<meta http-equiv="Content-Type" content="text/html;charset=utf-8" />
  <meta name='ocr-system' content='tesseract 3.04.00' />
  <meta name='ocr-capabilities' content='ocr_page ocr_carea ocr_par ocr_line ocrx_word'/>
</head>
<body>
  <div class='ocr_page' id='page_1' title='image "./juscanonicumjux00grangoog_0222.png"; bbox 0 0 3510 5574; ppageno 0'>
   <div class='ocr_carea' id='block_1_1' title="bbox 310 563 1106 642">
    <p class='ocr_par' dir='ltr' id='par_1_1' title="bbox 310 563 1106 642">
     <span class='ocr_line' id='line_1_1' title="bbox 310 563 1106 642; baseline -0.003 -17"><span class='ocrx_word' id='word_1_1' title='bbox 310 631 316 642; x_wconf 51' lang='grc'>,</span> <span class='ocrx_word' id='word_1_2' title='bbox 396 563 455 625; x_wconf 71' lang='grc' dir='ltr'><strong>ΞΜ</strong></span> <span class='ocrx_word' id='word_1_3' title='bbox 855 581 906 624; x_wconf 79' lang='lat' dir='ltr'><strong>trs</strong></span> <span class='ocrx_word' id='word_1_4' title='bbox 926 581 1106 625; x_wconf 70' lang='lat' dir='ltr'><strong>assonetur.</strong></span> 
     </span>
    </p>
   </div>
   <div class='ocr_carea' id='block_1_2' title="bbox 329 697 1575 1756">
    <p class='ocr_par' dir='ltr' id='par_1_2' title="bbox 394 697 1573 998">
     <span class='ocr_line' id='line_1_2' title="bbox 394 697 1573 778; baseline 0 -18"><span class='ocrx_word' id='word_1_5' title='bbox 394 697 576 765; x_wconf 77' lang='lat' dir='ltr'><strong>fructibus:</strong></span> <span class='ocrx_word' id='word_1_6' title='bbox 601 701 647 773; x_wconf 79' lang='lat' dir='ltr'><strong>ei,</strong></span> <span class='ocrx_word' id='word_1_7' title='bbox 668 701 844 761; x_wconf 83' lang='lat' dir='ltr'><strong>crescente</strong></span> <span class='ocrx_word' id='word_1_8' title='bbox 871 699 1098 774; x_wconf 75' lang='lat' dir='ltr'><strong>contumacia,</strong></span> <span class='ocrx_word' id='word_1_9' title='bbox 1119 699 1147 760; x_wconf 85' lang='lat' dir='ltr'><strong>si</strong></span> <span class='ocrx_word' id='word_1_10' title='bbox 1175 697 1327 778; x_wconf 75' lang='lat' dir='ltr'>legitime</span> <span class='ocrx_word' id='word_1_11' title='bbox 1358 698 1479 762; x_wconf 89' lang='lat' dir='ltr'><strong>monili</strong></span> <span class='ocrx_word' id='word_1_12' title='bbox 1504 715 1573 760; x_wconf 90' lang='lat' dir='ltr'><strong>nou</strong></span> 
     </span>
     <span class='ocr_line' id='line_1_3' title="bbox 395 804 1573 890; baseline -0.002 -22"><span class='ocrx_word' id='word_1_13' title='bbox 395 804 568 880; x_wconf 77' lang='lat' dir='ltr'><strong>redierint,</strong></span> <span class='ocrx_word' id='word_1_14' title='bbox 579 805 774 888; x_wconf 74' lang='lat' dir='ltr'><strong>proceditur</strong></span> <span class='ocrx_word' id='word_1_15' title='bbox 785 811 905 870; x_wconf 85' lang='lat' dir='ltr'><strong>contra</strong></span> <span class='ocrx_word' id='word_1_16' title='bbox 916 825 978 872; x_wconf 86' lang='lat' dir='ltr'><strong>eos</strong></span> <span class='ocrx_word' id='word_1_17' title='bbox 990 825 1099 890; x_wconf 84' lang='lat' dir='ltr'><strong>usque</strong></span> <span class='ocrx_word' id='word_1_18' title='bbox 1111 805 1154 870; x_wconf 77' lang='lat' dir='ltr'><strong>ad</strong></span> <span class='ocrx_word' id='word_1_19' title='bbox 1173 806 1400 890; x_wconf 78' lang='lat' dir='ltr'><strong>privationem</strong></span> <span class='ocrx_word' id='word_1_20' title='bbox 1416 805 1573 870; x_wconf 84' lang='lat' dir='ltr'><strong>benelirii</strong></span> 
     </span>
     <span class='ocr_line' id='line_1_4' title="bbox 396 911 1572 998; baseline -0.003 -18"><span class='ocrx_word' id='word_1_21' title='bbox 396 915 502 994; x_wconf 83' lang='lat' dir='ltr'><strong>(conc.</strong></span> <span class='ocrx_word' id='word_1_22' title='bbox 521 911 623 989; x_wconf 75' lang='lat' dir='ltr'><strong>Trio,</strong></span> <span class='ocrx_word' id='word_1_23' title='bbox 641 931 727 978; x_wconf 83' lang='lat' dir='ltr'><strong>sess.</strong></span> <span class='ocrx_word' id='word_1_24' title='bbox 746 913 798 989; x_wconf 76' lang='lat' dir='ltr'><strong>st,</strong></span> <span class='ocrx_word' id='word_1_25' title='bbox 814 932 844 978; x_wconf 91' lang='lat' dir='ltr'><strong>c.</strong></span> <span class='ocrx_word' id='word_1_26' title='bbox 861 915 1073 998; x_wconf 68' lang='lat' dir='ltr'><strong>ld,post1us</strong></span> <span class='ocrx_word' id='word_1_27' title='bbox 1094 913 1218 998; x_wconf 67' lang='lat' dir='ltr'><strong>antip:</strong></span> <span class='ocrx_word' id='word_1_28' title='bbox 1233 931 1263 978; x_wconf 70' lang='lat' dir='ltr'><strong>c·</strong></span> <span class='ocrx_word' id='word_1_29' title='bbox 1276 913 1318 979; x_wconf 83' lang='grc'><strong>89</strong></span> <span class='ocrx_word' id='word_1_30' title='bbox 1330 921 1366 979; x_wconf 87' lang='lat' dir='ltr'><strong>et</strong></span> <span class='ocrx_word' id='word_1_31' title='bbox 1379 914 1438 978; x_wconf 85' lang='lat' dir='ltr'><strong>dn.</strong></span> <span class='ocrx_word' id='word_1_32' title='bbox 1450 914 1484 977; x_wconf 85' lang='lat' dir='ltr'><strong>h.</strong></span> <span class='ocrx_word' id='word_1_33' title='bbox 1495 915 1572 995; x_wconf 78' lang='lat' dir='ltr'><strong>tit).</strong></span> 
     </span>
    </p>

    <p class='ocr_par' dir='ltr' id='par_1_3' title="bbox 329 1019 1575 1756">
     <span class='ocr_line' id='line_1_5' title="bbox 431 1019 1575 1106; baseline -0.002 -20"><span class='ocrx_word' id='word_1_34' title='bbox 431 1020 535 1086; x_wconf 76' lang='lat' dir='ltr'><strong>Juxta</strong></span> <span class='ocrx_word' id='word_1_35' title='bbox 548 1019 813 1086; x_wconf 80' lang='lat' dir='ltr'><strong>declarationem</strong></span> <span class='ocrx_word' id='word_1_36' title='bbox 832 1021 955 1104; x_wconf 71' lang='lat' dir='ltr'><strong>congr.</strong></span> <span class='ocrx_word' id='word_1_37' title='bbox 976 1022 1089 1099; x_wconf 77' lang='lat' dir='ltr'><strong>Gonu,</strong></span> <span class='ocrx_word' id='word_1_38' title='bbox 1105 1039 1286 1106; x_wconf 87' lang='lat' dir='ltr'><strong>processus</strong></span> <span class='ocrx_word' id='word_1_39' title='bbox 1309 1022 1442 1086; x_wconf 84' lang='lat' dir='ltr'><strong>institui</strong></span> <span class='ocrx_word' id='word_1_40' title='bbox 1461 1027 1575 1105; x_wconf 83' lang='lat' dir='ltr'><strong>potest</strong></span> 
     </span>
     <span class='ocr_line' id='line_1_6' title="bbox 329 1128 1569 1216; baseline -0.002 -22"><span class='ocrx_word' id='word_1_41' title='bbox 329 1200 335 1211; x_wconf 58' lang='grc'>,</span> <span class='ocrx_word' id='word_1_42' title='bbox 392 1128 537 1194; x_wconf 80' lang='lat' dir='ltr'><strong>durante</strong></span> <span class='ocrx_word' id='word_1_43' title='bbox 559 1129 717 1205; x_wconf 62' lang='lat' dir='ltr'><strong>viconia</strong></span> <span class='ocrx_word' id='word_1_44' title='bbox 734 1130 794 1196; x_wconf 90' lang='lat' dir='ltr'><strong>sed</strong></span> <span class='ocrx_word' id='word_1_45' title='bbox 816 1137 895 1214; x_wconf 87' lang='lat' dir='ltr'><strong>post</strong></span> <span class='ocrx_word' id='word_1_46' title='bbox 917 1131 1072 1216; x_wconf 88' lang='lat' dir='ltr'><strong>elapsum</strong></span> <span class='ocrx_word' id='word_1_47' title='bbox 1091 1131 1269 1196; x_wconf 85' lang='lat' dir='ltr'><strong>biennium</strong></span> <span class='ocrx_word' id='word_1_48' title='bbox 1291 1131 1466 1196; x_wconf 75' lang='lat' dir='ltr'><strong>absentiae.</strong></span> <span class='ocrx_word' id='word_1_49' title='bbox 1484 1129 1569 1192; x_wconf 66' lang='grc' dir='ltr'><strong>Ρη-</strong></span> 
     </span>
     <span class='ocr_line' id='line_1_7' title="bbox 394 1237 1574 1324; baseline -0.003 -20"><span class='ocrx_word' id='word_1_50' title='bbox 394 1243 499 1317; x_wconf 85' lang='lat' dir='ltr'><strong>terea,</strong></span> <span class='ocrx_word' id='word_1_51' title='bbox 512 1257 556 1306; x_wconf 81' lang='lat' dir='ltr'><strong>ex</strong></span> <span class='ocrx_word' id='word_1_52' title='bbox 569 1239 678 1305; x_wconf 83' lang='lat' dir='ltr'><strong>altero</strong></span> <span class='ocrx_word' id='word_1_53' title='bbox 694 1239 832 1306; x_wconf 87' lang='lat' dir='ltr'><strong>decreto</strong></span> <span class='ocrx_word' id='word_1_54' title='bbox 852 1241 894 1306; x_wconf 76' lang='lat' dir='ltr'><strong>st</strong></span> <span class='ocrx_word' id='word_1_55' title='bbox 912 1241 994 1307; x_wconf 87' lang='lat' dir='ltr'><strong>maii</strong></span> <span class='ocrx_word' id='word_1_56' title='bbox 1011 1241 1102 1317; x_wconf 71' lang='lat'><strong>1674,</strong></span> <span class='ocrx_word' id='word_1_57' title='bbox 1118 1242 1299 1324; x_wconf 85' lang='lat' dir='ltr'><strong>subjacent</strong></span> <span class='ocrx_word' id='word_1_58' title='bbox 1314 1239 1427 1324; x_wconf 75' lang='lat' dir='ltr'><strong>posuis</strong></span> <span class='ocrx_word' id='word_1_59' title='bbox 1437 1255 1509 1304; x_wconf 89' lang='lat' dir='ltr'><strong>non</strong></span> <span class='ocrx_word' id='word_1_60' title='bbox 1523 1237 1574 1301; x_wconf 91' lang='lat' dir='ltr'><strong>in·</strong></span> 
     </span>
     <span class='ocr_line' id='line_1_8' title="bbox 391 1345 1573 1432; baseline -0.002 -20"><span class='ocrx_word' id='word_1_61' title='bbox 391 1345 634 1413; x_wconf 85' lang='lat' dir='ltr'><strong>toresseotium</strong></span> <span class='ocrx_word' id='word_1_62' title='bbox 646 1365 709 1432; x_wconf 91' lang='lat' dir='ltr'><strong>pro</strong></span> <span class='ocrx_word' id='word_1_63' title='bbox 723 1352 798 1414; x_wconf 89' lang='lat' dir='ltr'><strong>rata</strong></span> <span class='ocrx_word' id='word_1_64' title='bbox 811 1349 977 1425; x_wconf 84' lang='lat' dir='ltr'><strong>absentia,</strong></span> <span class='ocrx_word' id='word_1_65' title='bbox 993 1349 1057 1414; x_wconf 92' lang='lat' dir='ltr'><strong>etsi</strong></span> <span class='ocrx_word' id='word_1_66' title='bbox 1072 1349 1186 1414; x_wconf 87' lang='lat' dir='ltr'><strong>absint</strong></span> <span class='ocrx_word' id='word_1_67' title='bbox 1198 1367 1262 1432; x_wconf 88' lang='lat' dir='ltr'><strong>per</strong></span> <span class='ocrx_word' id='word_1_68' title='bbox 1277 1349 1427 1432; x_wconf 89' lang='lat' dir='ltr'><strong>primum</strong></span> <span class='ocrx_word' id='word_1_69' title='bbox 1438 1351 1573 1412; x_wconf 86' lang='lat' dir='ltr'><strong>tantum</strong></span> 
     </span>
     <span class='ocr_line' id='line_1_9' title="bbox 391 1455 1573 1540; baseline 0.001 -20"><span class='ocrx_word' id='word_1_70' title='bbox 391 1459 613 1533; x_wconf 87' lang='lat' dir='ltr'><strong>nocturnum,</strong></span> <span class='ocrx_word' id='word_1_71' title='bbox 636 1461 713 1532; x_wconf 86' lang='lat' dir='ltr'><strong>aut,</strong></span> <span class='ocrx_word' id='word_1_72' title='bbox 736 1455 772 1520; x_wconf 93' lang='lat' dir='ltr'><strong>in</strong></span> <span class='ocrx_word' id='word_1_73' title='bbox 793 1455 915 1521; x_wconf 84' lang='lat' dir='ltr'><strong>diebus</strong></span> <span class='ocrx_word' id='word_1_74' title='bbox 936 1455 1123 1535; x_wconf 78' lang='lat' dir='ltr'><strong>ferialibus,</strong></span> <span class='ocrx_word' id='word_1_75' title='bbox 1141 1475 1204 1540; x_wconf 89' lang='lat' dir='ltr'><strong>per</strong></span> <span class='ocrx_word' id='word_1_76' title='bbox 1226 1473 1287 1521; x_wconf 84' lang='lat' dir='ltr'><strong>sex</strong></span> <span class='ocrx_word' id='word_1_77' title='bbox 1307 1455 1471 1539; x_wconf 81' lang='lat' dir='ltr'><strong>psalmos,</strong></span> <span class='ocrx_word' id='word_1_78' title='bbox 1493 1475 1573 1522; x_wconf 90' lang='lat' dir='ltr'><strong>eon-</strong></span> 
     </span>
     <span class='ocr_line' id='line_1_10' title="bbox 390 1563 1570 1646; baseline 0.003 -19"><span class='ocrx_word' id='word_1_79' title='bbox 390 1563 493 1628; x_wconf 81' lang='lat' dir='ltr'><strong>traria</strong></span> <span class='ocrx_word' id='word_1_80' title='bbox 515 1563 764 1630; x_wconf 88' lang='lat' dir='ltr'><strong>consuetudine</strong></span> <span class='ocrx_word' id='word_1_81' title='bbox 784 1565 1027 1630; x_wconf 83' lang='lat' dir='ltr'><strong>nonobstante</strong></span> <span class='ocrx_word' id='word_1_82' title='bbox 1045 1564 1139 1646; x_wconf 82' lang='lat' dir='ltr'><strong>(vite</strong></span> <span class='ocrx_word' id='word_1_83' title='bbox 1162 1565 1210 1630; x_wconf 77' lang='lat' dir='ltr'><strong>lte</strong></span> <span class='ocrx_word' id='word_1_84' title='bbox 1233 1563 1384 1646; x_wconf 79' lang='lat' dir='ltr'><strong>Angelis,</strong></span> <span class='ocrx_word' id='word_1_85' title='bbox 1401 1564 1570 1640; x_wconf 89' lang='lat' dir='ltr'><strong>hocloco,</strong></span> 
     </span>
     <span class='ocr_line' id='line_1_11' title="bbox 392 1673 643 1756; baseline 0.008 -20"><span class='ocrx_word' id='word_1_86' title='bbox 392 1693 425 1738; x_wconf 87' lang='lat' dir='ltr'><strong>n.</strong></span> <span class='ocrx_word' id='word_1_87' title='bbox 443 1675 493 1750; x_wconf 83' lang='lat' dir='ltr'><strong>ta,</strong></span> <span class='ocrx_word' id='word_1_88' title='bbox 511 1673 560 1750; x_wconf 84' lang='lat' dir='ltr'><strong>rt,</strong></span> <span class='ocrx_word' id='word_1_89' title='bbox 581 1675 643 1756; x_wconf 78' lang='lat' dir='ltr'><strong>lt).</strong></span> 
     </span>
    </p>
   </div>
   <div class='ocr_carea' id='block_1_3' title="bbox 850 2049 1111 2128">
    <p class='ocr_par' dir='ltr' id='par_1_4' title="bbox 850 2049 1111 2128">
     <span class='ocr_line' id='line_1_12' title="bbox 850 2049 1111 2128; baseline 0.004 -4"><span class='ocrx_word' id='word_1_90' title='bbox 850 2049 1036 2128; x_wconf 87' lang='lat' dir='ltr'>TITULUS</span> <span class='ocrx_word' id='word_1_91' title='bbox 1069 2051 1111 2126; x_wconf 86' lang='lat' dir='ltr'><strong>V.</strong></span> 
     </span>
    </p>
   </div>
   <div class='ocr_carea' id='block_1_4' title="bbox 654 2226 1300 2273">
    <p class='ocr_par' dir='ltr' id='par_1_5' title="bbox 654 2226 1300 2273">
     <span class='ocr_line' id='line_1_13' title="bbox 654 2226 1300 2273; baseline 0 -1"><span class='ocrx_word' id='word_1_92' title='bbox 654 2227 696 2272; x_wconf 78' lang='lat' dir='ltr'><strong>DE</strong></span> <span class='ocrx_word' id='word_1_93' title='bbox 722 2226 934 2273; x_wconf 75' lang='lat' dir='ltr'><strong>PRAEBENMS</strong></span> <span class='ocrx_word' id='word_1_94' title='bbox 960 2228 1003 2272; x_wconf 76' lang='grc' dir='ltr'><strong>ΕΤ</strong></span> <span class='ocrx_word' id='word_1_95' title='bbox 1028 2227 1300 2273; x_wconf 73' lang='lat' dir='ltr'><strong>otoutrtrtsus.</strong></span> 
     </span>
    </p>
   </div>
   <div class='ocr_carea' id='block_1_5' title="bbox 899 2385 1057 2395">
    <p class='ocr_par' dir='ltr' id='par_1_6' title="bbox 899 2385 1057 2395">
     <span class='ocr_line' id='line_1_14' title="bbox 899 2385 1057 2395; baseline 0 -1"><span class='ocrx_word' id='word_1_96' title='bbox 899 2385 1057 2395; x_wconf 69' lang='lat'><strong>1-</strong></span> 
     </span>
    </p>
   </div>
   <div class='ocr_carea' id='block_1_6' title="bbox 625 2541 1334 2736">
    <p class='ocr_par' dir='ltr' id='par_1_7' title="bbox 625 2541 1334 2736">
     <span class='ocr_line' id='line_1_15' title="bbox 811 2541 1172 2604; baseline -0.022 0"><span class='ocrx_word' id='word_1_97' title='bbox 811 2542 969 2604; x_wconf 72' lang='lat' dir='ltr'><strong>scorto</strong></span> <span class='ocrx_word' id='word_1_98' title='bbox 998 2541 1172 2604; x_wconf 65' lang='lat' dir='ltr'><strong>Palati„</strong></span> 
     </span>
     <span class='ocr_line' id='line_1_16' title="bbox 625 2680 1334 2736; baseline -0.003 -2"><span class='ocrx_word' id='word_1_99' title='bbox 625 2681 673 2735; x_wconf 80' lang='lat' dir='ltr'><strong>Da</strong></span> <span class='ocrx_word' id='word_1_100' title='bbox 693 2683 818 2736; x_wconf 76' lang='lat' dir='ltr'><strong>natura</strong></span> <span class='ocrx_word' id='word_1_101' title='bbox 839 2683 874 2734; x_wconf 81' lang='lat' dir='ltr'><strong>ct</strong></span> <span class='ocrx_word' id='word_1_102' title='bbox 893 2681 1060 2734; x_wconf 62' lang='lat' dir='ltr'><strong>valetote</strong></span> <span class='ocrx_word' id='word_1_103' title='bbox 1080 2680 1334 2734; x_wconf 75' lang='lat' dir='ltr'><strong>beneficiorum.</strong></span> 
     </span>
    </p>
   </div>
   <div class='ocr_carea' id='block_1_7' title="bbox 818 2840 1142 2896">
    <p class='ocr_par' dir='ltr' id='par_1_8' title="bbox 818 2840 1142 2896">
     <span class='ocr_line' id='line_1_17' title="bbox 818 2840 1142 2896; baseline -0.006 -2"><span class='ocrx_word' id='word_1_104' title='bbox 818 2843 837 2894; x_wconf 91' lang='lat'><strong>1.</strong></span> <span class='ocrx_word' id='word_1_105' title='bbox 855 2840 988 2896; x_wconf 77' lang='lat' dir='ltr'><strong>neruiue</strong></span> <span class='ocrx_word' id='word_1_106' title='bbox 1002 2841 1142 2896; x_wconf 83' lang='lat' dir='ltr'><strong>beneficii.</strong></span> 
     </span>
    </p>
   </div>
   <div class='ocr_carea' id='block_1_8' title="bbox 386 2955 1573 4773">
    <p class='ocr_par' dir='ltr' id='par_1_9' title="bbox 388 2955 1573 4019">
     <span class='ocr_line' id='line_1_18' title="bbox 431 2955 1572 3042; baseline -0.007 -18"><span class='ocrx_word' id='word_1_107' title='bbox 431 2960 463 3041; x_wconf 86' lang='lat' dir='ltr'><strong>a)</strong></span> <span class='ocrx_word' id='word_1_108' title='bbox 477 2955 609 3028; x_wconf 80' lang='lat' dir='ltr'><strong>Nomen</strong></span> <span class='ocrx_word' id='word_1_109' title='bbox 618 2957 810 3042; x_wconf 72' lang='lat' dir='ltr'><strong>prodenda</strong></span> <span class='ocrx_word' id='word_1_110' title='bbox 825 2975 846 3022; x_wconf 91' lang='lat' dir='ltr'><strong>a</strong></span> <span class='ocrx_word' id='word_1_111' title='bbox 853 2957 989 3040; x_wconf 69' lang='lat' dir='ltr'><strong>praeeo</strong></span> <span class='ocrx_word' id='word_1_112' title='bbox 1007 2958 1104 3023; x_wconf 86' lang='lat' dir='ltr'><strong>venit</strong></span> <span class='ocrx_word' id='word_1_113' title='bbox 1120 2978 1128 3020; x_wconf 90' lang='lat'>:</span> <span class='ocrx_word' id='word_1_114' title='bbox 1153 2956 1244 3022; x_wconf 89' lang='lat' dir='ltr'><strong>unde</strong></span> <span class='ocrx_word' id='word_1_115' title='bbox 1258 2955 1444 3040; x_wconf 84' lang='lat' dir='ltr'><strong>praebenda</strong></span> <span class='ocrx_word' id='word_1_116' title='bbox 1465 2955 1500 3019; x_wconf 90' lang='lat' dir='ltr'><strong>id</strong></span> <span class='ocrx_word' id='word_1_117' title='bbox 1519 2958 1572 3018; x_wconf 89' lang='lat' dir='ltr'><strong>est</strong></span> 
     </span>
     <span class='ocr_line' id='line_1_19' title="bbox 390 3066 1573 3154; baseline -0.005 -20"><span class='ocrx_word' id='word_1_118' title='bbox 390 3067 481 3154; x_wconf 90' lang='lat' dir='ltr'><strong>quod</strong></span> <span class='ocrx_word' id='word_1_119' title='bbox 501 3066 601 3134; x_wconf 87' lang='lat' dir='ltr'><strong>datur</strong></span> <span class='ocrx_word' id='word_1_120' title='bbox 614 3068 778 3132; x_wconf 80' lang='lat' dir='ltr'><strong>ministris</strong></span> <span class='ocrx_word' id='word_1_121' title='bbox 794 3072 829 3132; x_wconf 88' lang='lat' dir='ltr'><strong>et</strong></span> <span class='ocrx_word' id='word_1_122' title='bbox 844 3067 1045 3133; x_wconf 79' lang='lat' dir='ltr'><strong>officialibus</strong></span> <span class='ocrx_word' id='word_1_123' title='bbox 1065 3066 1216 3133; x_wconf 87' lang='lat' dir='ltr'><strong>ecclesiae</strong></span> <span class='ocrx_word' id='word_1_124' title='bbox 1231 3067 1274 3132; x_wconf 92' lang='lat' dir='ltr'><strong>ad</strong></span> <span class='ocrx_word' id='word_1_125' title='bbox 1290 3084 1389 3130; x_wconf 87' lang='lat' dir='ltr'><strong>suam</strong></span> <span class='ocrx_word' id='word_1_126' title='bbox 1403 3069 1573 3130; x_wconf 87' lang='lat' dir='ltr'><strong>sustenta-</strong></span> 
     </span>
     <span class='ocr_line' id='line_1_20' title="bbox 389 3171 1573 3260; baseline -0.006 -20"><span class='ocrx_word' id='word_1_127' title='bbox 389 3177 533 3254; x_wconf 87' lang='lat' dir='ltr'><strong>tionem;</strong></span> <span class='ocrx_word' id='word_1_128' title='bbox 545 3195 608 3241; x_wconf 89' lang='lat' dir='ltr'><strong>ssu</strong></span> <span class='ocrx_word' id='word_1_129' title='bbox 621 3175 657 3240; x_wconf 93' lang='lat' dir='ltr'><strong>id</strong></span> <span class='ocrx_word' id='word_1_130' title='bbox 671 3175 762 3260; x_wconf 87' lang='lat' dir='ltr'><strong>quod</strong></span> <span class='ocrx_word' id='word_1_131' title='bbox 777 3177 907 3260; x_wconf 82' lang='lat' dir='ltr'><strong>praebot</strong></span> <span class='ocrx_word' id='word_1_132' title='bbox 920 3175 1118 3240; x_wconf 81' lang='lat' dir='ltr'><strong>alimoniam</strong></span> <span class='ocrx_word' id='word_1_133' title='bbox 1132 3174 1297 3239; x_wconf 83' lang='lat' dir='ltr'><strong>ministris</strong></span> <span class='ocrx_word' id='word_1_134' title='bbox 1313 3172 1475 3249; x_wconf 80' lang='lat' dir='ltr'><strong>ecclesiae,</strong></span> <span class='ocrx_word' id='word_1_135' title='bbox 1493 3171 1573 3236; x_wconf 89' lang='lat' dir='ltr'><strong>dici-</strong></span> 
     </span>
     <span class='ocr_line' id='line_1_21' title="bbox 390 3280 1572 3368; baseline -0.005 -20"><span class='ocrx_word' id='word_1_136' title='bbox 390 3287 445 3350; x_wconf 94' lang='lat' dir='ltr'><strong>tur</strong></span> <span class='ocrx_word' id='word_1_137' title='bbox 458 3283 650 3368; x_wconf 76' lang='lat' dir='ltr'><strong>prehende.</strong></span> <span class='ocrx_word' id='word_1_138' title='bbox 668 3283 721 3349; x_wconf 86' lang='lat' dir='ltr'><strong>Sic</strong></span> <span class='ocrx_word' id='word_1_139' title='bbox 737 3284 896 3366; x_wconf 75' lang='lat' dir='ltr'><strong>generice</strong></span> <span class='ocrx_word' id='word_1_140' title='bbox 914 3287 1062 3366; x_wconf 81' lang='lat' dir='ltr'><strong>accepta,</strong></span> <span class='ocrx_word' id='word_1_141' title='bbox 1086 3282 1213 3366; x_wconf 85' lang='lat' dir='ltr'><strong>duplex</strong></span> <span class='ocrx_word' id='word_1_142' title='bbox 1227 3287 1280 3346; x_wconf 90' lang='lat' dir='ltr'><strong>est</strong></span> <span class='ocrx_word' id='word_1_143' title='bbox 1296 3303 1304 3344; x_wconf 90' lang='lat'><strong>:</strong></span> <span class='ocrx_word' id='word_1_144' title='bbox 1321 3280 1516 3364; x_wconf 81' lang='lat' dir='ltr'><strong>temporalis</strong></span> <span class='ocrx_word' id='word_1_145' title='bbox 1537 3285 1572 3342; x_wconf 87' lang='lat' dir='ltr'><strong>et</strong></span> 
     </span>
     <span class='ocr_line' id='line_1_22' title="bbox 388 3388 1573 3478; baseline -0.001 -24"><span class='ocrx_word' id='word_1_146' title='bbox 388 3393 584 3478; x_wconf 80' lang='lat' dir='ltr'><strong>spiritualis.</strong></span> <span class='ocrx_word' id='word_1_147' title='bbox 601 3391 661 3458; x_wconf 86' lang='lat' dir='ltr'><strong>llla</strong></span> <span class='ocrx_word' id='word_1_148' title='bbox 674 3391 774 3458; x_wconf 88' lang='lat' dir='ltr'><strong>alicui</strong></span> <span class='ocrx_word' id='word_1_149' title='bbox 795 3392 894 3458; x_wconf 87' lang='lat' dir='ltr'><strong>datur</strong></span> <span class='ocrx_word' id='word_1_150' title='bbox 911 3410 954 3456; x_wconf 87' lang='lat' dir='ltr'><strong>ex</strong></span> <span class='ocrx_word' id='word_1_151' title='bbox 974 3391 1163 3456; x_wconf 85' lang='lat' dir='ltr'><strong>redditibus</strong></span> <span class='ocrx_word' id='word_1_152' title='bbox 1183 3389 1419 3455; x_wconf 89' lang='lat' dir='ltr'><strong>ecclesiasticis</strong></span> <span class='ocrx_word' id='word_1_153' title='bbox 1440 3405 1501 3472; x_wconf 91' lang='lat' dir='ltr'><strong>pro</strong></span> <span class='ocrx_word' id='word_1_154' title='bbox 1524 3388 1573 3453; x_wconf 91' lang='lat' dir='ltr'><strong>la-</strong></span> 
     </span>
     <span class='ocr_line' id='line_1_23' title="bbox 388 3497 1571 3585; baseline -0.007 -19"><span class='ocrx_word' id='word_1_155' title='bbox 388 3501 471 3566; x_wconf 82' lang='lat' dir='ltr'><strong>tore</strong></span> <span class='ocrx_word' id='word_1_156' title='bbox 484 3499 674 3585; x_wconf 84' lang='lat' dir='ltr'><strong>temporali,</strong></span> <span class='ocrx_word' id='word_1_157' title='bbox 689 3519 722 3566; x_wconf 85' lang='lat' dir='ltr'><strong>v.</strong></span> <span class='ocrx_word' id='word_1_158' title='bbox 739 3519 772 3582; x_wconf 81' lang='lat' dir='ltr'><strong>g.</strong></span> <span class='ocrx_word' id='word_1_159' title='bbox 789 3499 936 3576; x_wconf 87' lang='lat' dir='ltr'><strong>cantori;</strong></span> <span class='ocrx_word' id='word_1_160' title='bbox 947 3499 1013 3564; x_wconf 90' lang='lat' dir='ltr'><strong>ista</strong></span> <span class='ocrx_word' id='word_1_161' title='bbox 1025 3503 1078 3564; x_wconf 89' lang='lat' dir='ltr'><strong>est</strong></span> <span class='ocrx_word' id='word_1_162' title='bbox 1089 3501 1148 3582; x_wconf 90' lang='lat' dir='ltr'><strong>jus</strong></span> <span class='ocrx_word' id='word_1_163' title='bbox 1162 3497 1370 3582; x_wconf 87' lang='lat' dir='ltr'><strong>percipiendi</strong></span> <span class='ocrx_word' id='word_1_164' title='bbox 1383 3501 1571 3580; x_wconf 86' lang='lat' dir='ltr'><strong>proventus</strong></span> 
     </span>
     <span class='ocr_line' id='line_1_24' title="bbox 388 3605 1573 3692; baseline -0.007 -18"><span class='ocrx_word' id='word_1_165' title='bbox 388 3608 634 3692; x_wconf 84' lang='lat' dir='ltr'><strong>ecclesiasticos</strong></span> <span class='ocrx_word' id='word_1_166' title='bbox 649 3608 781 3676; x_wconf 87' lang='lat' dir='ltr'><strong>ratione</strong></span> <span class='ocrx_word' id='word_1_167' title='bbox 797 3608 899 3674; x_wconf 80' lang='lat' dir='ltr'><strong>oflicii</strong></span> <span class='ocrx_word' id='word_1_168' title='bbox 914 3607 1098 3692; x_wconf 85' lang='lat' dir='ltr'><strong>spiritualis</strong></span> <span class='ocrx_word' id='word_1_169' title='bbox 1116 3627 1123 3670; x_wconf 93' lang='lat'>:</span> <span class='ocrx_word' id='word_1_170' title='bbox 1143 3611 1178 3672; x_wconf 89' lang='lat' dir='ltr'><strong>ct</strong></span> <span class='ocrx_word' id='word_1_171' title='bbox 1196 3607 1232 3670; x_wconf 94' lang='lat' dir='ltr'><strong>in</strong></span> <span class='ocrx_word' id='word_1_172' title='bbox 1251 3607 1316 3672; x_wconf 89' lang='lat' dir='ltr'><strong>hoc</strong></span> <span class='ocrx_word' id='word_1_173' title='bbox 1335 3623 1438 3670; x_wconf 87' lang='lat' dir='ltr'><strong>sensu</strong></span> <span class='ocrx_word' id='word_1_174' title='bbox 1453 3605 1573 3687; x_wconf 84' lang='lat' dir='ltr'><strong>accipi-</strong></span> 
     </span>
     <span class='ocr_line' id='line_1_25' title="bbox 389 3713 1572 3802; baseline -0.008 -14"><span class='ocrx_word' id='word_1_175' title='bbox 389 3723 445 3788; x_wconf 82' lang='lat' dir='ltr'><strong>tur</strong></span> <span class='ocrx_word' id='word_1_176' title='bbox 461 3735 523 3802; x_wconf 89' lang='lat' dir='ltr'><strong>pro</strong></span> <span class='ocrx_word' id='word_1_177' title='bbox 542 3717 708 3783; x_wconf 89' lang='lat' dir='ltr'><strong>beneilcio</strong></span> <span class='ocrx_word' id='word_1_178' title='bbox 731 3716 976 3793; x_wconf 88' lang='lat' dir='ltr'><strong>eeclesiastico,</strong></span> <span class='ocrx_word' id='word_1_179' title='bbox 1001 3715 1309 3782; x_wconf 83' lang='lat' dir='ltr'><strong>salteminieriore.</strong></span> <span class='ocrx_word' id='word_1_180' title='bbox 1334 3713 1419 3780; x_wconf 86' lang='lat' dir='ltr'><strong>Nam</strong></span> <span class='ocrx_word' id='word_1_181' title='bbox 1439 3715 1572 3796; x_wconf 89' lang='lat' dir='ltr'><strong>majora</strong></span> 
     </span>
     <span class='ocr_line' id='line_1_26' title="bbox 388 3821 1572 3908; baseline -0.007 -18"><span class='ocrx_word' id='word_1_182' title='bbox 388 3825 554 3892; x_wconf 80' lang='lat' dir='ltr'><strong>hereticis</strong></span> <span class='ocrx_word' id='word_1_183' title='bbox 575 3843 645 3891; x_wconf 93' lang='lat' dir='ltr'><strong>non</strong></span> <span class='ocrx_word' id='word_1_184' title='bbox 667 3829 835 3890; x_wconf 83' lang='lat' dir='ltr'><strong>vocantur</strong></span> <span class='ocrx_word' id='word_1_185' title='bbox 855 3824 1059 3908; x_wconf 80' lang='lat' dir='ltr'><strong>praebendae,</strong></span> <span class='ocrx_word' id='word_1_186' title='bbox 1079 3823 1140 3888; x_wconf 88' lang='lat' dir='ltr'><strong>sed</strong></span> <span class='ocrx_word' id='word_1_187' title='bbox 1155 3823 1350 3906; x_wconf 82' lang='lat' dir='ltr'><strong>dignitates,</strong></span> <span class='ocrx_word' id='word_1_188' title='bbox 1370 3828 1405 3888; x_wconf 85' lang='lat' dir='ltr'><strong>et</strong></span> <span class='ocrx_word' id='word_1_189' title='bbox 1428 3821 1518 3898; x_wconf 91' lang='lat' dir='ltr'><strong>ideo,</strong></span> <span class='ocrx_word' id='word_1_190' title='bbox 1537 3821 1572 3883; x_wconf 93' lang='lat' dir='ltr'><strong>in</strong></span> 
     </span>
     <span class='ocr_line' id='line_1_27' title="bbox 388 3931 1427 4019; baseline -0.006 -21"><span class='ocrx_word' id='word_1_191' title='bbox 388 3933 544 4010; x_wconf 83' lang='lat' dir='ltr'><strong>Robrica,</strong></span> <span class='ocrx_word' id='word_1_192' title='bbox 555 3933 749 4019; x_wconf 73' lang='lat' dir='ltr'><strong>prebendae</strong></span> <span class='ocrx_word' id='word_1_193' title='bbox 764 3933 1145 4016; x_wconf 82' lang='lat' dir='ltr'><strong>contradistiuguuutur</strong></span> <span class='ocrx_word' id='word_1_194' title='bbox 1159 3951 1180 3997; x_wconf 88' lang='lat' dir='ltr'><strong>a</strong></span> <span class='ocrx_word' id='word_1_195' title='bbox 1194 3931 1427 4014; x_wconf 82' lang='lat' dir='ltr'><strong>dignitatibus.</strong></span> 
     </span>
    </p>

    <p class='ocr_par' dir='ltr' id='par_1_10' title="bbox 386 4040 1573 4773">
     <span class='ocr_line' id='line_1_28' title="bbox 428 4040 1571 4127; baseline -0.006 -21"><span class='ocrx_word' id='word_1_196' title='bbox 428 4041 458 4126; x_wconf 84' lang='lat' dir='ltr'><strong>l)</strong></span> <span class='ocrx_word' id='word_1_197' title='bbox 474 4041 660 4108; x_wconf 82' lang='lat' dir='ltr'><strong>Praebenda</strong></span> <span class='ocrx_word' id='word_1_198' title='bbox 673 4041 779 4123; x_wconf 79' lang='lat' dir='ltr'><strong>igitur</strong></span> <span class='ocrx_word' id='word_1_199' title='bbox 796 4043 932 4127; x_wconf 85' lang='lat' dir='ltr'><strong>proprie</strong></span> <span class='ocrx_word' id='word_1_200' title='bbox 954 4042 1043 4107; x_wconf 89' lang='lat' dir='ltr'><strong>dicta</strong></span> <span class='ocrx_word' id='word_1_201' title='bbox 1064 4041 1245 4106; x_wconf 85' lang='lat' dir='ltr'><strong>delinitur:</strong></span> <span class='ocrx_word' id='word_1_202' title='bbox 1266 4065 1282 4098; x_wconf 70' lang='grc' dir='ltr'><strong>ι(</strong></span> <span class='ocrx_word' id='word_1_203' title='bbox 1297 4040 1357 4104; x_wconf 88' lang='lat' dir='ltr'><strong>Jus</strong></span> <span class='ocrx_word' id='word_1_204' title='bbox 1368 4043 1571 4122; x_wconf 88' lang='lat' dir='ltr'><strong>perpetuum</strong></span> 
     </span>
     <span class='ocr_line' id='line_1_29' title="bbox 387 4144 1572 4235; baseline -0.007 -19"><span class='ocrx_word' id='word_1_205' title='bbox 387 4148 594 4235; x_wconf 85' lang='lat' dir='ltr'><strong>percipiendi</strong></span> <span class='ocrx_word' id='word_1_206' title='bbox 615 4148 769 4214; x_wconf 87' lang='lat' dir='ltr'><strong>redditus</strong></span> <span class='ocrx_word' id='word_1_207' title='bbox 799 4169 843 4214; x_wconf 83' lang='lat' dir='ltr'><strong>ex</strong></span> <span class='ocrx_word' id='word_1_208' title='bbox 870 4150 970 4214; x_wconf 88' lang='lat' dir='ltr'><strong>bonis</strong></span> <span class='ocrx_word' id='word_1_209' title='bbox 996 4149 1248 4223; x_wconf 87' lang='lat' dir='ltr'><strong>ecclesiasticis,</strong></span> <span class='ocrx_word' id='word_1_210' title='bbox 1271 4151 1411 4232; x_wconf 86' lang='lat' dir='ltr'><strong>propter</strong></span> <span class='ocrx_word' id='word_1_211' title='bbox 1434 4144 1572 4229; x_wconf 83' lang='lat' dir='ltr'><strong>aliquod</strong></span> 
     </span>
     <span class='ocr_line' id='line_1_30' title="bbox 388 4253 1573 4344; baseline -0.006 -22"><span class='ocrx_word' id='word_1_212' title='bbox 388 4259 566 4324; x_wconf 89' lang='lat' dir='ltr'><strong>servitium</strong></span> <span class='ocrx_word' id='word_1_213' title='bbox 581 4257 753 4344; x_wconf 75' lang='lat' dir='ltr'><strong>spirituale</strong></span> <span class='ocrx_word' id='word_1_214' title='bbox 769 4259 970 4326; x_wconf 86' lang='lat' dir='ltr'><strong>auctoritate</strong></span> <span class='ocrx_word' id='word_1_215' title='bbox 981 4258 1138 4324; x_wconf 87' lang='lat' dir='ltr'><strong>Ecclesiae</strong></span> <span class='ocrx_word' id='word_1_216' title='bbox 1153 4257 1388 4324; x_wconf 88' lang='lat' dir='ltr'><strong>coustitutum.</strong></span> <span class='ocrx_word' id='word_1_217' title='bbox 1401 4281 1416 4314; x_wconf 70' lang='lat' dir='ltr'><strong>a</strong></span> <span class='ocrx_word' id='word_1_218' title='bbox 1434 4253 1573 4320; x_wconf 86' lang='lat' dir='ltr'><strong>Constat</strong></span> 
     </span>
     <span class='ocr_line' id='line_1_31' title="bbox 386 4360 1570 4450; baseline -0.005 -20"><span class='ocrx_word' id='word_1_219' title='bbox 386 4365 530 4449; x_wconf 85' lang='lat' dir='ltr'><strong>proinde</strong></span> <span class='ocrx_word' id='word_1_220' title='bbox 550 4365 594 4432; x_wconf 90' lang='lat' dir='ltr'><strong>ad</strong></span> <span class='ocrx_word' id='word_1_221' title='bbox 612 4367 782 4434; x_wconf 88' lang='lat' dir='ltr'><strong>rationem</strong></span> <span class='ocrx_word' id='word_1_222' title='bbox 804 4367 961 4432; x_wconf 83' lang='lat' dir='ltr'><strong>beneficii</strong></span> <span class='ocrx_word' id='word_1_223' title='bbox 985 4373 1054 4431; x_wconf 87' lang='lat' dir='ltr'><strong>tres</strong></span> <span class='ocrx_word' id='word_1_224' title='bbox 1075 4363 1277 4450; x_wconf 88' lang='lat' dir='ltr'><strong>principales</strong></span> <span class='ocrx_word' id='word_1_225' title='bbox 1303 4362 1432 4448; x_wconf 90' lang='lat' dir='ltr'><strong>requiri</strong></span> <span class='ocrx_word' id='word_1_226' title='bbox 1454 4360 1570 4427; x_wconf 90' lang='lat' dir='ltr'><strong>condi-</strong></span> 
     </span>
     <span class='ocr_line' id='line_1_32' title="bbox 388 4469 1572 4541; baseline -0.004 -5"><span class='ocrx_word' id='word_1_227' title='bbox 388 4473 498 4540; x_wconf 86' lang='lat' dir='ltr'><strong>tiones</strong></span> <span class='ocrx_word' id='word_1_228' title='bbox 515 4495 522 4537; x_wconf 91' lang='lat'>:</span> <span class='ocrx_word' id='word_1_229' title='bbox 539 4476 571 4538; x_wconf 78' lang='lat'><strong>1⁰</strong></span> <span class='ocrx_word' id='word_1_230' title='bbox 583 4479 621 4538; x_wconf 88' lang='lat' dir='ltr'><strong>ut</strong></span> <span class='ocrx_word' id='word_1_231' title='bbox 634 4476 679 4540; x_wconf 90' lang='lat' dir='ltr'><strong>sit</strong></span> <span class='ocrx_word' id='word_1_232' title='bbox 693 4480 846 4541; x_wconf 86' lang='lat' dir='ltr'><strong>erectum</strong></span> <span class='ocrx_word' id='word_1_233' title='bbox 861 4475 1063 4540; x_wconf 87' lang='lat' dir='ltr'><strong>auctoritate</strong></span> <span class='ocrx_word' id='word_1_234' title='bbox 1084 4473 1313 4540; x_wconf 85' lang='lat' dir='ltr'><strong>ecclesiastica</strong></span> <span class='ocrx_word' id='word_1_235' title='bbox 1329 4493 1337 4536; x_wconf 77' lang='grc' dir='ltr'><strong><em>ε</em></strong></span> <span class='ocrx_word' id='word_1_236' title='bbox 1352 4471 1443 4536; x_wconf 89' lang='lat' dir='ltr'><strong>unde</strong></span> <span class='ocrx_word' id='word_1_237' title='bbox 1463 4469 1572 4536; x_wconf 88' lang='lat' dir='ltr'><strong>laicus</strong></span> 
     </span>
     <span class='ocr_line' id='line_1_33' title="bbox 387 4581 1573 4666; baseline -0.004 -20"><span class='ocrx_word' id='word_1_238' title='bbox 387 4581 534 4648; x_wconf 84' lang='lat' dir='ltr'><strong>lundens</strong></span> <span class='ocrx_word' id='word_1_239' title='bbox 556 4587 649 4648; x_wconf 86' lang='lat' dir='ltr'><strong>certa</strong></span> <span class='ocrx_word' id='word_1_240' title='bbox 669 4583 903 4649; x_wconf 82' lang='lat' dir='ltr'><strong>anniversaria</strong></span> <span class='ocrx_word' id='word_1_241' title='bbox 925 4583 1006 4647; x_wconf 84' lang='lat' dir='ltr'><strong>iacit</strong></span> <span class='ocrx_word' id='word_1_242' title='bbox 1028 4582 1120 4666; x_wconf 88' lang='lat' dir='ltr'><strong>piam</strong></span> <span class='ocrx_word' id='word_1_243' title='bbox 1145 4581 1378 4657; x_wconf 88' lang='lat' dir='ltr'><strong>donationem,</strong></span> <span class='ocrx_word' id='word_1_244' title='bbox 1396 4596 1466 4644; x_wconf 89' lang='lat' dir='ltr'><strong>non</strong></span> <span class='ocrx_word' id='word_1_245' title='bbox 1489 4595 1573 4662; x_wconf 82' lang='lat' dir='ltr'><strong>prae-</strong></span> 
     </span>
     <span class='ocr_line' id='line_1_34' title="bbox 389 4685 1572 4773; baseline -0.006 -19"><span class='ocrx_word' id='word_1_246' title='bbox 389 4689 551 4766; x_wconf 68' lang='lat' dir='ltr'><strong>ltcndamz</strong></span> <span class='ocrx_word' id='word_1_247' title='bbox 567 4691 600 4756; x_wconf 59' lang='grc' dir='ltr'>Ψ</span> <span class='ocrx_word' id='word_1_248' title='bbox 615 4695 653 4754; x_wconf 90' lang='lat' dir='ltr'><strong>ut</strong></span> <span class='ocrx_word' id='word_1_249' title='bbox 679 4693 722 4755; x_wconf 93' lang='lat' dir='ltr'><strong>sit</strong></span> <span class='ocrx_word' id='word_1_250' title='bbox 745 4709 921 4756; x_wconf 87' lang='lat' dir='ltr'><strong>annexum</strong></span> <span class='ocrx_word' id='word_1_251' title='bbox 941 4690 1053 4754; x_wconf 86' lang='lat' dir='ltr'><strong>cilicio</strong></span> <span class='ocrx_word' id='word_1_252' title='bbox 1077 4690 1254 4773; x_wconf 85' lang='lat' dir='ltr'><strong>spirituali,</strong></span> <span class='ocrx_word' id='word_1_253' title='bbox 1273 4694 1306 4752; x_wconf 90' lang='lat' dir='ltr'><strong>et</strong></span> <span class='ocrx_word' id='word_1_254' title='bbox 1325 4687 1403 4751; x_wconf 89' lang='lat' dir='ltr'><strong>ideo</strong></span> <span class='ocrx_word' id='word_1_255' title='bbox 1425 4685 1572 4750; x_wconf 78' lang='lat' dir='ltr'><strong>conferri</strong></span> 
     </span>
    </p>
   </div>
   <div class='ocr_carea' id='block_1_9' title="bbox 0 0 1760 5574">
    <p class='ocr_par' dir='ltr' id='par_1_11' title="bbox 0 0 1760 5574">
     <span class='ocr_line' id='line_1_35' title="bbox 0 0 1760 5574; baseline 0 2"><span class='ocrx_word' id='word_1_256' title='bbox 0 0 1760 5574; x_wconf 95' lang='lat' dir='ltr'><strong> </strong></span> 
     </span>
    </p>
   </div>
  </div>
 </body>
</html>
