3510 5574
371 519 432 586 956
638 501 641 507 ¹
834 537 884 583 rus
906 537 1089 584 assoricus.

372 655 614 720 canonicorum
627 653 883 720 cathedralium.
898 655 925 738 r)
937 654 1131 721 consensus
1144 653 1201 722 illa
1214 655 1315 722 detur
1323 655 1553 740 capitulariter

372 779 512 828 necesse
527 767 590 827 est.
687 809 689 814 2

299 871 302 880 '
392 873 444 936 -20
465 871 700 950 Praesentatio‚
717 872 773 937 vel
798 855 935 939 collatio
959 872 1206 940 beneficiorum
1233 873 1550 951 ecclesiasticorum,

371 982 445 1046 fieri
460 980 562 1045 debet
574 981 679 1046 etiam
695 980 737 1046 de
759 998 931 1046 consensu
951 983 1101 1067 capituli,
1119 1001 1162 1048 ex
1180 1001 1253 1067 cap.
1269 985 1336 1048 oh.
1353 988 1391 1058 t.;
1414 981 1475 1048 sed
1495 981 1552 1047 ali-

370 1089 506 1172 quando
522 1091 693 1156 sufficeret
706 1108 896 1156 consensus
912 1093 1044 1158 tacitus.

409 1200 441 1264 3⁰
456 1199 658 1266 Constitutio
672 1202 848 1284 pensionis
862 1205 922 1268 aut
936 1207 1037 1268 certer
1059 1205 1226 1287 portionis
1247 1205 1422 1269 fructuum
1435 1203 1472 1267 in
1486 1201 1553 1266 alia

364 1308 523 1385 ecclesia,
541 1309 621 1392 quia
635 1315 688 1374 est
700 1310 830 1394 species
844 1310 1072 1378 alienationis.

408 1417 441 1480 4⁰
454 1417 544 1482 Unio
560 1415 711 1482 ecclesiae
732 1419 788 1484 vel
809 1419 966 1486 beneficii
981 1421 1144 1498 vacantis,
1162 1425 1191 1486 si
1204 1422 1265 1488 ilat
1282 1419 1382 1486 alicui
1395 1419 1550 1502 collegio,

369 1525 425 1592 vel
438 1527 542 1592 etiam
557 1529 782 1614 canonicatni.

407 1639 440 1700 5⁰
455 1637 597 1714 Quando
612 1644 731 1704 contra
744 1637 894 1723 aliquem
913 1639 969 1705 vel
988 1640 1121 1724 aliqum
1142 1641 1185 1706 de
1207 1641 1355 1724 capitulo
1371 1645 1424 1706 est
1436 1657 1553 1723 proce-

366 1744 522 1812 dendum
544 1746 588 1811 ad
608 1763 747 1830 poenam
768 1749 943 1812 commissi
968 1748 1092 1823 delicti,
1114 1749 1257 1814 modum
1280 1747 1405 1830 egendi
1428 1749 1464 1812 in
1488 1748 1553 1813 hoo

369 1872 450 1919 casu
465 1855 705 1920 determinavit
719 1873 813 1922 cono.
829 1856 917 1921 Trid.
935 1859 1031 1940 (sess.
1045 1858 1095 1934 25,
1112 1877 1141 1924 o.
1158 1858 1199 1940 6).

410 1964 446 2027 6⁰
454 1964 597 2040 Quando
612 1962 785 2048 praelatus,
801 1985 862 2048 per
876 1971 1090 2031 contractum
1103 1967 1213 2031 mutui
1223 1971 1281 2032 aut
1293 1967 1394 2032 aliam
1408 1983 1553 2032 conven-

370 2071 511 2149 tionem,
528 2073 677 2138 intendit
690 2075 842 2156 obligare
858 2094 957 2140 suam
969 2075 1163 2142 Ecclesiam.

409 2184 442 2245 7⁰
459 2183 492 2248 Si
507 2189 668 2265 ageretur
682 2183 724 2248 de
736 2185 919 2250 commodo
935 2191 969 2250 et
986 2185 1221 2252 emolumento
1236 2185 1384 2270 capituli,
1401 2185 1508 2250 veluti
1524 2183 1551 2247 si

370 2292 513 2373 quaestio
523 2292 566 2356 sit
577 2291 618 2355 de
628 2293 787 2374 augendo
797 2293 853 2358 vel
866 2294 1110 2378 supprimendo
1121 2313 1267 2360 numero
1275 2295 1550 2370 canonicatuum,

370 2398 412 2463 de
428 2401 644 2483 susceptione
659 2403 914 2468 canonicorum.
933 2402 1084 2469 Tandem
1096 2404 1298 2485 generatim,

408 2511 441 2575 8⁰
455 2510 652 2593 Requiritur
670 2511 726 2576 ille
748 2531 939 2578 consensus
961 2514 997 2577 in
1019 2515 1179 2578 omnihus
1199 2513 1347 2595 negotiis
1368 2514 1403 2576 in
1428 2512 1551 2595 quibus

369 2617 524 2684 Ecclesiae
535 2624 569 2686 et
582 2623 835 2688 successorihus
846 2623 995 2688 notabile
1005 2623 1241 2707 prejudicium
1251 2622 1407 2705 generari
1419 2625 1550 2704 posset;

369 2749 445 2814 quae
460 2731 503 2797 ad
516 2730 694 2815 praelatum
709 2737 745 2796 et
756 2732 947 2816 capitulum
959 2736 1114 2817 spectant
1126 2731 1239 2798 simul.

538 2925 570 2976 11.
589 2922 712 2986 Quinam
723 2923 804 2978 actus
819 2923 880 2977 fleri
895 2922 1019 2978 debeant
1033 2933 1100 2976 oum
1114 2921 1233 2976 consitio
1246 2919 1381 2986 capitum

409 3059 443 3142 o)
458 3057 629 3143 Praecipua
643 3061 782 3142 negotia
800 3077 876 3145 quae
898 3061 1034 3126 unomri
1057 3060 1184 3125 dehent
1205 3055 1442 3166 cumconsilio
1461 3053 1551 3135 capi-

369 3169 550 3234 tuli'aunt:
656 3229 659 3236 ,
1042 3195 1043 3198 =
1252 3167 1257 3187 ·

409 3279 440 3340 t⁰
454 3277 587 3342 Statuta
599 3277 787 3354 condenda,
804 3294 848 3342 ex
861 3296 935 3363 cap.
951 3278 1057 3361 dhuj.
1074 3277 1145 3353 tit.;
1185 3275 1189 3286 '

408 3386 441 3449 Ψ
456 3383 626 3450 Institutio
642 3391 675 3449 et
690 3385 865 3450 destitutio
880 3384 1096 3462 clericorum,
1114 3403 1158 3448 ex
1171 3401 1244 3466 cap.
1259 3381 1308 3458 4.;

407 3493 439 3557 3⁰
451 3493 586 3558 Punitio
597 3498 631 3558 et
645 3495 813 3576 correptio
829 3494 1026 3559 defectuum
1040 3493 1252 3572 elericorum,
1266 3509 1309 3554 ex
1325 3489 1447 3554 eodem
1463 3506 1549 3572 cap.;

408 3603 441 3665 4ο
454 3601 710 3668 Administratio
725 3621 842 3667 rerum
858 3602 1175 3676 ecclesiasticarum,
1193 3597 1550 3672 extraalienetionem;

407 3713 439 3774 5⁰
455 3709 659 3776 convocatio
683 3711 821 3794 synodi,
840 3715 941 3794 juxta
962 3710 1077 3794 plures
1104 3707 1350 3774 declarationes
1374 3706 1406 3771 S.
1429 3704 1550 3786 congr.

368 3818 487 3896 Cono.;

408 3927 440 3991 6⁰
460 3927 588 3992 Caetera
607 3927 752 4011 alicujus
773 3929 942 3992 momenti
964 3927 1114 4008 negotia,
1130 3945 1164 3990 v.
1181 3943 1214 4008 g.
1230 3923 1356 3990 erectio
1378 3921 1460 3986 novi
1481 3938 1552 3985 mo-

369 4034 520 4100 nasterii.
545 4034 641 4100 Ratio
663 4035 787 4100 horum
807 4035 963 4100 omniurn
988 4033 1146 4099 daturin
1168 4032 1278 4115 capite
1297 4031 1327 4106 4,
1350 4034 1385 4094 et
1402 4033 1455 4093 est
1473 4029 1553 4111 quia

369 4142 549 4225 episcopus
561 4159 639 4206 oum
654 4143 825 4208 canonicis
841 4142 911 4206 suis
925 4159 1034 4206 unum
1047 4141 1150 4205 efficit
1161 4157 1295 4221 corpus,
1307 4139 1406 4222 an‘us
1417 4141 1470 4200 est
1479 4136 1551 4217 ipse

313 4240 315 4244 ’
368 4255 479 4335 eaput,
497 4249 591 4314 atilli
605 4251 776 4327 membre3
792 4249 939 4334 ideoque
956 4268 1028 4315 non
1050 4249 1147 4314 decet
1168 4251 1207 4312 ut
1229 4246 1400 4330 praelatus,
1416 4241 1551 4308 omissis

368 4359 543 4436 memhris,
559 4347 704 4424 aliorum
720 4356 862 4424 consilio
877 4358 913 4420 in
934 4356 1118 4422 tractandis
1138 4354 1295 4420 Ecclesia
1314 4352 1462 4434 negotiis
1481 4355 1553 4414 uta-

354 4472 439 4543 tur,
458 4485 565 4551 quum
580 4467 614 4530 id
632 4467 803 4531 honestati
820 4473 855 4530 et
876 4470 1073 4532 sanctorum
1090 4465 1229 4528 Petrum
1250 4459 1552 4527 constitutionibus

369 4575 414 4639 sit
435 4575 654 4641 contrarmm.
672 4573 927 4652 Verumtamen,
951 4579 1033 4640 sunt
1053 4591 1153 4638 casus
1176 4573 1213 4637 in
1232 4570 1356 4654 quibus
1372 4567 1552 4651 episcopus

368 4689 483 4768 potest
491 4683 651 4765 expedire
662 4685 801 4765 negotia
809 4685 966 4768 quaedam
976 4685 1050 4749 sine
1060 4681 1203 4749 coneilio
1213 4679 1365 4764 capituli:
1377 4667 1557 4760 cquando·
