3504 5566
356 592 414 656 llll
814 609 864 656 rus
885 609 1065 656 conculcor.

355 725 576 810 sequentibus
590 725 707 802 titulis,
725 727 847 811 quibus
862 725 1079 810 praemittitur
1092 741 1243 808 praesens
1255 725 1374 790 titulus
1388 725 1430 790 de
1454 744 1529 810 pro-

355 833 549 902 bationibus
565 833 601 897 in
613 853 751 916 genere.

676 1024 696 1072 l.
711 1021 784 1082 Quld
799 1022 829 1074 et
842 1021 995 1088 quotuplex
1008 1023 1046 1074 sit
1058 1021 1204 1086 probatlol

395 1163 607 1246 approbatio,
634 1168 736 1246 prout
753 1162 808 1227 hio
822 1163 979 1236 sumitur,
996 1163 1128 1228 definiri
1143 1161 1231 1226 solet
1247 1182 1254 1226 :
1269 1161 1331 1227 liei
1342 1163 1452 1228 dubiae
1471 1183 1530 1227 seu

355 1280 573 1337 controversae
596 1289 660 1356 per
682 1271 834 1354 lepitr'ma
858 1279 1062 1354 arpumrnta
1089 1273 1187 1352 sacto
1215 1271 1369 1336 ostensio.
1405 1271 1531 1336 Dicitur

356 1382 387 1444 l⁰
407 1381 548 1445 ostensio
573 1398 634 1444 seu
657 1379 846 1462 propalatio
870 1385 905 1442 el
925 1379 1155 1444 manifestatio
1179 1381 1255 1462 eJus
1278 1379 1370 1464 quod
1389 1378 1530 1446 dubium

356 1495 443 1566 erat;
463 1490 496 1552 2⁰
511 1489 562 1552 rei
574 1487 684 1552 dubia
698 1505 757 1552 seu
771 1495 1016 1552 controversae:
1033 1506 1108 1571 quae
1130 1488 1222 1552 enim
1242 1488 1528 1564 manifestasset,

357 1615 426 1662 non
437 1596 747 1680 egentprobatione
759 1616 766 1672 ;
779 1593 869 1660 unde
881 1595 1036 1678 probatio
1049 1597 1119 1660 lere
1135 1600 1268 1662 lantum
1278 1599 1531 1664 versaturoiroa

355 1705 444 1770 locta
459 1725 466 1768 ε
484 1723 559 1790 qun
575 1707 667 1770 enim
683 1709 763 1770 sunt
773 1704 872 1788 juris,
889 1722 951 1787 per
961 1721 997 1767 se
1007 1708 1089 1768 nota
1101 1721 1176 1768 esse
1189 1709 1527 1782 censenturetoerta,

356 1814 421 1876 nisi
435 1814 522 1878 sorte
537 1817 682 1895 negetur
696 1811 877 1878 existentia
901 1811 1045 1894 alicujus
1068 1811 1326 1876 consuetudinis
1349 1813 1405 1878 vel
1426 1813 1528 1894 legis;

357 1921 460 2001 igitur
475 1919 633 2002 allegatio
645 1920 744 2002 juris,
764 1920 878 1984 stricte
893 1918 1076 2004 loquendo,
1088 1937 1158 1983 non
1175 1923 1227 1982 est
1239 1920 1410 2002 probatio;
1426 1921 1458 1984 3⁰
1468 1939 1531 2005 prr

358 2029 510 2112 lepitr'ma
525 2036 729 2113 orpumeoto
743 2047 755 2092 .·
769 2045 838 2092 vox
859 2035 1100 2110 arpumeotum
1128 2026 1183 2090 hio
1206 2027 1354 2091 sumitur
1376 2028 1530 2092 insensu

357 2135 436 2212 lato,
452 2141 553 2219 prout
569 2137 730 2202 convenit
748 2135 886 2201 cuilibet
897 2137 1099 2220 probationi,
1118 2138 1293 2222 etiemper
1306 2141 1412 2202 testes
1433 2142 1467 2202 et
1480 2137 1531 2200 in-

357 2250 557 2320 strumenta,
570 2263 631 2308 seu
641 2243 1004 2328 complectituromnes
1014 2245 1136 2310 modos
1144 2245 1244 2310 utiles
1254 2246 1297 2312 ad
1304 2245 1529 2330 probandum.

357 2353 550 2420 Notandum
575 2357 628 2416 est
651 2353 741 2436 quod
758 2353 836 2418 lecti
859 2353 1031 2418 evidentia
1051 2353 1187 2438 proprie
1209 2358 1348 2420 nonest
1364 2353 1528 2438 probatio,

357 2463 436 2528 lioet
450 2445 576 2527 veritas
587 2461 709 2526 melius
718 2461 846 2526 haudri
856 2467 1006 2546 nequeat
1015 2479 1119 2546 quem
1133 2459 1297 2545 perillam
1312 2461 1528 2527 evidentiam.

359 2572 425 2636 Sed
437 2575 568 2635 nonest
581 2569 813 2651 tamprobatio
827 2570 917 2646 loeo,
935 2588 1037 2654 quam
1048 2569 1294 2636 demonstratio
1302 2553 1426 2636 veritat
1439 2588 1466 2633 s.
1480 2569 1530 2635 lta

360 2681 463 2744 etiam
478 2679 528 2742 rei
541 2677 711 2743 confessio
726 2695 796 2741 non
809 2681 861 2740 est
872 2678 1006 2760 proprie
1020 2677 1184 2760 probatio,
1201 2695 1281 2742 cum
1298 2677 1342 2742 sit
1354 2678 1468 2761 potius
1480 2695 1532 2742 re-

358 2787 483 2852 levatio
503 2786 724 2870 probationis.
740 2784 891 2849 Tandem
908 2786 1000 2850 lama
1022 2785 1112 2849 inter
1131 2785 1287 2850 homines
1303 2785 1416 2868 (prout
1430 2785 1533 2852 eliam

360 2901 579 2982 distinguitur
600 2917 620 2963 a
634 2916 772 2964 rumore
788 2917 849 2994 seu
862 2897 1022 2981 opinione
1037 2896 1231 2982 particulari
1254 2897 1344 2990 inter
1356 2917 1483 2982 paucos
1497 2899 1532 2962 in

359 3016 473 3098 aliquo
496 3014 583 3096 loco)
606 3033 667 3078 seu
685 3031 868 3078 commune
892 3013 1009 3096 populi
1033 3030 1072 3079 ac
1086 3017 1247 3078 constans
1258 3013 1425 3096 judicium
1439 3014 1481 3078 de
1496 3032 1533 3078 re

360 3123 482 3206 alique,
497 3121 576 3186 licet
588 3121 625 3186 in
636 3121 791 3186 civilibus
805 3123 913 3205 possit
924 3123 1035 3188 iacere
1057 3121 1295 3203 probationem
1310 3120 1534 3206 semiplenam

360 3233 401 3295 ab
417 3229 555 3294 arbitrio
567 3229 702 3312 judicis,
717 3248 787 3295 nou
803 3236 856 3294 est
868 3231 971 3295 etiam
985 3231 1140 3314 probatio
1154 3231 1268 3296 stricte
1284 3235 1437 3314 sumpta;
1454 3247 1534 3295 nem

361 3343 395 3403 et
405 3339 479 3422 ipsa
492 3338 627 3420 probari
643 3338 760 3414 debet;
778 3337 899 3402 deinde
914 3339 1015 3414 lama,
1033 3339 1137 3403 etiam
1150 3339 1304 3421 probata,
1320 3338 1357 3402 ia
1377 3338 1535 3404 crimina-

359 3447 448 3512 libus
462 3447 591 3512 nullam
605 3448 782 3512 constituit
794 3447 1040 3531 probationem.

401 3557 431 3640 b)
446 3556 602 3621 Probatio
615 3553 776 3620 dividitur
790 3555 867 3618 l⁰in
874 3555 1074 3637 judicialem
1090 3561 1124 3619 et
1145 3556 1449 3636 entrajudr'oiotem.
1480 3556 1535 3620 Ju-

360 3664 498 3740 dicielis,
519 3663 560 3728 de
577 3681 644 3746 qua
664 3662 881 3746 potissimum
894 3661 949 3728 hio
969 3663 1091 3744 agitur,
1116 3668 1169 3727 est
1182 3680 1223 3728 ea
1240 3681 1315 3751 quae
1327 3664 1366 3726 ul
1377 3663 1483 3746 judici
1496 3681 1535 3728 ao

356 3772 391 3836 in
401 3771 540 3856 judicio,
555 3776 590 3835 et
599 3770 738 3856 quidem
749 3769 1409 3852 regulariterpostlitisoontestationem.
1422 3770 1535 3835 Extra-

353 3879 534 3962 judioialis,
552 3897 627 3962 quae
647 3877 687 3940 tlt
706 3883 802 3942 extra
813 3877 991 3960 Judioium,
1008 3897 1040 3939 v.
1057 3895 1090 3958 g.
1108 3877 1198 3941 inter
1211 3877 1369 3942 homines
1383 3879 1535 3961 privatos

356 3989 391 4052 in
401 3987 640 4061 contractibus,
658 3985 714 4050 vel
729 4003 804 4070 quae
819 3989 898 4050 ente
912 4003 1051 4050 omnem
1065 3983 1161 4049 litem
1172 3990 1304 4050 motam
1317 3986 1478 4069 recipitur
1492 3985 1534 4050 ad

356 4098 556 4178 perpetuam
576 4093 837 4173 reismemoriam
858 4093 937 4174 (ct
962 4093 1003 4158 de
1024 4091 1185 4173 Confines.
1207 4093 1307 4175 utr'trl,
1325 4097 1384 4158 aut
1398 4093 1534 4177 quondo

356 4201 545 4284 periculum
565 4207 618 4266 est
641 4219 684 4266 ne
706 4201 803 4284 copia
825 4200 1035 4284 probationis
1056 4201 1196 4266 tortulto
1211 4218 1291 4266 casu
1315 4201 1535 4268 subtrahatur

359 4309 441 4393 (cap.
459 4309 519 4373 ult.
536 4309 848 4392 delitescerent).

396 4417 564 4482 Dividitur
575 4418 607 4482 Ψ
623 4418 659 4482 in
672 4418 897 4502 artificialem,
913 4437 989 4504 qua
1003 4419 1043 4482 tlt
1056 4423 1128 4484 erte
1141 4419 1317 4503 probantis
1332 4436 1375 4482 ex
1391 4418 1475 4484 locis
1484 4420 1533 4484 rei

357 4525 560 4601 intrinsecis,
579 4525 687 4610 qualis
701 4527 872 4610 praecipua
885 4531 938 4591 est
960 4527 1197 4610 praesnmptio;
1222 4531 1258 4590 el
1277 4525 1314 4590 in
1338 4526 1533 4608 inartificia-

359 4633 434 4707 tem,
453 4651 529 4715 quae
544 4633 755 4698 extrinsecus
770 4635 966 4710 assumitur,
983 4653 1015 4696 v.
1034 4653 1067 4716 g.
1084 4653 1103 4698 e
1117 4634 1278 4699 textibus.

399 4739 567 4806 dividitur
578 4743 610 4806 3⁰
623 4741 804 4826 inplenom
827 4746 862 4808 et
883 4742 1114 4828 semoplenom.
1131 4741 1238 4810 Pleno
1249 4745 1302 4810 est
1314 4761 1389 4828 quae
1404 4745 1534 4810 tantan
