3504 5566
376 535 432 598 lsi
831 559 884 604 res
905 558 1085 603 cinourcurt.

374 679 484 751 praevio
496 680 630 753 ejusdem
645 682 738 740 audit.
755 683 836 742 Cam.
852 683 998 756 rescripto
1012 683 1049 740 de
1063 681 1139 754 ipsis
1154 679 1359 753 expediendis,
1377 681 1434 740 sub
1450 681 1547 754 ptenis

374 775 406 826 ut
420 785 513 842 supra
527 771 556 828 in
573 773 707 830 notarios
718 772 804 832 aliter
817 774 1020 846 expedientes,

409 863 540 919 xxxvii.
552 861 723 934 Deniquoin
732 863 783 920 cit.
795 863 946 922 constrid
955 864 1117 924 militantis
1125 863 1267 922 statuitur
1281 867 1314 920 ut
1328 875 1427 920 ceusae
1443 876 1548 918 omnes

373 953 432 1006 iem
457 949 561 1008 civiles
587 967 676 1025 quam
699 953 884 1022 criminales,
908 956 946 1012 ad
969 955 1067 1012 iorum
1089 951 1328 1012 ecclesiasticum
1349 951 1547 1024 pertinentes,

374 1039 506 1112 exceptis
521 1039 729 1115 privilegiatis,
744 1049 774 1100 et
787 1043 856 1102 aliis
873 1044 908 1103 de
931 1044 999 1117 iure
1024 1041 1218 1114 excipiendis,
1235 1042 1265 1099 in
1289 1041 1385 1114 prima
1405 1041 1549 1099 instantia

374 1143 473 1187 coram
491 1129 623 1188 locorum
640 1132 801 1191 ordinariis
820 1137 1054 1207 cognoscantur,
1070 1147 1125 1190 nec
1148 1145 1165 1190 a
1179 1145 1330 1207 quoquam
1347 1131 1464 1190 avocari
1480 1145 1549 1204 pos·

375 1217 447 1288 sint,
460 1218 519 1276 nisi
537 1221 677 1292 perviam
692 1222 834 1298 legitimae
848 1223 1067 1300 appellationis

374 1443 406 1494 ll.
423 1441 603 1495 Decretum
616 1443 658 1496 de
672 1445 834 1499 menum
848 1446 1031 1499 clementts
1047 1446 1149 1510 rape
1165 1443 1249 1496 Vm
1262 1443 1371 1494 letum
1385 1455 1439 1492 au,
1454 1441 1548 1504 eobo,

643 1527 731 1578 eirea
747 1527 992 1594 appellationes
1008 1530 1042 1580 et
1057 1526 1282 1579 lnhiblttouee.

411 1680 453 1737 dd
468 1679 616 1740 tollendas
627 1681 839 1756 ambiguitates
850 1678 1384 1756 etcontroversiasjurisdictionalcs,
1395 1692 1462 1750 que
1473 1677 1551 1736 inter

377 1769 604 1842 appellationem
628 1775 657 1829 et
671 1773 780 1844 prioris
803 1773 955 1832 instantiae
970 1773 1101 1846 judices
1119 1786 1180 1830 non
1202 1771 1267 1829 sine
1289 1767 1418 1842 partium
1434 1767 1551 1839 dispen-

376 1857 427 1916 dio
448 1874 619 1934 cursusque
639 1862 766 1933 justitie
785 1863 1010 1936 impedimento,
1034 1867 1063 1920 et
1077 1874 1235 1934 soepecum
1249 1857 1550 1925 scandalooriuntur,

377 1949 466 2006 Sacra
478 1950 677 2024 congregatio
688 1953 791 2011 causis
806 1953 1017 2026 episcoporum
1030 1951 1200 2026 praeposite,
1218 1951 1295 2008 lacta
1309 1949 1395 2022 prius
1409 1947 1551 2006 relatione

377 2041 406 2096 S.
423 2041 455 2095 ll.
472 2041 505 2096 Ι).
523 2039 664 2100 Clementi
678 2046 764 2114 Papae
779 2046 851 2113 Vlll,
866 2059 901 2102 ec
913 2044 949 2102 de
962 2042 1135 2102 sanctitatis
1151 2044 1216 2099 Suae
1232 2038 1372 2097 mandato
1384 2037 1551 2095 riraerocis

377 2127 499 2186 oraculo
520 2128 651 2202 desuper
673 2131 792 2202 habito,
807 2133 837 2190 in
858 2131 1009 2205 huncqui
1032 2131 1171 2204 sequitur
1192 2129 1326 2198 modum,
1348 2126 1385 2186 ab
1409 2125 1551 2186 omnibus

378 2216 414 2274 ad
430 2232 508 2290 quos
523 2224 647 2292 spectat,
664 2221 864 2294 inposterum
878 2221 942 2280 iieri
957 2236 992 2280 ac
1008 2221 1119 2282 serrari
1133 2219 1240 2279 debere
1254 2216 1390 2276 mandat:

413 2309 435 2364 l.
452 2308 684 2380 metropolitani,
705 2311 934 2384 archiepiscopi,
950 2311 1093 2384 primates
1108 2313 1160 2369 aut
1172 2305 1347 2383 patriarche
1359 2306 1390 2364 in
1406 2304 1551 2379 suliraga-

378 2409 464 2466 neos,
480 2411 621 2457 eorumve
634 2399 773 2460 subditos
789 2415 849 2458 non
862 2401 1009 2474 iudicent,
1024 2401 1084 2459 nisi
1098 2401 1130 2458 in
1145 2397 1266 2459 casibus
1281 2397 1375 2470 ajure
1389 2395 1551 2468 expressis.

414 2488 447 2542 ll.
464 2489 547 2557 llem,
569 2502 625 2546 nec
643 2488 694 2546 elii
716 2490 899 2562 superinice,
920 2491 1009 2548 etiam
1032 2491 1131 2549 nuntii
1145 2489 1192 2546 rel
1208 2488 1298 2561 legati
1310 2501 1329 2544 e
1342 2485 1443 2554 latere,
1458 2485 1553 2557 speci-

379 2575 465 2634 licam
477 2574 647 2634 facultatem
661 2591 803 2651 maJorcm
817 2593 878 2637 non
891 2579 1164 2650 hahentes‚causes
1177 2579 1208 2636 in
1223 2577 1317 2636 curiis
1333 2575 1552 2634 ordinariorum

377 2665 423 2722 rel
439 2665 566 2723 aliorum
582 2666 758 2726 interiorum
776 2669 912 2742 judicum
937 2671 1101 2743 pendentes
1121 2668 1158 2727 ad
1179 2683 1212 2728 se
1236 2683 1296 2726 non
1316 2667 1472 2734 advocent,
1493 2664 1553 2722 nisi

378 2755 529 2826 perviam
554 2753 695 2829 legitimae
724 2757 932 2830 appellationis
953 2759 989 2818 ad
1019 2760 1154 2832 ipsorum
1182 2755 1345 2816 tribunalia
1372 2753 1553 2821 deierantur,

379 2848 511 2916 tuncque
525 2844 710 2916 appellantes
725 2846 763 2904 ab
777 2845 1228 2921 interiorumjurisdictionibus
1243 2845 1341 2921 quoad
1357 2843 1432 2904 elias
1447 2855 1554 2902 causas

378 2931 508 2992 eximere
521 2949 582 2992 non
597 2936 723 3008 possint.

415 3025 461 3081 lll.
477 3024 699 3096 Appellationes
710 3041 865 3100 nunqnam
878 3029 1071 3102 recipiantur,
1088 3029 1147 3086 nisi
1163 3041 1215 3101 per
1229 3025 1351 3101 publice
1364 3026 1553 3091 documenta,

379 3127 447 3186 qnae
462 3113 580 3172 realiter
602 3115 810 3188 exhibeantur,
834 3120 919 3191 prius
934 3119 1104 3178 constiterit
1118 3117 1348 3192 appellationem
1369 3131 1387 3174 a
1407 3115 1556 3174 sententia

379 3203 532 3262 definitive
545 3204 591 3263 vel
606 3205 732 3265 habente
746 3207 806 3265 rim
821 3207 981 3267 definitivae
995 3213 1047 3268 aut
1065 3224 1083 3266 a
1098 3207 1269 3282 gravamine
1284 3205 1365 3279 quod
1384 3219 1437 3278 per
1450 3203 1554 3262 delini·

379 3307 446 3350 ram
469 3294 648 3352 sententiam
663 3297 793 3368 reparari
817 3313 877 3354 non
892 3298 1001 3370 possit,
1017 3299 1047 3355 in
1062 3297 1184 3356 casibus
1198 3311 1217 3354 a
1226 3296 1293 3368 jure
1308 3309 1368 3352 non
1384 3291 1553 3366 prohibitis,

380 3397 433 3454 per
446 3382 611 3456 legitimam
632 3399 803 3458 personam,
824 3393 851 3444 el
872 3387 950 3445 intra
965 3387 1065 3446 debita
1079 3393 1222 3459 tempora,
1239 3385 1333 3444 tuisse
1349 3383 1554 3456 interpositam

380 3487 414 3532 ac
429 3479 630 3546 prosecutam.

416 3567 462 3622 lv.
476 3565 617 3624 Necdum
632 3581 723 3626 causa
738 3583 839 3626 coram
858 3567 1053 3627 interioribus
1063 3567 1217 3641 judicibus
1233 3565 1353 3639 pendet,
1368 3569 1438 3622 autc
1452 3562 1556 3622 delini-

378 3655 469 3713 tivam
485 3656 677 3722 sententiam,
694 3657 738 3715 rel
760 3658 819 3716 vim
844 3659 1004 3717 definitive
1028 3657 1197 3726 habentem,
1213 3657 1249 3714 de
1272 3655 1445 3730 gravamine
1473 3653 1555 3711 illato

378 3745 551 3817 superiores
562 3759 745 3818 cognoscere
754 3747 960 3817 valeant,licet
969 3747 1044 3805 citra
1055 3746 1263 3820 praJudicium
1273 3760 1384 3804 cursus
1394 3757 1555 3804 causarum

378 3847 411 3889 se
426 3831 455 3889 id
471 3833 568 3892 iacere
584 3837 802 3906 contestentur,
816 3850 871 3894 nee
886 3835 921 3894 ad
937 3836 1018 3894 hunc
1033 3835 1173 3894 ellectum
1187 3835 1275 3894 liceat
1286 3833 1331 3893 eis
1347 3833 1493 3902 inhibere,
1504 3838 1555 3892 aul

378 3919 556 3993 simpliciter
579 3921 731 3989 mandare,
753 3928 787 3980 ut
812 3923 889 3996 ipsis
911 3924 996 3997 copie
1023 3937 1186 3997 processus
1211 3923 1442 3990 transmittatur,
1465 3922 1553 3980 etiam

376 4011 519 4082 expensis
535 4009 725 4082 appellantis.

413 4101 446 4156 V.
463 4097 660 4157 inhibitiones
676 4104 746 4171 post
760 4099 1000 4172 appellationem,
1015 4101 1094 4159 sicut
1108 4101 1308 4174 premittitur,
1323 4105 1482 4174 receptam,
1494 4115 1554 4158 non

377 4187 590 4257 concedantur,
606 4187 666 4246 nisi
683 4202 752 4246 cum
767 4187 965 4262 inscriptione
980 4189 1093 4250 tenoris
1108 4189 1276 4260 sententie,
1290 4193 1344 4248 ant
1357 4187 1467 4247 decreti
1483 4188 1555 4246 deli-

377 4276 462 4333 nitivi
485 4281 538 4334 aut
551 4277 611 4335 vim
625 4277 786 4338 definitive
804 4277 955 4350 habentis,
970 4280 1016 4337 rel
1039 4279 1183 4338 damnum
1204 4293 1256 4352 per
1276 4277 1459 4338 definitivam
1482 4278 1555 4336 irre-

378 4365 510 4438 parabile
534 4367 727 4438 continentis,
750 4368 826 4426 alias
847 4368 1042 4428 inhibitiones
1063 4375 1093 4428 ct
1115 4383 1292 4442 processus,
1313 4373 1342 4427 et
1360 4367 1430 4428 inde
1451 4373 1556 4428 secuta

377 4469 586 4530 quaecurmxue,
601 4457 664 4516 sint
675 4457 742 4530 ipso
755 4459 823 4532 jure
838 4459 931 4531 nulla,
947 4461 1052 4534 eisque
1066 4461 1189 4534 impune
1203 4475 1265 4520 non
1285 4475 1389 4534 perere
1403 4460 1500 4520 liceat.

412 4547 459 4603 vl.
477 4546 505 4604 Si
521 4546 678 4620 appellans
691 4553 807 4608 asserat
820 4551 978 4608 sententiae
991 4555 1044 4608 aut
1054 4551 1265 4624 appellationis
1280 4550 1449 4623 exemplum
1468 4549 1557 4623 culpa

374 4633 486 4706 judicis
501 4651 521 4694 a
534 4650 592 4710 que
607 4637 653 4694 vel
672 4637 798 4696 actuarii
819 4638 928 4698 habere
951 4655 1011 4698 non
1027 4654 1127 4713 posse,
1143 4654 1204 4698 non
1223 4639 1291 4699 ideo
1311 4639 1482 4712 recipienda
1499 4639 1556 4696 erit

377 4723 547 4798 appellatio,
574 4731 627 4783 aut
649 4725 751 4798 aliqua
770 4727 909 4787 inhibitio
933 4729 1134 4801 concedenda,
1150 4730 1203 4788 sed
1225 4728 1401 4788 sistentem
1425 4727 1462 4787 ad
1477 4742 1555 4800 quos
