3504 5566
390 569 449 634 rso
847 589 900 633 rus
920 587 1101 633 canonican.

388 707 537 788 Reform.
554 707 680 786 matrs,
705 711 740 770 et
763 707 874 770 vicem
896 706 1018 771 notarii
1041 705 1165 789 publici
1183 707 1338 771 sustinet.
1355 709 1387 771 Ψ
1402 709 1561 794 Sripturse

388 814 559 896 productae
590 833 633 877 ex
661 815 810 880 archivio
836 814 970 898 publico
998 815 1197 881 auctoritate
1226 815 1376 900 supremi
1404 817 1561 900 principis

388 925 511 986 erecto.
528 919 586 984 lus
610 921 762 1004 erigendi
785 921 936 986 archivis
948 922 1112 1003 competit
1125 940 1167 985 ex
1183 921 1360 1004 privilegio
1385 925 1560 1010 episcopis.

387 1029 419 1092 3·
435 1029 613 1110 Scriptura
630 1029 733 1094 etiam
748 1048 769 1094 a
782 1030 923 1113 privatis
934 1030 1108 1106 conlecta,
1126 1030 1153 1094 si
1168 1031 1367 1096 muniantur
1381 1031 1491 1113 sigillo
1504 1053 1563 1098 au-

389 1136 537 1201 thentico
553 1125 723 1220 principis,
739 1137 899 1220 episcopi,
919 1137 1065 1202 civitatis
1074 1136 1130 1200 vel
1140 1136 1279 1203 alterius
1296 1141 1559 1216 communitatis,

388 1263 449 1327 pro
461 1243 665 1310 authenticis
680 1246 859 1320 habentur,
878 1265 921 1310 ex
934 1263 963 1310 c.
979 1245 1018 1308 ta
1031 1247 1064 1309 b.
1082 1251 1106 1308 t.

427 1353 455 1434 e)
475 1351 705 1416 Instrumenta
723 1352 856 1434 privata
874 1351 1077 1433 regulariter
1093 1352 1176 1415 nibil
1193 1352 1339 1435 probant
1358 1355 1393 1418 iu
1409 1357 1562 1420 favorem

389 1459 565 1524 scribentis
590 1459 645 1524 vel
677 1462 752 1542 ejus
775 1461 950 1525 haeredum
973 1479 1035 1543 pro
1058 1460 1114 1526 vel
1135 1466 1254 1526 contra
1271 1463 1435 1526 tertium:
1462 1481 1562 1528 nemo

389 1568 484 1632 testis
505 1567 650 1632 idoneus
671 1569 706 1630 iu
720 1567 857 1651 propria
870 1585 982 1633 causa.
1001 1567 1105 1632 Secus
1120 1569 1147 1631 si
1162 1568 1423 1646 authentizetur,
1442 1571 1562 1636 saltem

390 1676 535 1742 duorum
550 1675 688 1741 testium
704 1675 950 1761 subscriptione
969 1676 1154 1758 recognita,
1172 1675 1226 1740 vel
1239 1677 1413 1741 contineat
1426 1697 1564 1762 expres-

390 1803 462 1848 sam
485 1802 624 1850 causam
658 1782 772 1859 debiti,
798 1789 833 1848 et
855 1785 1012 1850 confessa
1040 1789 1141 1868 atque
1166 1785 1342 1866 recognita
1375 1786 1419 1850 sit
1442 1806 1462 1850 a
1485 1787 1564 1850 scri-

389 1895 503 1958 bonta.

429 1999 514 2064 Libri
538 2007 766 2066 mercatorum
790 2002 924 2085 dejure
947 2009 1065 2069 contra
1086 2003 1302 2079 scribentem,
1326 2002 1385 2066 sed
1407 2020 1477 2067 nou
1502 2019 1562 2083 pro

390 2108 557 2172 scribente
570 2109 729 2190 probant;
743 2113 859 2174 tamen
873 2109 915 2174 de
931 2112 1089 2194 aequitate
1111 2110 1296 2194 semiplene
1319 2109 1473 2192 probant,
1485 2127 1563 2173 cum

390 2217 452 2298 ipsi
472 2221 677 2282 mercatores
702 2217 775 2280 siue
799 2218 1023 2302 chirographo
1046 2219 1256 2302 emptoribus
1277 2218 1427 2284 credaut.
1449 2217 1496 2281 lle
1510 2217 1563 2280 bis

390 2324 558 2399 omnibus,
576 2323 653 2388 vide
669 2325 840 2390 civilistas.

436 2530 517 2604 §ut
539 2531 579 2589 De
598 2533 868 2591 instrumentorum
885 2533 1093 2606 productione,
1114 2535 1290 2602 amissione,
1311 2533 1516 2601 renovatione,

702 2623 950 2694 interpretatione
968 2629 997 2681 et
1016 2623 1249 2694 impnpnotione.

430 2767 462 2846 a)
477 2765 655 2830 Productio
678 2766 983 2831 instrumentorum
1001 2765 1204 2848 regulariter
1218 2767 1261 2858 ‚nt
1281 2771 1360 2850 post
1372 2739 1468 2831 litem
1483 2784 1562 2831 con-

391 2877 548 2940 testatam
562 2892 669 2957 usque
685 2873 728 2938 ad
739 2873 994 2938 conclusionem
1014 2876 1049 2938 in
1069 2893 1172 2940 causa
1190 2876 1230 2956 (c.
1253 2875 1320 2940 911.
1340 2876 1375 2954 t.)
1391 2875 1474 2942 Nam
1486 2894 1563 2960 pro-

391 2980 513 3046 ducere
528 2982 756 3046 instrumenta
782 2987 834 3046 est
846 2981 904 3046 illa
919 2981 1094 3066 injudicio
1117 2981 1276 3048 exhibere
1295 2983 1339 3046 ad
1354 2981 1563 3065 probandam

390 3107 487 3152 suam
506 3089 747 3162 intentionem;
773 3108 875 3172 porro
899 3095 978 3154 aute
1003 3089 1072 3154 litis
1096 3090 1381 3155 contestationem
1409 3089 1562 3172 probatio

390 3197 524 3279 objecto
545 3196 770 3262 determinato
785 3203 887 3272 caret,
915 3203 949 3260 et
973 3197 1146 3263 conclusio
1160 3199 1196 3260 in
1211 3203 1381 3262 causaest
1396 3196 1562 3262 terminus

390 3303 583 3369 exclusivus
598 3305 752 3369 omnium
767 3305 1017 3388 probationum.

430 3410 463 3475 Si
478 3412 520 3476 ab
538 3411 658 3476 eadam
677 3417 771 3494 parte
787 3413 1020 3496 producuntur
1038 3415 1265 3478 iustrumenta
1282 3413 1462 3488 contraria,
1488 3431 1562 3496 quae

390 3518 559 3585 conciliari
574 3537 644 3583 non
659 3526 813 3602 possunt,
826 3521 1076 3586 neutrumfacit
1087 3521 1202 3598 fldem,
1212 3539 1290 3586 cum
1305 3519 1450 3589 alterum
1466 3519 1562 3584 alteri

392 3627 534 3708 deroget
547 3643 555 3706 t
569 3645 596 3690 c.
614 3627 652 3689 13
663 3627 696 3689 h.
715 3627 763 3708 tl.
781 3627 813 3690 Si
829 3646 910 3692 vero
922 3629 1044 3692 actoris
1056 3629 1147 3693 atrei
1163 3629 1390 3692 instrumenta
1404 3629 1472 3691 sint
1481 3645 1562 3706 vera

391 3733 569 3810 contraria,
585 3734 764 3815 nraefertur
779 3733 929 3814 dignius;
946 3735 974 3798 si
987 3735 1126 3819 aequalis
1137 3736 1204 3799 sint
1216 3735 1436 3812 auctoritatis,
1451 3734 1562 3800 neutri

391 3840 549 3906 creditur.

431 3949 461 4030 b)
477 3948 520 4014 Si
522 3956 667 4030 pereant
681 3949 908 4015 iustrumenta
922 3953 953 4013 l·
966 3967 1046 4016 casu
1060 3951 1210 4026 fortuito,
1226 3950 1378 4031 allegans
1393 3949 1450 4014 illa
1463 3950 1563 4014 debet

392 4057 534 4138 probare
555 4073 673 4120 casum
696 4057 874 4120 fortuitum
897 4062 930 4121 et
952 4057 1053 4121 simul
1076 4063 1232 4122 tenorem
1259 4057 1476 4122 instrumenti
1503 4073 1563 4139 per

393 4167 511 4238 testes;
526 4163 599 4227 baec
617 4165 771 4246 probatio
796 4166 860 4228 erit
874 4166 1072 4249 semiplena.
1093 4167 1125 4229 ᾖ*
1141 4165 1174 4228 Si
1189 4166 1325 4249 proprio
1345 4166 1434 4230 lacto
1458 4162 1562 4228 oredi-

392 4271 484 4346 toris,
503 4276 540 4333 ut
561 4272 589 4334 si
604 4271 870 4360 instrumentum
892 4273 1053 4338 laceravit
1066 4272 1120 4338 vel
1143 4273 1289 4338 reddidit
1309 4271 1479 4344 creditori,
1497 4275 1563 4333 stat

392 4397 452 4461 pro
468 4379 619 4444 debitore
639 4382 859 4464 presumptio
881 4381 1102 4458 liberationis,
1127 4381 1236 4446 donec
1251 4381 1416 4464 probetur
1433 4381 1562 4444 contra-

392 4488 495 4562 rium3
522 4488 549 4551 si
571 4493 687 4553 autem
708 4491 797 4555 facto
816 4489 1000 4556 adversarii
1019 4491 1119 4574 periit
1136 4492 1415 4562 instrumentum,
1440 4485 1563 4552 suflicit

392 4595 464 4660 solo
478 4597 673 4678 juramento
688 4599 831 4680 probare
843 4597 933 4663 illius
948 4603 1113 4674 tenorem,
1130 4617 1209 4663 cum
1224 4597 1322 4663 dolus
1338 4599 1563 4680 praesumatur

394 4703 426 4764 in
442 4701 647 4766 adversario.
