3510 5574
525 626 613 674 arara
633 621 760 677 rannus
781 629 1004 680 exoneramus.
1296 619 1357 683 see

177 745 323 828 Tempus
339 761 406 829 quo
420 751 577 814 remanet
590 747 744 825 atllxum,
759 753 812 813 est
825 749 868 814 ad
883 751 1061 816 arbitrium
1076 752 1242 838 episcopi3
1258 772 1358 836 regu·
1378 795 1380 800 -

176 853 293 920 lariter
320 858 452 933 tamem
472 857 574 938 juxta
601 862 709 922 const.
731 856 780 921 Pii
803 857 889 922 Via
917 859 1144 942 conserendis,
1170 879 1241 928 non
1269 861 1358 928 ultra

177 964 298 1046 viginti
322 963 394 1030 dies
419 966 571 1050 protrahi
595 965 697 1032 debet
718 967 819 1034 edicti
842 970 1032 1054 suspensio,
1050 971 1358 1054 quaeprobahiliter

176 1091 246 1140 non
270 1075 324 1139 est
345 1073 388 1138 de
412 1073 602 1142 substantia
621 1093 821 1142 concursus.
839 1077 906 1144 Sed
930 1079 1108 1164 epiecopus
1133 1085 1271 1148 tenetur
1291 1082 1358 1148 cle-

173 1183 265 1272 ricos
291 1181 479 1266 descriptos
503 1202 625 1252 vocare
652 1205 768 1254 coram
798 1188 1089 1255 examinatoribus
1121 1190 1354 1274 synodalibus.

175 1289 303 1357 Tamen
324 1292 439 1378 elapso
460 1295 608 1362 termino
629 1295 741 1372 edicti,
758 1296 911 1362 inchoari
926 1303 1043 1380 posset
1062 1315 1219 1364 examen.
1238 1299 1357 1379 Modus

174 1399 321 1466 vocandi
343 1402 387 1468 ad
408 1419 615 1469 concursum
636 1404 759 1488 triplex
782 1407 909 1469 001ε11
931 1406 1110 1489 episcopus
1132 1407 1206 1491 ipse
1224 1407 1357 1492 aliquos

173 1508 316 1576 clericos
334 1510 477 1578 idoneos
500 1515 544 1579 ad
564 1515 752 1596 regendam
773 1513 951 1580 ecclesiam
972 1516 1142 1594 nominat;
1157 1517 1190 1581 i·
1208 1517 1356 1584 liberum

174 1623 228 1682 est
247 1619 351 1685 etlam
371 1619 456 1699 aliis,
472 1625 596 1705 praeter
610 1623 818 1707 episcopum,
836 1623 895 1707 qui
911 1623 1042 1709 aliquos
1061 1625 1105 1690 ad
1127 1625 1163 1690 id
1185 1631 1282 1709 aptos
1297 1643 1359 1691 no·
1454 1678 1457 1689 .

174 1728 300 1805 verint,
315 1746 435 1796 eorum
454 1731 594 1798 nomina
606 1733 774 1816 proterre;
786 1733 820 1796 3⁰
835 1733 864 1796 si
884 1733 1044 1818 episcopo
1059 1739 1119 1800 aut
1137 1734 1268 1818 synodo
1283 1752 1360 1818 pro-

174 1836 323 1914 vinciali,
337 1857 401 1922 pro
423 1839 574 1921 regionis
589 1859 697 1918 more,
711 1841 869 1908 videatur
884 1843 996 1923 magis
1010 1842 1181 1927 expedire,
1198 1861 1259 1926 per
1273 1842 1359 1909 edic·
1401 1927 1408 1948 ἱ

175 1951 250 2020 tum
266 1948 369 2014 etiam
384 1948 559 2033 publicum
573 1953 688 2018 vocari
704 1953 830 2016 debent
844 1953 902 2036 qui
917 1951 1039 2017 volunt
1053 1953 1250 2018 examinari.

214 2057 242 2138 e)
263 2055 312 2122 De
334 2059 625 2124 examinatoribus
649 2061 879 2144 synodalibus.
903 2062 935 2125 1⁰
958 2059 1084 2126 Omnes
1114 2060 1172 2145 qui
1201 2060 1359 2144 descripti

174 2167 268 2242 sunt,
285 2168 526 2234 examinantur
545 2169 775 2254 abepiscopo,
792 2170 877 2248 sive,
896 2187 937 2236 eo
952 2170 1128 2255 impedito,
1144 2171 1186 2234 ab
1202 2172 1277 2252 ejus
1292 2161 1355 2233 vic.¹

172 2291 272 2353 gen,
298 2279 399 2359 atque
429 2277 471 2342 ab
493 2276 567 2344 aliis
593 2279 895 2356 examinatoribus,
924 2297 995 2345 non
1013 2277 1229 2364 paucioribus
1255 2295 1358 2362 quam

172 2382 294 2446 tribus.
310 2383 471 2450 Adhiberi
488 2391 634 2469 possunt
649 2388 799 2472 quinque
814 2387 871 2453 vel
885 2407 948 2452 sex
966 2407 973 2451 :
991 2389 1019 2451 ei
1043 2405 1126 2454 vero
1150 2405 1221 2452 non
1242 2391 1359 2452 essent

173 2493 257 2567 tres,
275 2509 421 2558 examen
443 2511 514 2560 non
537 2499 630 2560 esset
652 2495 872 2561 validum-
891 2495 958 2562 Sex
981 2497 1025 2562 ad
1047 2497 1162 2562 minus
1185 2495 1359 2561 examina-

173 2603 269 2662 tores
289 2599 470 2682 synodales
495 2601 576 2686 eligi
590 2603 717 2668 debent
730 2605 765 2668 in
781 2605 913 2688 synodo
934 2605 1126 2670 dioecesana
1139 2605 1182 2669 ab
1198 2603 1357 2688 episeopo

173 2707 282 2789 (conc.
299 2707 400 2786 Trid.;
417 2709 655 2794 (langatone.
674 2711 715 2776 11
732 2729 812 2778 nov.
830 2713 932 2795 ltro).
949 2711 1144 2796 Requiritur
1158 2712 1357 2796 approbatio

173 2815 282 2898 ipsius
297 2817 428 2900 synodi.
444 2819 547 2885 Juxta
565 2821 722 2905 superius
741 2819 916 2886 laudatam
936 2820 1201 2886 declarationem
1222 2825 1257 2884 et
1274 2819 1357 2884 alias

173 2923 311 3004 multas,
329 2927 580 2994 examinatores
598 2928 781 3012 synodales
797 2948 873 2995 esse
895 2929 1021 2995 debent
1036 2929 1192 2996 doctores
1207 2929 1243 2992 in
1263 2945 1358 2994 sacra

175 3031 350 3116 theologia
372 3035 428 3100 vel
443 3037 521 3120 jure
544 3037 720 3115 canonico,
749 3043 784 3102 et
806 3038 975 3121 probitate
996 3057 1132 3104 morum
1155 3056 1194 3104 ao
1217 3037 1357 3103 scientia

174 3142 370 3224 praecellere
392 3143 527 3228 (Gongr.
545 3145 643 3214 Cone.
661 3147 700 3212 16
715 3148 786 3212 dec.
806 3148 907 3230 1119).
929 3147 1071 3224 Tamen,
1080 3150 1180 3232 juxta
1199 3145 1356 3212 eamdem

174 3251 451 3332 declarationem,
467 3261 586 3338 posset
600 3257 790 3342 episeopus,
818 3258 940 3323 saltem
955 3277 1035 3322 cunr
1055 3256 1175 3352 synodi
1195 3253 1356 3339 approba-

176 3360 280 3438 tione,
293 3361 386 3427 viros
400 3362 519 3428 doctos
534 3364 659 3446 eligere
675 3365 733 3450 qui
749 3365 858 3448 gradu
869 3365 1063 3432 academico
1077 3368 1244 3440 carerent,
1261 3367 1305 3438 et,
1317 3367 1356 3426 ut

176 3466 271 3531 addit
284 3467 391 3535 altera
406 3471 598 3550 declaratio,
616 3471 721 3538 etiam
735 3471 860 3538 relictis
876 3473 1072 3538 doctoribus
1086 3473 1143 3556 qui
1156 3471 1270 3536 idonei
1285 3488 1356 3535 noa

176 3576 291 3639 lorent
311 3577 364 3660 (tl
387 3597 467 3643 nov.
485 3580 586 3664 1170).
605 3580 638 3644 Si
662 3580 839 3646 dissensus
859 3585 1061 3662 exsurgeret
1074 3581 1164 3644 inter
1184 3578 1304 3662 synod.
1321 3583 1355 3641 et

178 3685 294 3768 episc,
311 3692 346 3750 et
358 3686 533 3752 dissensus
554 3688 676 3772 synodi
692 3695 785 3754 esset
804 3689 1056 3766 irrationabilis,
1073 3705 1261 3754 consensus
1277 3705 1356 3767 sup-

177 3791 328 3875 pleretur
339 3797 495 3879 a'Gongr.
508 3797 621 3876 Cone,
638 3817 681 3863 ex
695 3799 833 3864 laudata
847 3799 1086 3865 declaratione.

217 3903 250 3966 Ψ
264 3902 520 3972 Examinatores
539 3911 685 3990 possunt
708 3924 810 3971 suum
830 3907 981 3972 otsscium
1002 3923 1160 3972 exercere
1183 3924 1290 3990 usque
1311 3904 1354 3969 ad

177 4029 304 4078 novam
318 4015 498 4097 synodum,
516 4015 580 4080 etsi
603 4033 643 4080 ea
665 4014 800 4096 singulo
823 4033 914 4080 anno
935 4033 1007 4080 non
1025 4019 1242 4091 convocetur,
1257 4014 1355 4078 dum

175 4119 280 4208 modo
303 4139 347 4186 ex
368 4121 484 4188 electis
506 4123 541 4188 in
564 4122 696 4206 synodo
719 4141 781 4187 sex
801 4122 983 4206 supersint.
1000 4123 1065 4188 Sed
1090 4123 1118 4186 si
1138 4123 1251 4188 minor
1264 4127 1355 4186 esset

176 4246 342 4294 numerus
354 4225 638 4308 examinatomm,
651 4247 721 4296 non
735 4237 878 4314 possent
889 4231 946 4294 isti
960 4229 1071 4295 valide
1087 4247 1189 4294 suum
1203 4230 1354 4294 otsscium

177 4355 347 4416 exercere,
374 4341 440 4406 nisi
468 4341 609 4408 obtenta
627 4340 787 4407 facultate
808 4339 963 4422 aGongr.
990 4339 1089 4403 Cone.
1113 4338 1353 4403 Deficientibus

177 4446 467 4514 examinatoribus
481 4451 616 4534 synodi,
636 4455 751 4535 potest
770 4449 950 4532 episcopus
967 4445 1053 4512 alios
1068 4447 1254 4528 subrogare
1275 4463 1354 4510 cum

177 4556 420 4638 approbatione
453 4559 608 4643 capituli,
636 4561 728 4646 quod
752 4563 891 4624 tenetur
917 4556 1117 4640 exjustitia
1146 4571 1353 4621 consensum

177 4668 354 4744 praeetare;
369 4672 404 4732 et
415 4668 552 4752 quando
566 4668 752 4753 capitulum
767 4669 894 4750 injuste
909 4665 1057 4747 denegat
1070 4681 1288 4740 consensum,
1298 4663 1354 4728 hic

178 4787 366 4840 consensus
387 4793 450 4861 pro
472 4779 623 4861 praestito
643 4779 853 4853 hebetarat
876 4775 942 4840 tert
961 4775 1081 4841 eadem
1101 4773 1294 4840 declaratio.
1312 4775 1353 4836 11

338 4903 370 4947 n.
1155 4883 1193 4946 lb
