3488 5564
359 551 379 612 8
819 569 871 612 rus
892 567 1072 612 oenomaum

360 685 470 758 rimis,
500 688 573 748 tum
604 683 682 766 quia
708 683 936 766 suspicionem
969 683 1005 745 in
1030 681 1180 765 principe
1215 681 1422 746 sufficienter
1450 683 1534 748 tollit

362 811 497 858 summa
523 793 671 875 dignitas
700 797 735 856 et
761 791 902 874 aequitas
929 792 965 856 in
993 790 1186 872 legislatore
1216 796 1436 876 praesumpta;
1474 793 1534 856 sed
1593 829 1597 842 ·

361 902 548 967 consultius
572 908 625 966 est
645 907 683 966 ut
700 903 816 966 arbitri
840 900 1018 982 eligantur.
1035 902 1067 964 2⁰
1086 901 1194 964 Judex
1212 901 1361 975 interior,
1383 901 1484 964 etiam
1499 901 1533 965 in

362 1011 565 1094 quibusdam
576 1012 721 1087 casibus,
738 1009 1014 1093 possetlegitime
1025 1009 1209 1091 procedere
1220 1009 1400 1092 inproprie
1411 1028 1532 1074 causa:

361 1137 394 1181 v.
411 1137 461 1200 gr.
479 1119 506 1182 si
519 1118 863 1202 injuriaillatajudici‚
877 1137 944 1202 qua
955 1115 1042 1192 talis,
1058 1117 1299 1193 essetnotoria‚
1308 1117 1536 1202 judexposset

362 1247 500 1310 poenam
514 1228 623 1310 alege
637 1233 786 1293 taxatam
800 1227 965 1308 inlligere.

404 1339 430 1419 r)
446 1337 501 1402 An
516 1345 593 1400 acto
603 1337 728 1418 judicis
738 1336 847 1400 solum
858 1337 1053 1414 eristimati,
1068 1355 1126 1399 seu
1140 1336 1533 1417 carectisjurisdictione,

258 1428 261 1438 ¹
363 1447 586 1511 sintvalida?
603 1447 777 1527 —Agitur
800 1447 841 1510 de
858 1447 971 1528 judice
988 1445 1059 1510 sive
1081 1446 1251 1511 ordinario
1274 1447 1345 1510 sive
1367 1445 1533 1526 delegato,

365 1557 423 1638 qui
446 1575 560 1621 errore
585 1556 758 1620 communi
785 1559 819 1619 et
840 1554 1004 1640 probabili
1031 1555 1245 1619 existimatur
1266 1554 1537 1649 jurisdictionem

365 1665 500 1730 habere.

406 1775 436 1837 l⁰
451 1774 562 1856 Aliqui
575 1779 711 1855 negant,
724 1775 912 1858 praesertim
925 1776 969 1838 ob
983 1779 1184 1858 sequentem
1196 1773 1363 1837 rationem
1378 1791 1384 1834 :
1398 1772 1431 1836 Si
1445 1789 1539 1836 error

366 1904 435 1950 uon
450 1885 681 1961 interveniret,
692 1887 766 1948 acta
776 1891 891 1948 essent
904 1884 1069 1960 invalida;
1084 1883 1178 1966 atqui
1188 1900 1283 1946 error
1294 1900 1362 1945 non
1374 1882 1431 1946 dat
1437 1881 1539 1963 juris-

276 2041 282 2054 .
368 1993 561 2070 dictionem,
586 2011 666 2057 nam
684 1996 741 2075 jus
757 1997 809 2056 est
823 2011 960 2076 aequum
984 1997 1018 2056 et
1040 1994 1169 2056 honum
1185 1995 1219 2054 et
1240 2008 1307 2054 non
1328 1989 1478 2054 nascitur
1497 2007 1539 2052 ex

368 2103 548 2168 erroribus.
565 2139 604 2148 -
618 2101 684 2166 Sed
696 2101 910 2166 communior
928 2106 962 2164 et
976 2101 1089 2165 verior
1107 2099 1276 2164 sententia
1299 2099 1446 2162 affirmat
1465 2097 1540 2180 (sal-

369 2191 437 2274 tem
453 2211 587 2294 quando
612 2210 775 2293 probabili
799 2216 833 2274 et
854 2211 1026 2275 communi
1050 2209 1165 2293 populi
1183 2227 1307 2284 errore,
1334 2207 1409 2272 talis
1429 2209 1540 2273 existi-

368 2325 520 2384 maretur
541 2337 616 2384 esse
628 2319 757 2400 ‚ludent
776 2319 872 2383 Ratio
888 2323 939 2382 est
954 2317 1033 2402 quia
1048 2319 1083 2381 in
1097 2319 1162 2382 hoc
1176 2335 1256 2382 casu
1280 2315 1468 2400 respublica
1486 2315 1540 2380 vel

368 2427 514 2492 Ecclesia
537 2431 580 2492 ob
611 2428 790 2492 utilitatem
815 2428 982 2511 publicam
1004 2433 1038 2492 et
1060 2428 1102 2492 ad
1123 2425 1332 2492 removenda
1355 2425 1472 2508 gravia
1493 2426 1542 2488 iu-

369 2537 558 2610 commoda,
577 2536 709 2620 supplet
720 2527 964 2619 jurisdictionis
992 2535 1171 2612 defectum,
1189 2540 1223 2599 et
1238 2536 1285 2598 sic
1300 2535 1443 2599 solvitur
1456 2533 1541 2598 ratio

368 2646 489 2728 prioris
511 2647 699 2710 sententia.
718 2645 943 2711 Confirmatur
964 2665 1007 2710 ex
1020 2645 1246 2710 declaratione
1256 2645 1342 2726 Juris
1357 2643 1463 2708 civilis
1478 2643 1543 2710 Ro-

369 2753 462 2824 mani
476 2757 567 2818 etex
579 2773 652 2818 can.
670 2757 699 2830 l,
716 2773 818 2819 causa
832 2757 874 2831 3¹,
891 2773 922 2837 q.
939 2757 969 2829 7,
982 2753 1198 2835 aecolligitur
1212 2773 1255 2818 ex
1267 2771 1295 2817 c.
1312 2753 1363 2829 ul,
1387 2753 1427 2816 de
1446 2733 1540 2816 Serri.

370 2867 452 2924 etro
461 2861 569 2942 judic.

408 2971 441 3032 2⁰
453 2970 503 3033 Ad
517 2972 581 3035 hoc
595 2975 633 3034 ut
647 2976 745 3052 gesta
759 2973 801 3035 ah
816 2973 1008 3037 existimato
1022 2973 1136 3054 judice
1152 2973 1220 3035 sint
1235 2975 1384 3054 utroque
1398 2971 1472 3034 loro
1487 2988 1544 3034 va·

369 3078 447 3156 lida,
465 3082 677 3144 necessarius
689 3099 759 3145 non
775 3087 827 3146 est
844 3081 961 3146 titulus
976 3081 1157 3158 coloratus,
1178 3081 1298 3145 saltem
1310 3082 1410 3162 juxta
1424 3077 1545 3142 multo-

372 3205 449 3250 rum
465 3191 670 3254 sententiam
683 3211 690 3252 :
701 3209 782 3254 nam
795 3191 881 3254 ratio
898 3192 976 3255 honi
986 3191 1179 3256 communis
1189 3188 1290 3265 valet,
1308 3189 1439 3252 etiamsi
1452 3205 1547 3253 error

373 3314 442 3359 non
455 3297 656 3388 fundaretur
669 3300 704 3362 iu
720 3300 817 3364 titulo
831 3299 999 3375 colorato;
1021 3318 1142 3364 verum
1158 3300 1186 3362 si
1200 3299 1272 3362 haec
1287 3298 1354 3362 duo
1368 3307 1546 3361 concurre·
1580 3293 1582 3298 ’

372 3409 459 3478 rent,
484 3405 610 3470 scilicet
638 3425 732 3472 error
753 3409 945 3472 communis
968 3413 1003 3472 et
1026 3407 1144 3471 titulus
1167 3406 1348 3482 coloratus
1377 3406 1547 3470 sententia

373 3515 548 3578 affirmans
572 3519 647 3579 acta
660 3535 735 3579 esse
759 3515 870 3581 valida
894 3521 946 3581 est
967 3515 1142 3582 moraliter
1154 3519 1256 3590 certa,
1275 3515 1311 3578 in
1325 3516 1399 3579 soro
1413 3514 1547 3578 tamin-

373 3625 470 3686 teruo
483 3641 585 3704 quam
600 3629 753 3700 externo,
771 3625 943 3689 exdeclar.
961 3625 1143 3706 Congregr.
1155 3622 1278 3688 Concil.
1295 3623 1329 3686 ll
1346 3627 1443 3688 mart.
1455 3623 1544 3686 1786.

412 3731 447 3810 d)
462 3730 544 3794 ilinc
561 3751 568 3792 ε
586 3733 617 3794 l⁰
631 3731 747 3796 valent
761 3733 992 3798 absolutiones
1006 3733 1135 3798 collatae
1152 3751 1172 3797 a
1187 3732 1373 3808 sacerdote,
1390 3736 1424 3796 et
1433 3749 1546 3796 coram

372 3858 412 3903 eo
434 3837 602 3904 celebrata
622 3843 848 3919 matrimonia,
873 3845 935 3907 etsi
961 3863 1040 3908 vere
1063 3844 1229 3928 parochus
1251 3861 1320 3906 nou
1347 3841 1400 3917 sit,
1424 3845 1458 3903 et
1483 3841 1548 3905 hoc

372 3947 464 4022 sciat,
482 3948 953 4030 quiestvelintrususvelab
974 3953 1131 4034 episcopo
1139 3969 1209 4013 non
1219 3951 1434 4032 approbatus,
1444 3948 1547 4012 modo

372 4073 433 4136 pro
447 4052 601 4135 legitimo
615 4059 762 4139 parocho
776 4059 1004 4123 communiter
1014 4060 1189 4122 habeatur.
1208 4057 1273 4120 Sed
1289 4056 1467 4120 difficultas
1483 4060 1545 4130 est,

373 4161 485 4243 quoad
498 4171 752 4229 sacramentum
767 4153 986 4250 peonitentiae,
999 4167 1086 4230 eirca
1095 4165 1338 4246 obligationem
1351 4164 1548 4247 poenitentis

373 4272 430 4354 qui
444 4273 614 4336 inveniret
624 4274 868 4356 jurisdictionis
884 4273 1053 4338 defectum
1071 4293 1078 4335 :
1096 4275 1274 4337 teneturne
1299 4271 1355 4335 ille
1379 4272 1548 4354 prenitens

373 4379 625 4443 confessionem
635 4381 795 4444 reiterare
806 4399 921 4446 coram
936 4381 1088 4462 legitimo
1097 4379 1328 4444 conlessario?
1344 4377 1548 4460 -Plerique

374 4491 519 4569 negant;
544 4488 603 4551 sed
627 4488 780 4553 Giraldus
802 4490 950 4554 affirmat
965 4495 998 4553 et
1012 4489 1112 4553 affert
1127 4487 1388 4552 declarationem
1404 4486 1550 4566 Congre-

374 4595 521 4676 gationis
538 4596 674 4661 Consilii
700 4599 745 4680 (ll
767 4598 837 4662 dec.
862 4600 950 4681 1683)
967 4617 1070 4684 quam
1087 4599 1166 4662 dicit
1180 4615 1255 4662 esse
1271 4595 1500 4661 authenticam
1517 4601 1550 4659 et

311 4769 315 4776 ,
372 4703 414 4766 ab
430 4704 502 4785 ipso
519 4707 730 4788 recognitam
745 4707 780 4770 in
795 4707 909 4772 codice
925 4706 1214 4788 congregationis.
