3504 5572
241 509 248 520 '
357 517 417 582 :382
818 533 1067 580 rcsmsomcun.

395 653 429 718 2⁰
439 653 483 728 Si,
495 669 574 716 cum
583 657 678 734 patre
692 657 727 716 et
736 657 855 728 matre,
864 659 1068 718 concurrant
1081 653 1202 717 fratres
1216 651 1370 733 germani
1386 657 1420 716 et
1434 667 1528 717 soro-

359 781 413 826 res
427 759 587 838 defuncti,
601 777 643 824 ex
654 763 732 843 jure
745 760 840 836 Gall„
852 760 966 826 media
979 780 1057 845 pars
1071 761 1277 826 baereditatis
1293 761 1434 825 obvenit
1446 759 1534 842 patri

359 877 394 934 et
413 871 511 936 matri
537 887 599 934 seu
624 874 744 953 quarta
762 869 850 952 patri
869 875 904 936 et
923 876 1044 954 quarta
1064 871 1299 958 matmplters
1320 871 1479 935 fratribus
1500 871 1534 931 et

359 980 533 1044 sororibus
559 995 747 1061 eorumque
776 978 1062 1044 descendentibus
1084 981 1156 1062 (art.
1175 981 1245 1058 748,
1262 981 1318 1044 751
1335 979 1414 1044 God.
1429 979 1506 1058 civ.)
1525 997 1531 1040 :

360 1089 486 1170 dejure
497 1088 662 1162 Romano,
675 1085 851 1169 aqualiter
864 1104 985 1152 omnes
999 1087 1225 1154 succedebant
1238 1089 1274 1152 in
1284 1087 1404 1169 capita.
1413 1086 1534 1150 Ascen-

360 1191 480 1260 'dentes
499 1195 701 1260 remotiores
723 1200 818 1278 patre
834 1201 869 1258 ct
882 1201 1003 1272 matre,
1021 1197 1049 1259 si
1064 1200 1269 1261 concurrant
1281 1213 1360 1260 cum
1374 1194 1534 1258 frutribus

360 1309 394 1366 et
408 1303 591 1380 sororibus,
610 1301 853 1380 excluduntur;
870 1307 998 1381 nmen,
1016 1303 1058 1368 de
1073 1304 1149 1369 eod.
1159 1307 1237 1388 jure
1252 1303 1418 1379 Romano,
1436 1320 1531 1376 avus,

316 1423 317 1432 ¹
359 1429 429 1477 una
441 1429 520 1476 oum
532 1413 636 1475 fratre
649 1427 813 1492 germano
830 1410 990 1489 defuncti,
1005 1412 1229 1477 concurrebat
1244 1412 1286 1476 ab
1299 1411 1472 1476 intestato.

328 1539 330 1544 ·
399 1519 437 1582 11.
458 1519 581 1600 Quoad
598 1519 818 1598 collaterales,
836 1519 1036 1603 explicanda
1052 1525 1104 1585 est
1124 1519 1180 1586 lex
1203 1539 1278 1604 quae
1302 1520 1458 1604 superius
1472 1520 1535 1584 fuit

359 1628 552 1710 proposita:
570 1627 607 1690 ln
625 1626 758 1691 defectu
780 1627 1062 1691 descendentium
1087 1633 1121 1692 et
1141 1627 1398 1692 ascendentium
1422 1645 1535 1692 succe-

361 1736 446 1800 dunt
460 1735 705 1816 consanguinei
720 1733 943 1800 collaterales

401 1847 434 1927 a)
449 1845 572 1926 Quoad
595 1847 734 1928 fratres.
752 1847 783 1908 1ο
803 1843 937 1909 Fratres
960 1851 995 1909 et
1020 1865 1156 1912 sorores
1183 1865 1370 1930 eorumque
1400 1846 1539 1910 descen-

361 1953 482 2018 dentes
506 1952 691 2018 &dudunt
719 1953 791 2016 sive
818 1971 939 2017 omnes
956 1953 1196 2030 ascendentes,
1214 1955 1365 2038 exceptis
1386 1959 1481 2038 patre
1505 1961 1540 2018 et

360 2065 469 2125 matre
493 2061 747 2137 detractantes
767 2079 889 2128 omnes
910 2061 995 2127 alios
1017 2062 1230 2128 collaterales
1250 2065 1452 2128 remotiores
1470 2084 1476 2125 :
1493 2064 1540 2126 ita

361 2175 423 2233 art.
436 2171 506 2234 730.
518 2169 556 2232 ln
565 2170 629 2235 hoc
641 2170 783 2236 articulo
796 2169 891 2236 nulls
904 2171 1123 2236 videturfferi
1134 2171 1305 2237 distinctio
1318 2173 1407 2235 inter
1417 2174 1541 2236 fratres

361 2296 545 2358 germanos
560 2283 595 2342 et
609 2280 763 2344 uterinos
776 2278 832 2343 vel
846 2281 1137 2362 consanguineam
1152 2299 1191 2346 ac
1209 2280 1352 2366 proinde
1368 2280 1491 2358 uterini
1507 2285 1541 2342 et

305 2371 309 2393 ¹
362 2387 607 2468 consanguinei
622 2387 745 2452 eodem
755 2389 834 2470 jure
850 2386 1056 2452 exclusionis
1070 2389 1232 2456 fruuntur
1245 2407 1285 2453 ac
1299 2387 1466 2469 germani.

401 2495 434 2558 2⁰
449 2496 626 2571 Quomodo
638 2497 760 2564 tratres
776 2500 810 2560 et
821 2514 957 2561 sorores
971 2497 1121 2562 defuncti
1133 2501 1339 2566 concurrent
1352 2515 1430 2560 oum
1444 2499 1540 2578 patre

364 2607 398 2666 et
414 2607 522 2668 matre
547 2602 714 2685 ejusdem,
731 2602 880 2666 diximus
903 2609 1019 2680 antea;
1037 2604 1207 2669 successio
1230 2605 1379 2688 partitur
1397 2603 1432 2670 in
1456 2602 1540 2667 duas
1610 2596 1612 2602 '

363 2710 518 2793 aequdes'
532 2716 661 2792 partes;
685 2709 796 2775 sedin
817 2729 898 2776 casu
923 2729 991 2796 quo
1007 2716 1164 2794 superest
1178 2711 1271 2776 salus
1284 2717 1381 2795 pater
1397 2711 1455 2776 vel
1469 2709 1542 2781 sola

363 2823 482 2896 mater,
499 2823 569 2882 tres
583 2823 697 2902 partes
712 2837 755 2882 ex
769 2823 915 2902 quatuor
929 2819 1120 2884 obveniunt
1133 2819 1294 2884 fratribus
1309 2821 1381 2900 (art.
1398 2820 1478 2900 751).

402 2927 434 2990 3·
448 2924 545 2990 Ratio
568 2927 793 2992 successionis
807 2925 842 2990 in
863 2945 944 2990 casu
967 2928 1123 3010 superius
1144 2927 1310 3010 exposito.
1328 2927 1361 2990 Si
1377 2932 1457 2990 sunt
1472 2931 1541 2990 tan-

365 3038 436 3098 tum
449 3035 570 3098 fratres
585 3036 751 3116 germani,
766 3035 802 3098 hi
818 3035 1005 3100 succedunt
1016 3037 1053 3099 in
1065 3037 1192 3118 capita;
1209 3037 1269 3100 sed
1290 3037 1319 3099 si
1342 3033 1443 3098 simul
1463 3053 1541 3098 oum

363 3141 523 3206 fratribus
537 3143 710 3222 germanis
725 3147 968 3208 concurrerent
982 3144 1104 3208 uterini
1121 3143 1177 3208 vel
1190 3143 1446 3224 consanguinei,
1463 3149 1543 3206 tunc

365 3257 435 3316 tota
455 3251 635 3317 hareditas
657 3252 819 3317 dividitur
843 3254 878 3316 in
899 3253 984 3317 duas
1003 3259 1118 3336 partes
1138 3253 1298 3337 equales,
1316 3271 1460 3337 quarum
1475 3271 1543 3315 una

364 3359 462 3425 lineae
476 3360 646 3436 femineae,
663 3359 770 3425 altera
781 3361 882 3426 lineae
896 3367 1048 3444 paternae
1071 3361 1278 3438 devolvitur3
1294 3362 1449 3443 germani
1463 3379 1543 3424 cou-

364 3473 505 3534 currnnt
518 3469 554 3532 iu
573 3474 716 3552 utraque
735 3468 836 3546 linea,
854 3475 888 3534 et
909 3469 1034 3533 uterini
1055 3470 1110 3534 vel
1132 3471 1379 3551 consanguinei
1403 3469 1451 3532 illi
1473 3475 1543 3532 tarr-

367 3583 439 3640 tum
453 3577 551 3642 lineae
574 3577 619 3642 ad
637 3597 741 3662 quam
754 3580 928 3662 pertinent
948 3600 955 3642 :
972 3580 1020 3644 ita
1041 3583 1103 3644 art.
1125 3581 1195 3644 tos.
1215 3579 1311 3644 Ratio
1327 3584 1390 3656 est,
1408 3578 1487 3662 quia
1508 3577 1544 3640 in

366 3687 539 3767 germanis
559 3687 656 3751 adest
680 3688 807 3770 duplex
832 3687 1018 3765 vinculum,
1038 3689 1252 3770 cognationis
1272 3707 1333 3772 per
1353 3694 1485 3772 patrem
1510 3695 1544 3752 et

366 3793 579 3875 cognationis
593 3813 655 3878 per
667 3801 823 3860 matrem.

407 3903 439 3986 b)
455 3901 579 3983 Quoad
604 3903 815 3968 collaterales
839 3907 1005 3988 [ratribus
1029 3906 1233 3970 remotiores.
1252 3906 1283 3968 1ο
1302 3905 1543 3969 Deficientihus

367 4012 527 4076 fratribus
548 4029 736 4096 eorumque
756 4013 1053 4091 descendentibus,
1069 4020 1104 4078 et
1118 4013 1220 4077 simul
1232 4013 1494 4078 ascendentibus
1509 4015 1544 4076 in

368 4138 437 4185 nna
452 4118 508 4182 vel
522 4117 628 4184 altera
642 4117 742 4197 linea,
758 4120 872 4186 media
886 4140 964 4204 pars
979 4122 1204 4186 successionis
1221 4121 1414 4186 devolvitur
1429 4139 1545 4186 ascen-

368 4227 526 4292 dentibus
541 4227 651 4292 adhuc
665 4229 915 4311 superstitibus,
932 4236 967 4294 et
983 4229 1090 4294 altera
1103 4229 1216 4293 media
1230 4247 1309 4312 pars
1327 4229 1544 4313 propinquio-

368 4335 461 4398 ribus
481 4337 678 4417 parentibus
699 4335 736 4398 in
756 4335 864 4402 altera
882 4337 988 4414 linea;
1012 4339 1068 4401 isti
1093 4343 1301 4402 concurrunt
1321 4337 1356 4400 in
1378 4337 1498 4420 capita,
1516 4338 1545 4400 si

370 4443 494 4508 suntin
506 4441 628 4508 eodem
642 4443 772 4525 gradu:
787 4446 835 4510 ita
848 4449 910 4510 art.
924 4445 998 4522 7533
1016 4463 1125 4523 secus,
1139 4447 1217 4528 Jure
1232 4445 1544 4527 repraesentationis

254 4545 257 4552 ’
370 4549 556 4616 succedunt
569 4552 605 4614 in
620 4553 753 4634 stirpes.

409 4659 513 4724 blus
538 4661 739 4725 succedendi
767 4679 803 4724 se
830 4663 983 4726 extendit
1007 4662 1050 4727 ad
1075 4662 1221 4742 gradum
1246 4661 1486 4728 duodecimum
1511 4667 1545 4726 et
