3488 5568
357 565 417 630 538
814 587 866 634 ros
886 587 1065 636 canonicus.

358 705 422 768 etsi
435 706 548 773 eidem
562 707 728 774 sacerdoti
736 707 927 774 ulabnnti
942 712 977 774 et
989 707 1215 774 consentienti
1228 725 1265 771 se
1279 705 1419 789 majoris
1433 705 1534 789 pretii

358 813 613 899 eleemosynam
628 818 798 902 accepisse
812 815 1005 883 inm
1020 816 1200 880 »Necesse
1214 819 1267 880 est
1279 831 1362 895 ergo
1373 817 1411 877 ut
1425 831 1532 878 sacer-

358 921 420 986 dos
435 905 639 989 substitutus
653 927 689 990 in
703 945 807 992 onere
822 923 1026 1000 celebrandi,
1040 925 1533 1006 spuebatnonmgatnscom·

304 1009 307 1027 ¹
358 1029 507 1095 mittenti
521 1033 686 1098 concedat
700 1039 833 1117 partem
846 1033 1014 1116 stipendii.

395 1139 428 1202 4ο
441 1139 567 1204 Tamen
582 1159 652 1205 non
668 1159 790 1206 omnes
801 1141 1037 1225 delinquentes
1052 1141 1230 1206 incurrunt
1245 1156 1383 1222 poenam
1398 1156 1531 1203 excom-

355 1245 605 1322 municationis,
643 1247 703 1313 sad
736 1247 784 1312 illi
820 1252 953 1313 tantum
995 1248 1053 1333 qui
1092 1247 1257 1330 colligunt
1295 1245 1531 1329 eleemosynas

355 1355 537 1419 missarum
562 1357 598 1419 in
620 1356 704 1422 locis
726 1357 903 1442 inquibus
925 1357 1052 1426 taxatio
1075 1361 1127 1422 est
1147 1358 1269 1440 major,
1288 1374 1321 1420 v.
1343 1376 1377 1438 g.
1401 1355 1474 1418 tir.
1490 1356 1531 1418 50

356 1461 443 1526 vell
457 1463 509 1539 ln,
528 1469 566 1527 ut
580 1481 638 1528 aas
652 1463 815 1530 celebrari
830 1465 955 1530 faciant
967 1466 1003 1530 in
1022 1465 1105 1530 locis
1125 1465 1183 1529 ubi
1204 1464 1352 1548 pretium
1376 1466 1531 1528 taxatum

357 1569 546 1646 estminus,
563 1591 596 1634 v.
610 1589 644 1653 g.
667 1573 682 1635 l
705 1573 760 1648 fn,
782 1576 915 1639 retenta
939 1569 1142 1638 differentia.
1168 1571 1293 1635 Verum
1306 1589 1376 1636 non
1392 1588 1532 1636 excusa-

278 1725 280 1730 .
354 1683 474 1743 rentur
495 1680 537 1744 ab
560 1681 913 1747 excommunicatione
934 1681 991 1766 qui
1010 1679 1137 1746 multas
1164 1680 1287 1744 missas
1310 1679 1431 1745 darent
1456 1679 1531 1744 aliis

355 1786 588 1852 sacerdotibus
603 1787 835 1866 celebrandas,
852 1789 887 1853 in
908 1789 1028 1856 codem
1050 1787 1204 1870 regione,
1219 1805 1344 1871 nempe
1361 1787 1418 1851 ubi
1437 1788 1533 1870 viget

353 1893 475 1960 eadem
489 1895 617 1960 taxatio
630 1897 824 1972 missarum,
841 1897 870 1961 si
883 1896 1020 1981 aliquod
1034 1913 1156 1962 vorum
1171 1914 1210 1962 ac
1231 1894 1380 1961 notabile
1397 1894 1532 1960 lucrum

352 2003 550 2068 retinerent.
582 2002 680 2068 Ratio
695 2009 747 2068 est
765 2003 855 2087 quia,
871 2004 996 2070 licetin
1010 2009 1118 2071 const.
1144 2005 1260 2088 Apost.
1281 2003 1380 2070 Sedis
1406 2003 1532 2069 directe

354 2113 478 2191 agatur
496 2109 537 2174 de
559 2109 642 2176 locis
664 2110 795 2175 ratione
816 2111 998 2178 taxationis
1022 2111 1177 2186 diversis,
1200 2113 1274 2176 haec
1293 2115 1409 2176 tamen
1424 2111 1533 2176 diver-

353 2217 440 2306 sitas
450 2215 604 2282 locorum
619 2236 689 2283 non
709 2217 881 2282 inducitur
891 2218 956 2282 nisi
969 2219 1012 2283 ad
1028 2217 1290 2302 exprimendum
1304 2219 1446 2284 modum
1462 2237 1531 2302 quo

352 2327 427 2390 fleri
441 2325 529 2392 solet
541 2326 615 2391 haec
629 2327 739 2408 turpis
753 2331 956 2392 mercatura.
972 2327 1101 2392 Deinde
1117 2327 1242 2392 Bened.
1258 2326 1338 2404 lth,
1363 2326 1398 2390 in
1420 2331 1528 2391 const.

356 2433 442 2499 Cum
456 2453 596 2518 semper,
612 2437 712 2518 cujus
725 2435 965 2518 dispositiones
980 2435 1133 2518 poenales
1148 2435 1404 2500 renovanturin
1419 2439 1529 2499 const.

351 2543 468 2626 Apost.
481 2542 591 2619 Sedis,
609 2561 770 2626 expresse
784 2543 888 2607 dixit:
907 2568 922 2600 α
940 2544 1003 2620 Qui
1019 2543 1187 2626 stipendia
1200 2541 1340 2624 majoris
1353 2541 1454 2625 pretii
1467 2559 1530 2624 pro

352 2650 467 2714 missis
480 2649 728 2715 celebrandis...
741 2651 926 2732 colligeret,
936 2651 1069 2726 missas,
1080 2654 1213 2715 retenta
1221 2649 1284 2714 sibi
1292 2655 1388 2732 parte
1397 2666 1530 2714 eorum-

354 2757 432 2822 dem
447 2757 695 2839 stipendiorum
712 2763 939 2842 acceptorum,
954 2760 1027 2824 sive
1043 2758 1166 2822 ididem
1192 2758 1264 2822 sive
1280 2757 1364 2822 olidi
1386 2757 1443 2820 ubi
1466 2775 1529 2840 pro

353 2861 467 2924 missis
507 2861 718 2928 celebrandis
752 2863 886 2928 minora
922 2863 1090 2946 stipendia
1124 2862 1331 2936 tribuuntur,
1367 2860 1531 2926 celebrari

352 2969 482 3032 fecerit.
499 2993 514 3026 »
530 2969 654 3034 Bened.
670 2969 739 3034 XIV
753 2971 858 3036 edixit
876 2989 1015 3054 poenam
1033 2969 1395 3036 excommunicationis
1417 2968 1529 3051 quoad

352 3075 456 3140 laicos
471 3076 519 3140 sic
533 3076 743 3158 colligentes,
761 3083 795 3143 et
809 3079 1044 3162 suspensionis
1063 3077 1175 3162 quoad
1189 3077 1328 3142 clericos
1344 3095 1404 3142 sen
1420 3094 1531 3142 sacer-

354 3183 461 3247 dotes.
479 3183 584 3248 Hodie
600 3184 700 3250 unica
712 3188 764 3250 est
775 3205 879 3270 prena
891 3185 960 3252 lata
978 3190 1097 3252 contra
1119 3203 1251 3261 omnes,
1278 3184 1405 3250 scilicet
1426 3201 1531 3266 poena

353 3292 715 3358 excommunicationis
731 3294 763 3358 S.
777 3293 810 3357 P.
824 3299 1017 3360 reservate.

392 3400 586 3466 Notandum
608 3406 660 3467 est
688 3402 780 3487 quod
801 3404 830 3468 si
847 3403 1006 3470 sacerdos
1029 3421 1134 3468 unam
1154 3405 1288 3468 tantum
1308 3405 1368 3466 aut
1387 3400 1530 3465 alteram

353 3509 494 3572 missam
509 3509 605 3574 daret
618 3509 857 3576 celebrandam
871 3512 906 3575 in
922 3499 1042 3576 eadem
1061 3511 1214 3592 regione,
1230 3526 1300 3575 non
1314 3507 1530 3574 contraheret

355 3617 755 3694 excommunicationem,
769 3617 848 3684 licet
860 3637 940 3684 reus
956 3618 1000 3682 sit
1014 3617 1121 3701 turpis
1138 3617 1232 3682 lucri.

392 3725 424 3786 5ο
438 3723 607 3789 Hactenus
620 3725 708 3790 dicta
720 3725 918 3808 procedunt,
934 3725 1016 3790 dum
1030 3723 1236 3808 stipendium
1252 3724 1343 3807 quod
1359 3725 1406 3788 sic
1420 3727 1530 3788 trans-

352 3831 461 3894 fertur
472 3831 580 3908 alteri,
597 3832 707 3899 adhuc
721 3833 756 3898 in
767 3851 808 3898 ec
820 3839 873 3899 est
883 3835 1072 3917 quantitate
1085 3832 1121 3897 in
1134 3850 1202 3916 qua
1215 3837 1369 3898 taxatum
1384 3835 1437 3898 est
1452 3831 1529 3914 lege

355 3939 410 4004 vel
431 3941 696 4016 consuetudine3
713 3941 774 4006 sed
789 3941 892 4006 etiam
907 3941 992 4005 dans
1006 3941 1171 4024 pinguem
1188 3939 1454 4024 eleemosynam,
1471 3940 1530 4006 dat

354 4047 459 4126 illam,
469 4067 540 4113 non
556 4045 680 4112 intuitu
692 4047 896 4126 donationis,
911 4048 1016 4114 sedin
1025 4048 1218 4114 mercedem
1230 4047 1355 4114 laboris
1371 4049 1529 4114 etonoris

355 4155 447 4236 quod
460 4155 606 4238 imponit
619 4155 662 4220 ad
673 4155 926 4233 celebrandum,
942 4161 1045 4240 atque
1056 4161 1095 4220 ut
1107 4157 1295 4232 celebrans,
1307 4157 1432 4221 intuitu
1447 4156 1530 4222 libe-

355 4261 496 4328 ralitatis
511 4263 619 4338 factae,
638 4263 803 4328 excitetur
815 4262 857 4326 ad
870 4262 1051 4345 diligenter
1061 4264 1319 4340 celebrandum;
1330 4265 1434 4346 igitur
1443 4265 1530 4329 inte-

353 4387 416 4450 gre
428 4371 572 4434 transire
584 4369 686 4436 debet
698 4369 916 4454 eleemosyna
929 4390 1007 4436 cum
1020 4371 1094 4454 ipso
1110 4391 1213 4437 onere
1224 4372 1267 4437 ed
1281 4391 1360 4438 eum
1371 4372 1428 4456 qui
1440 4391 1529 4437 onus

354 4477 418 4542 hoc
432 4477 591 4560 suscepit.

396 4587 421 4668 c)
447 4587 679 4672 Excepticnes,
704 4607 763 4652 sere
786 4588 826 4652 dc
851 4588 942 4652 licita
956 4589 1208 4654 transmissione
1224 4589 1525 4672 eleemosynarum,

354 4703 486 4761 retento
497 4703 595 4780 porte
603 4696 717 4782 pretii.
1344 4695 1345 4698 ’
