3488 5568
363 561 425 626 581
822 580 874 626 rus
896 580 1077 628 cauomcuu.

365 715 433 784 quo
448 696 597 762 ecclesiae
612 700 647 761 ct
660 695 726 762 alia
738 695 813 762 loca
823 714 928 774 sacre,
939 716 1073 763 necnon
1086 716 1242 782 personae
1258 699 1544 766 ecclesiasticaeac

364 824 421 870 res
436 823 565 882 earum,
582 805 753 868 immunes
761 808 869 869 sunta
881 806 1079 869 muneribus
1089 808 1292 871 eloneribus
1308 807 1538 884 sacularibus,

363 917 465 998 atque
488 913 529 978 ab
552 913 683 978 actibus
701 930 820 976 eornm
842 913 1010 978 sanctitati
1029 919 1064 978 et
1082 916 1285 981 reverentie
1301 915 1422 981 debitae
1441 935 1541 1000 repu-

364 1021 560 1103 gnantibus.
577 1019 684 1102 Igitur

398 1127 431 1193 2⁰
445 1127 645 1193 Immunitas
661 1128 896 1204 ecclesiastica,
914 1149 990 1214 quae
1001 1138 1053 1196 est
1067 1133 1237 1198 contraria
1257 1132 1377 1215 triplici
1396 1150 1537 1196 enume-

363 1241 438 1301 rato
451 1237 596 1311 muneri,
611 1235 713 1300 debet
725 1255 800 1300 case
816 1237 919 1302 etiam
934 1239 1068 1322 triplex,
1081 1241 1217 1315 scilicet,
1232 1239 1542 1324 personalis,rcalis

365 1349 399 1408 et
411 1341 538 1420 localis,
557 1343 598 1408 do
616 1345 739 1428 quibus
754 1345 914 1421 seorsim;
932 1348 1089 1431 quamvis
1102 1349 1236 1412 rubrica
1249 1349 1352 1432 hujus
1368 1347 1456 1412 tituli
1470 1367 1541 1413 non

364 1451 631 1534 comprehendat
643 1451 894 1518 immunitatem
910 1455 1138 1538 personalem,
1161 1456 1202 1520 dc
1223 1455 1280 1520 illa
1300 1460 1416 1520 tamen
1429 1457 1543 1537 agitur

364 1558 400 1622 in
425 1557 628 1642 quibusdam
654 1559 835 1642 capitibus;
862 1559 1007 1645 ideoque
1030 1562 1086 1626 bic
1111 1563 1358 1647 complebimus
1384 1564 1542 1648 superius

366 1665 455 1732 dicta
468 1665 817 1745 dehacimmunitate,
835 1669 870 1733 in
884 1669 934 1734 tit.
953 1689 973 1734 11
987 1669 1064 1734 libri
1077 1670 1116 1734 ll.

639 1869 658 1917 1.
677 1869 716 1920 Da
730 1867 913 1922 lmmunitats
927 1869 1070 1934 personali
1086 1869 1265 1924 clericorum.

406 2013 439 2095 a)
453 2011 495 2076 Ut
506 2018 639 2078 constat
653 2033 696 2079 ea
709 2015 816 2092 dictis,
833 2016 1030 2081 immunitas
1044 2019 1233 2101 personalis
1248 2023 1301 2082 est
1316 2037 1356 2082 ea
1371 2037 1446 2102 quae
1463 2036 1541 2101 per-

366 2122 459 2186 sonis
468 2121 551 2205 ipsis
565 2125 737 2205 competit,
763 2129 798 2188 et
820 2131 978 2190 versatur
996 2127 1084 2192 circa
1103 2145 1144 2192 ea
1159 2147 1234 2211 quae
1248 2128 1399 2210 corporis
1413 2126 1540 2200 labore,

366 2229 471 2294 animi
486 2228 709 2294 sollicitudine
725 2233 955 2314 perficiuntur.
981 2235 1028 2298 De
1051 2236 1182 2316 origine
1206 2236 1295 2300 illius
1316 2235 1543 2298 immunitatis

366 2341 480 2402 actum
499 2341 551 2402 ast
565 2339 601 2401 in
619 2338 667 2401 tit.
683 2358 705 2400 n
715 2338 791 2402 libri
810 2338 863 2402 lll.
880 2339 1008 2406 Relicto
1028 2329 1120 2405 enim
1135 2360 1250 2406 errore
1265 2343 1542 2425 protestantium,

367 2445 425 2530 qui
439 2445 562 2510 docent
578 2445 812 2511 immunitates
836 2448 1079 2514 ecclesiasticas
1103 2455 1216 2514 ortum
1238 2451 1398 2514 babuisse
1419 2448 1545 2514 calar-

366 2553 494 2636 gitione
508 2554 688 2636 potestatis
701 2553 820 2630 civilis,
839 2559 908 2620 tres
916 2555 1095 2620 retulimus
1105 2558 1302 2634 sententias,
1316 2557 1452 2623 etillam
1466 2575 1546 2640 pro·

366 2660 520 2725 bavimus
536 2678 611 2744 quae
631 2662 752 2725 asserit
771 2663 1003 2728 immunitates
1018 2663 1092 2728 illas
1114 2683 1188 2728 esse
1203 2665 1391 2729 formaliter
1411 2664 1544 2747 dejure

367 2769 603 2847 ecclesiastico,
625 2774 660 2833 et
678 2769 979 2836 fundamentaliter
993 2772 1034 2836 de
1046 2776 1124 2856 jure
1140 2773 1255 2838 divino
1270 2778 1305 2837 et
1319 2773 1474 2838 naturali.
1492 2777 1542 2836 Ex

365 2867 1542 2964 bocsequitur,qnodconsuetudocontrariasitirrationabilis,utpote

367 2986 523 3068 opposita
535 2985 600 3068 ipsi
614 2986 774 3066 potestati
794 2985 1028 3050 ecclesiastica
1044 2992 1079 3051 et
1092 2987 1297 3052 ordinationi
1321 2988 1454 3052 divinae.
1478 2987 1545 3053 Sed

367 3095 402 3157 in
420 3091 643 3166 concordatis,
668 3091 723 3155 SS.
749 3092 928 3158 Pontifices
946 3094 1011 3159 bas
1022 3095 1255 3160 immunitates
1270 3101 1544 3179 attemperarunt

367 3219 466 3265 novae
494 3199 696 3266 societatum
716 3199 867 3266 civilium
889 3202 1087 3280 conditioni,
1113 3221 1156 3267 ne
1177 3203 1335 3284 graviora
1358 3210 1547 3284 exsurgant

367 3307 467 3374 mala.

409 3417 438 3498 b)
453 3415 531 3481 Haec
547 3417 744 3481 immunitas
768 3419 924 3482 consistit
938 3420 974 3482 in
987 3420 1109 3502 specie,
1127 3421 1158 3482 1ο
1181 3421 1218 3484 in
1230 3419 1408 3503 privilegio
1422 3419 1486 3485 lori
1511 3425 1547 3484 et

367 3525 585 3607 exemptione
600 3525 642 3589 ab
652 3523 858 3606 obligatione
872 3525 989 3608 legum
1003 3527 1164 3602 civilium,
1181 3531 1220 3590 nt
1234 3527 1304 3590 suis
1318 3527 1401 3592 locis
1416 3527 1546 3592 dictum

368 3637 444 3709 est:
466 3633 499 3696 2·
518 3633 555 3696 in
575 3631 754 3714 privilegio
781 3633 932 3709 canonis,
959 3634 1001 3698 de
1019 3652 1087 3717 quo
1108 3635 1144 3697 in
1164 3632 1250 3698 libro
1264 3634 1301 3709 V,
1327 3635 1376 3697 tit.
1393 3635 1434 3698 de
1447 3633 1544 3698 Sent.

366 3757 528 3804 excomm.
537 3757 551 3820 ;
568 3740 601 3803 3⁰
622 3740 657 3802 in
686 3741 902 3824 exemptione
925 3761 945 3806 a
965 3740 1166 3805 muneribus
1180 3741 1428 3825 personalibus,
1444 3747 1548 3824 prout

368 3852 449 3912 sunt
467 3851 554 3911 taxa
577 3865 652 3931 quae
673 3847 831 3912 dicuntur
854 3849 1086 3933 capitote'ones,
1110 3854 1144 3914 et
1159 3849 1199 3913 de
1214 3850 1277 3914 bac
1291 3849 1418 3914 directe
1434 3850 1548 3931 agitur

367 3955 403 4018 in
419 3955 590 4038 prasenti.
608 3953 688 4020 ldeo
703 3957 866 4040 quaeritur

409 4063 436 4144 c)
455 4063 484 4126 Α
508 4062 627 4146 quibus
649 4063 843 4128 muneribus
865 4065 1014 4150 coempti
1032 4066 1100 4129 sint
1116 4065 1248 4130 clerr'ci?
1268 4065 1368 4148 Rasp.
1392 4064 1548 4147 Exempti

370 4175 466 4235 sunt:
479 4171 541 4234 l⁰a
554 4171 752 4234 muneribus
768 4171 923 4247 sordidis,
941 4177 1068 4236 statum
1084 4171 1273 4237 clericalem
1289 4172 1546 4248 dedecenlibuS,

368 4297 402 4344 v.
419 4295 451 4358 g.
469 4295 574 4341 onera
588 4277 767 4354 fodiendae,
786 4278 992 4342 mundanda
1016 4278 1152 4356 cloecae3
1169 4279 1212 4344 ad
1232 4281 1305 4343 baec
1326 4297 1470 4343 munera
1483 4277 1551 4343 cle-

370 4385 430 4449 rici
445 4403 508 4449 nec
523 4384 665 4465 obligari
679 4391 835 4467 possunt,
851 4403 915 4450 nec
935 4405 976 4451 ea
989 4391 1164 4470 acceptare
1181 4385 1316 4462 debent,
1334 4387 1414 4469 quia
1428 4403 1550 4450 corum

373 4496 501 4555 statum
515 4491 690 4556 dedecent.

409 4599 442 4661 2⁰
457 4600 484 4661 A
498 4600 697 4663 muneribus
711 4600 912 4683 honorificis,
929 4608 967 4666 ut
980 4621 1099 4683 regere
1111 4603 1293 4678 civitatem,
1313 4607 1348 4665 et
1360 4602 1402 4666 ab
1417 4600 1551 4682 indiffe-

371 4705 530 4782 rentibus,
548 4712 585 4772 ut
598 4725 700 4787 agere
716 4713 875 4786 tutorem,
892 4716 1094 4779 curatorem.
1112 4709 1208 4776 Ratio
1224 4715 1286 4786 est,
1302 4711 1381 4793 quia
1394 4728 1456 4793 per
1469 4709 1552 4776 talia
