3510 5574
362 624 423 689 aaa
454 638 458 649 ’
826 643 877 689 rus
898 641 1078 689 canonieus.

362 759 616 835 canonicorum,
629 757 712 824 alias
725 755 878 840 legitime
897 761 1095 822 convocata.
1123 755 1205 821 lnde
1221 756 1300 842 quid
1316 757 1426 840 possit
1438 760 1549 840 major

363 867 419 932 vel
432 867 546 932 minor
558 871 657 951 pars?
673 865 803 931 Sultlcit
817 865 1021 948 regulariter
1035 869 1074 930 ut
1094 867 1207 948 major
1226 883 1305 950 pars
1326 865 1547 948 praesentium

362 977 564 1052 consentiat,
590 976 720 1040 adhoc
735 981 774 1040 ut
794 975 968 1042 conclusio
994 975 1108 1040 valeat
1135 992 1198 1058 pro
1223 973 1383 1040 omnibus
1408 980 1443 1039 et
1464 974 1549 1056 liget

363 1102 485 1148 omnes
502 1103 509 1146 :
527 1083 573 1148 ita
596 1083 826 1148 communiter
848 1083 1016 1148 doctores.
1041 1082 1081 1147 Et
1101 1083 1188 1147 ratio
1213 1087 1276 1158 est,
1293 1082 1373 1168 quia
1393 1081 1549 1148 absoluta

362 1192 539 1276 majoritas
553 1195 724 1267 votorum,
741 1210 820 1256 cum
834 1195 1061 1276 repraesentet
1079 1191 1279 1276 opinionem
1297 1208 1455 1276 personae
1476 1208 1549 1254 mo-

363 1299 459 1378 ralis,
478 1303 556 1385 jure
579 1301 701 1366 dicitur
723 1301 861 1386 capituli
883 1306 1015 1367 votum.
1035 1303 1079 1366 lt
1102 1301 1278 1386 speciatim
1301 1301 1344 1367 ad
1367 1299 1548 1384 quaesitum

362 1409 451 1476 circa
464 1409 633 1475 minorem
648 1413 782 1492 partem
795 1410 1035 1487 reluctantem,
1052 1410 1335 1494 respondendum
1350 1414 1403 1474 est
1419 1429 1426 1471 :

402 1518 435 1582 2⁰
453 1518 531 1583 liaeo
556 1535 636 1602 pars
661 1517 893 1584 contradicere
921 1523 1052 1604 potest,
1077 1518 1105 1584 si
1137 1536 1278 1584 oausam
1311 1517 1549 1582 rationabilem

363 1628 486 1694 sileret
498 1645 643 1712 eamque
660 1629 792 1712 probet,
809 1647 927 1694 coram
942 1627 1120 1713 superiore
1136 1627 1274 1712 capituli
1288 1627 1344 1691 vel
1357 1627 1492 1692 arbitris
1507 1629 1549 1692 etr

357 1735 405 1802 'eo
421 1735 548 1802 electis.
559 1735 699 1802 Gorrstat
711 1755 754 1802 ex
768 1738 870 1822 capt
887 1739 921 1801 h.
938 1741 962 1800 t.
981 1736 1095 1802 Causa
1106 1755 1189 1802 vero
1204 1735 1415 1802 rationabilis
1430 1735 1505 1810 erit,-
1521 1735 1548 1799 si

364 1844 539 1911 decretum
554 1851 675 1929 vergat
687 1845 723 1909 in
741 1845 986 1911 detrimentum
1000 1845 1159 1912 Ecclesiae
1179 1849 1239 1909 aut
1260 1843 1475 1926 singulorum
1496 1862 1550 1908 ca-

364 1953 573 2040 pitularium.
595 1953 628 2016 Si
651 1957 812 2035 vergeret
837 1953 872 2016 in
902 1953 1148 2018 detrimentum
1173 1953 1263 2017 tertii
1287 1952 1456 2026 extranei,
1480 1969 1550 2016 non

363 2062 602 2127 admitteretur
615 2060 797 2146 appellatio
813 2081 820 2124 :
837 2061 1075 2127 contradicens
1093 2066 1209 2126 tamen
1224 2061 1273 2124 uti
1288 2065 1406 2146 posset
1419 2060 1551 2125 denun-

365 2171 504 2235 tiatione
526 2169 723 2253 evangelica
741 2189 858 2237 coram
881 2171 1068 2254 superiore,
1086 2176 1124 2235 ut
1142 2173 1171 2235 is
1186 2175 1364 2256 peccatum
1386 2167 1548 2253 capitula-

364 2278 453 2342 n'um
484 2279 655 2344 emendet.
673 2278 901 2344 contradictio
925 2277 1109 2363 aliquando
1141 2279 1241 2347 debet
1269 2297 1346 2343 esse
1372 2295 1549 2361 expressa,

364 2386 547 2472 aliquando
570 2387 695 2452 suitloit
709 2389 821 2452 tacita.
838 2387 946 2452 Debet
968 2406 1045 2454 esse
1071 2407 1234 2472 expressa
1250 2389 1278 2452 si
1299 2391 1422 2470 agatur
1444 2385 1486 2450 de
1511 2385 1551 2448 iis

364 2495 496 2560 actibus
512 2495 547 2562 in
569 2497 692 2580 quibus
711 2496 834 2562 tacitus
852 2515 1043 2562 consensus
1066 2497 1191 2562 suflicit
1209 2497 1252 2562 ad
1270 2496 1439 2572 valorem;
1463 2498 1498 2560 at
1516 2495 1550 2557 in

365 2601 431 2667 illis
454 2604 585 2669 actibus
600 2605 659 2689 qui
674 2605 819 2687 exigunt
833 2624 1035 2690 expressum
1047 2623 1267 2683 consensum,
1283 2624 1352 2670 non
1367 2603 1552 2688 requiritur

366 2731 529 2796 expressa
555 2713 792 2791 contradictio,
819 2714 879 2780 sed
904 2715 1030 2780 suflicit
1053 2715 1169 2792 tacita3
1191 2715 1228 2779 in
1251 2716 1318 2780 hoc
1341 2713 1434 2778 enim
1456 2731 1549 2788 casu,

366 2825 482 2885 tacens
503 2839 573 2886 non
594 2821 740 2886 habetur
755 2841 817 2906 pro
832 2823 1086 2900 consentiente3
1104 2823 1186 2888 dum
1200 2823 1235 2888 in
1249 2823 1371 2908 primo,
1388 2839 1450 2906 pro
1471 2839 1551 2885 con-

366 2928 536 2993 sentiente
552 2929 669 2995 haheri
686 2930 798 3007 debet,
817 2949 896 2998 oum
910 2931 1142 2996 contradicere
1166 2935 1334 3006 teneatur,
1355 2933 1394 2994 ut
1408 2947 1478 2994 uon
1492 2929 1562 2992 ilat'

367 3037 536 3122 particeps
550 3041 678 3122 peccati
692 3040 932 3125 capitularium
947 3059 1017 3107 non
1033 3045 1124 3106 recte
1138 3040 1326 3122 agentium.
1357 3045 1359 3048 ’

791 3427 1005 3503 TITULUS
1036 3427 1124 3501 xli.

444 3603 482 3649 UT
504 3599 733 3650 acclesissrtcs
757 3603 915 3650 nannetem
937 3603 1002 3648 stra
1026 3603 1223 3652 ntatnurtotta
1245 3600 1474 3652 muraenarum

409 3912 506 3976 Reno
528 3929 674 3974 narnien.
692 3908 784 3974 inter
798 3914 894 3975 actus
908 3910 1122 3994 capitulares,
1138 3929 1208 3977 non
1228 3911 1368 3976 iniimus
1383 3917 1436 3977 est
1452 3913 1553 3978 bene

369 4019 524 4088 liciorum
551 4017 702 4094 collatio;
728 4037 831 4102 porro
856 4021 930 4084 haec
957 4019 1093 4085 collatio
1116 4021 1159 4085 ad
1186 4021 1383 4104 episcopum
1407 4026 1442 4085 et
1464 4021 1554 4105 capi-

370 4129 481 4194 tulum
503 4127 666 4211 pertinet,
691 4125 746 4191 vel
770 4125 900 4191 saltem*
914 4126 958 4192 ad
983 4128 1182 4212 episcopum
1205 4147 1284 4193 oum
1306 4145 1478 4193 consensu
1498 4129 1555 4193 vel

369 4235 510 4302 consilio
534 4232 688 4318 capituli,
713 4239 751 4297 ut
774 4237 869 4316 patet
892 4251 935 4298 ex
960 4233 1067 4298 dictis.
1090 4235 1172 4300 Inde
1198 4235 1332 4301 rubrica
1355 4235 1444 4300 tituli
1469 4255 1555 4319 prae-

370 4343 486 4420 sentis,
503 4343 560 4427 qui
576 4342 770 4426 superiores
785 4341 946 4425 complet.
963 4341 1041 4408 llaec
1055 4341 1174 4426 regula
1190 4347 1242 4408 est
1253 4344 1459 4426 justissime3
1474 4363 1554 4408 nam
1570 4381 1573 4388 ·

369 4471 449 4516 cum
473 4451 679 4516 beneficium
709 4449 809 4515 detur
833 4453 973 4534 propter
1000 4451 1166 4528 osticium,
1184 4471 1322 4536 aequum
1347 4457 1460 4518 estut
1482 4457 1554 4517 toto

371 4560 482 4626 oissoio
505 4559 548 4626 ad
570 4558 732 4624 clericum
753 4563 969 4635 transeunte,
987 4561 1092 4626 etiam
1115 4565 1227 4626 totum
1249 4561 1455 4627 beneficium
1480 4561 1554 4626 sinc

370 4670 597 4735 diminutione
621 4667 664 4735 ad
688 4669 787 4734 ilium
810 4675 973 4736 transeat.
998 4671 1126 4736 Deinde
1153 4671 1291 4754 expedit
1313 4676 1351 4736 ut
1372 4671 1554 4738 collatores

278 4807 281 4814 λ
370 4779 615 4846 beneficiorum
629 4795 691 4864 pro
706 4795 772 4844 suo
788 4797 998 4866 suorumque
1013 4779 1195 4847 commodo
1210 4781 1377 4848 beneflcio
1391 4799 1461 4847 non
1478 4772 1554 4864 gra-
