3504 5566
363 512 422 575 171
756 521 760 528 “
824 527 875 574 tus
894 527 1074 574 canonicus.

362 645 569 717 estimabitur,
587 652 736 721 quatenus
758 645 873 718 absque
894 645 1018 719 probato
1043 644 1178 720 legitimo
1202 642 1426 718 impedimento,
1450 645 1537 706 istam

362 750 482 810 quoqne
496 736 687 810 posthaberet
702 736 932 795 intimationem.

398 829 481 885 xxv.
494 827 524 885 Si
548 831 728 900 compareat,
753 826 874 886 auditur
890 827 922 884 in
937 825 1095 895 examina;
1116 829 1147 882 et
1171 829 1323 898 quatenus
1348 823 1539 884 inductiones

362 915 452 975 faciat
465 917 594 991 aliquus
608 907 762 986 momenti,
779 915 888 974 debent
902 916 979 985 istae,
995 921 1140 988 quantum
1154 914 1219 973 fleri
1227 920 1336 988 potest,
1352 914 1512 974 exhauriri.

397 1005 493 1062 Xllvl.
506 1003 679 1062 Proceditur
693 1003 763 1062 inde
776 1003 814 1063 ad
829 1003 1078 1062 contestationem
1098 1002 1167 1062 sacti
1188 1002 1344 1062 criminosi
1366 1008 1396 1062 et
1416 1002 1537 1062 conclu·

362 1093 484 1154 sianum
504 1094 685 1166 habitarum,
701 1093 738 1152 ad
754 1091 943 1152 retinendum
957 1097 1132 1151 accusatum
1147 1091 1344 1151 criminosum
1359 1093 1536 1166 lapsumque

362 1184 394 1244 ia
408 1183 540 1243 relativis
554 1184 654 1258 poenis
669 1183 834 1242 canonicis.

396 1276 503 1333 llllllll.
518 1276 615 1343 Quum
630 1281 803 1345 accusatus,
818 1274 870 1332 tali
885 1274 984 1344 modo,
997 1273 1105 1331 habeat
1119 1272 1238 1346 plenam
1252 1272 1454 1348 cognitionem
1468 1273 1535 1345 ejus

361 1364 440 1436 quod
462 1364 494 1422 in
509 1364 584 1424 actis
602 1369 699 1423 exstat
720 1369 825 1422 cantra
848 1379 891 1435 se,
907 1363 986 1422 ultra
999 1363 1080 1435 quod
1095 1363 1277 1436 respondere
1292 1365 1400 1436 possit,
1412 1363 1480 1436 jure
1503 1378 1536 1424 se

361 1453 539 1512 defendendi
554 1469 572 1512 a
586 1455 749 1528 semetipso
760 1454 850 1512 etiam
865 1453 908 1511 uti
920 1453 1006 1512 ualet.

396 1545 516 1602 llllVlll.
532 1547 634 1602 Potest
654 1559 785 1617 quoque,
801 1543 828 1601 si
845 1543 874 1600 id
890 1548 1020 1615 expetat,
1039 1542 1174 1602 obtinere
1193 1544 1397 1616 praeririonem
1418 1543 1535 1600 termini
1551 1589 1553 1593 .

360 1634 397 1692 ad
425 1633 622 1692 exhibendam
655 1631 860 1693 defensionem
897 1647 966 1690 cum
992 1633 1137 1691 memoria
1164 1633 1197 1690 in
1223 1627 1356 1708 scriptis
1388 1633 1537 1705 precipua

360 1722 481 1796 quando
495 1723 534 1781 ob
556 1723 784 1798 dispositionem
811 1727 866 1780 art.
892 1723 974 1780 lllllll
995 1721 1162 1794 nequiverit
1183 1725 1306 1794 paratus
1325 1736 1395 1782 asse
1416 1721 1454 1780 ad
1474 1735 1536 1780 res-

360 1825 459 1884 ponsa
474 1826 528 1884 pro
544 1825 600 1870 sua
614 1812 820 1870 excusatione.

396 1904 490 1960 llillll.
513 1901 634 1975 Expleta
652 1917 807 1974 processu,
827 1906 961 1960 actorum
980 1901 1143 1960 instructor
1160 1902 1332 1960 restrictum
1355 1901 1536 1960 1111111111-

361 1992 534 2052 sentialium
543 1993 774 2052 conclusionum
785 1993 930 2067 ejusdem.

395 2083 477 2139 llllll.
493 2083 526 2140 11
541 2081 589 2140 die
604 2097 665 2154 qua
678 2096 772 2141 causa
786 2081 973 2154 proponitur,
990 2088 1037 2140 est
1049 2081 1080 2140 in
1096 2081 1235 2139 facultate
1253 2083 1385 2140 accusati
1407 2080 1535 2140 faciendi

362 2186 394 2230 sc
408 2176 623 2244 representare
635 2176 665 2228 et
678 2171 838 2230 defendere
851 2169 889 2229 ab
904 2170 963 2229 alio
977 2171 1130 2230 sacerdote
1144 2176 1197 2229 aut
1215 2171 1291 2230 laico
1306 2171 1534 2242 patrocinatam,

360 2265 448 2319 antea
461 2259 633 2334 approbatis
647 2260 685 2319 ab
699 2261 861 2320 ordinario.

396 2352 490 2410 Xlllll.
504 2353 659 2422 Quatenus
665 2357 835 2424 praeventus
845 2353 1026 2412 constituere
1037 2351 1226 2411 defensorem
1235 2357 1352 2422 renuat,
1366 2352 1536 2412 ordinarius

361 2439 493 2500 consulit
507 2439 717 2500 constituendo
729 2441 859 2514 aliquam
875 2457 912 2500 ex
927 2441 1036 2501 officio.

397 2531 502 2588 llllllll.
519 2530 664 2590 Defensor
677 2535 763 2589 caute
778 2531 915 2590 notitiam
930 2525 1031 2590 haurit
1044 2547 1209 2604 processus
1229 2539 1259 2592 ct
1275 2533 1404 2591 restricti
1420 2533 1451 2590 iu
1466 2547 1536 2591 can·

362 2619 491 2690 cellaria,
505 2626 539 2678 ut
553 2627 675 2692 paratus
691 2621 731 2678 sit
745 2620 781 2679 ad
802 2621 1010 2682 defensionem
1031 2624 1243 2698 peragendam,
1258 2637 1326 2696 qua
1340 2621 1415 2680 alias
1430 2637 1536 2694 propo

362 2707 433 2766 sitio
447 2722 547 2768 causae
560 2707 693 2766 exhiberi
704 2714 802 2782 potest
816 2710 848 2767 in
860 2710 993 2783 scriptis.
1005 2714 1072 2783 lpse
1087 2726 1207 2784 quoque
1219 2710 1378 2784 subjicitur
1392 2709 1476 2769 oneri
1488 2724 1533 2769 se-

362 2798 434 2856 creti
446 2797 551 2871 jurati,
566 2804 716 2871 quatenus
727 2798 880 2858 ordinario
891 2799 1028 2859 videatur
1041 2799 1170 2858 indolem
1184 2814 1284 2858 causas
1294 2799 1324 2857 id
1335 2799 1534 2872 expostulare.

397 2889 516 2946 lllllllll.
531 2887 753 2948 transmittitur
760 2888 830 2947 dein
840 2889 1027 2961 procuratori
1041 2887 1137 2948 fiscali
1147 2903 1311 2962 processus
1324 2895 1353 2946 et
1366 2889 1535 2959 restrictus,

364 2982 398 3034 ut
411 2991 535 3036 munere
544 2993 600 3036 suo
610 2992 648 3036 11
659 2977 757 3050 officio
769 2978 926 3052 fungatur;
940 2986 1066 3052 uterque
1081 2978 1232 3036 ordinario
1241 2978 1378 3048 traditur,
1387 2979 1439 3051 qui
1449 2978 1536 3050 plena

362 3080 462 3124 causas
476 3067 649 3140 cognitione
669 3067 787 3139 adepta,
800 3067 879 3126 diem
894 3067 1052 3126 constituit
1065 3069 1096 3126 in
1111 3081 1172 3141 qua
1192 3067 1387 3141 disceptanda
1401 3073 1430 3124 et
1443 3065 1535 3126 resol-

362 3154 457 3213 venda
470 3155 520 3226 sit,
536 3169 646 3214 curans
660 3159 694 3213 ut
707 3161 870 3216 accusatus
885 3157 994 3214 certior
1008 3156 1045 3214 de
1059 3155 1117 3215 boc
1130 3156 1191 3214 liat.

397 3247 516 3304 lllllllV.
538 3245 591 3302 Die
619 3245 781 3306 constituta
805 3233 990 3318 'proponitur
1013 3260 1106 3304 causa
1129 3259 1229 3304 coram
1255 3246 1366 3304 vicario
1393 3243 1535 3318 generali,

362 3335 612 3394 interessentibus
629 3341 821 3408 procuratore
836 3335 941 3407 fiscali,
956 3336 1114 3396 defensore
1127 3341 1157 3394 et
1170 3335 1357 3395 cancellario.

397 3427 502 3484 xxxv.
517 3428 589 3483 Post
600 3429 704 3483 votum
719 3425 924 3498 procuratoris
934 3425 1001 3485 fisci
1013 3433 1042 3483 et
1051 3425 1246 3484 deductiones
1258 3425 1456 3496 defensionis
1470 3441 1537 3498 pro·

363 3513 456 3571 fertur
468 3513 627 3583 sententia,
644 3511 783 3572 dictando
797 3513 1004 3586 dispositivam
1016 3514 1205 3586 cancellario,
1219 3529 1288 3573 cum
1301 3514 1441 3586 explicita
1456 3529 1537 3572 men·

363 3603 457 3674 tione,
477 3603 509 3662 in
529 3617 602 3662 casu
621 3603 836 3674 damnationis,
851 3604 1003 3663 canonicae
1017 3605 1194 3673 sanctionis
1212 3610 1352 3662 accusato
1370 3605 1535 3678 applicatae.

397 3695 516 3752 xxxvl.
533 3693 687 3752 Sententia
700 3692 843 3752 indicitur
855 3699 1016 3765 prevento,
1032 3693 1084 3766 qui
1105 3693 1334 3766 appellationem
1349 3694 1537 3766 interponere

364 3789 462 3857 potest
475 3783 512 3842 ad
527 3783 735 3842 auctoritatem
750 3782 985 3841 ecclesiasticam
1000 3783 1196 3856 superiorem.

397 3875 528 3932 llllllVll.
545 3877 600 3932 Pro
615 3873 813 3946 appellatione
834 3879 992 3931 servantur
1009 3887 1122 3932 normas
1144 3879 1264 3932 statutae
1286 3889 1305 3932 a
1322 3874 1538 3934 constitutione

363 3962 408 4022 ld
421 3961 587 4022 militanter
602 3977 629 4020 s.
654 3977 694 4022 m.
710 3963 820 4020 Bened.
835 3965 907 4032 lllv,
927 3967 962 4020 30
980 3963 1079 4020 martii
1098 3967 1178 4034 1742,
1201 3963 1327 4037 alteque
1342 3970 1485 4022 emanata
1501 3962 1538 4020 ab

364 4052 420 4110 hac
442 4055 471 4110 S.
495 4053 743 4126 congregatione,
758 4052 877 4112 decreto
894 4056 926 4112 l8
945 4052 1112 4112 decembris
1140 4057 1208 4110 ¹835
1229 4059 1258 4113 et
1281 4053 1379 4112 littera
1400 4053 1538 4114 circulari

364 4141 423 4200 disi
439 4148 450 4200 1
465 4141 588 4216 augusti
604 4145 668 4202 1851
688 4141 736 4216 (1).

398 4336 433 4401 (1)
447 4335 592 4388 1111111111
611 4345 663 4386 sno
674 4343 767 4388 csnsrs
784 4343 987 4386 caruissemus.
1002 4329 1062 4385 Noa
1082 4334 1120 4386 its
1133 4335 1239 4400 pridem
1253 4351 1270 4388 e
1284 4335 1311 4388 s.
1328 4337 1538 4403 ccngsgmona

366 4407 479 4472 negotiis
500 4411 527 4457 st
544 4405 783 4458 consultationibus
800 4405 984 4470 cpiscoporum
1005 4409 1032 4456 st
1046 4406 1209 4470 regularium
1231 4409 1380 4473 praeposita
1400 4407 1538 4460 nonnulla

366 4475 466 4542 regulas
483 4477 635 4542 prescripta
652 4477 761 4527 luerunt
776 4488 826 4541 pro
842 4479 914 4526 reeta
934 4480 960 4525 at
979 4477 1103 4540 expedita
1118 4477 1272 4530 delinitione
1291 4494 1431 4531 musarum
1450 4481 1537 4531 crimi-

366 4550 656 4615 autumna-arants
671 4549 865 4614 cpiscoporum,
877 4547 921 4598 vel
931 4547 1127 4599 ordinariorum
1135 4549 1169 4600 sd
1183 4552 1303 4602 camdem
1317 4551 1344 4605 S.
1354 4551 1539 4618 Congrogstio.

367 4633 429 4672 nam
443 4622 471 4672 in
489 4622 574 4686 gradu
586 4620 770 4686 appellationis
784 4619 949 4670 deferuntur.
968 4617 1156 4684 Quasquidem
1169 4623 1390 4688 proscriptiones,
1411 4625 1538 4689 quoniam

368 4693 556 4761 impedimenta
574 4695 678 4748 sublata
698 4697 761 4746 sunt
779 4707 839 4759 qua
857 4691 948 4757 aliqua
964 4705 998 4744 ox
1010 4697 1085 4756 parts
1099 4705 1191 4745 aarum
1204 4695 1369 4748 11111111οηί
1382 4696 1539 4761 interposita
