3510 5574
362 571 422 637 204
822 585 874 632 ros
894 584 1075 633 cananaea.

336 707 517 795 ¹percotis
551 705 687 772 licentio
713 705 858 791 episcopi
883 703 1105 790 impetretur?
1129 703 1238 786 Negat
1265 703 1434 770 [lavamus
1461 721 1541 770 cum

362 817 495 902 paucis;
512 816 573 880 sed
591 815 733 880 omnino
748 814 897 878 tenenda
915 817 969 878 est
983 813 1154 882 sententia
1173 814 1360 889 aillrmans,
1377 833 1453 898 quse
1473 814 1541 878 sui-

362 927 517 990 llcienter
540 923 711 1005 colligitur
734 941 776 986 ex
795 921 882 986 Trid.
906 921 969 986 loe.
991 921 1060 996 cit,
1084 921 1142 985 ubi
1164 922 1371 1004 generaliter
1390 921 1543 988 decernit

365 1033 682 1118 «quandocumque
700 1035 837 1096 curatos
853 1032 973 1096 abesae
986 1030 1177 1112 contigerit,
1194 1030 1229 1094 id
1250 1031 1310 1096 liat
1325 1049 1428 1096 causa
1448 1032 1541 1115 prius

364 1161 426 1226 per
444 1142 641 1225 episcopum
658 1141 795 1222 cognita
814 1143 848 1203 et
866 1142 1053 1225 approbata
1064 1163 1092 1202 c.
1113 1138 1280 1204 Craterum
1300 1141 1365 1205 hcc
1380 1158 1542 1224 expresse

366 1249 556 1316 declaratur
569 1268 591 1314 a
605 1249 728 1332 Congr.
745 1249 844 1315 Gonc.
867 1269 921 1315 an.
939 1251 1018 1316 1573
1040 1253 1094 1336 (1),
1106 1269 1183 1336 quoe
1193 1249 1369 1334 respondit
1376 1249 1543 1336 parochos

365 1359 478 1423 edesse
500 1377 568 1421 non
576 1375 676 1442 posse
698 1358 747 1424 od
763 1357 991 1424 decernentes
1010 1361 1082 1424 sinc
1103 1360 1249 1444 episcopi
1277 1357 1422 1423 licentio.
1448 1355 1543 1422 Unde

364 1467 454 1533 inter
476 1467 668 1532 absentiam
682 1465 725 1532 ad
742 1465 829 1532 duos
843 1485 981 1532 menses
997 1471 1032 1532 et
1052 1467 1301 1532 diuturniorem
1321 1467 1386 1532 hcc
1402 1465 1544 1531 interce·

366 1576 415 1641 dit
430 1575 623 1652 discrimen,
645 1574 737 1659 quod
751 1575 788 1639 in
809 1575 959 1641 secundo
980 1593 1072 1654 casu,
1091 1579 1216 1660 praeter
1233 1591 1376 1658 gravem
1391 1591 1541 1651 causam,

365 1683 503 1748 licentia
523 1683 558 1746 in
578 1683 710 1766 scriptis
735 1683 814 1748 data
835 1683 1038 1768 requiratur,
1057 1683 1139 1749 dum
1160 1684 1320 1768 inprime
1335 1683 1545 1747 suflicitore

366 1795 467 1856 tenus
482 1790 561 1856 data
580 1794 615 1854 et
628 1808 732 1856 causa
748 1793 853 1874 justa,
874 1790 954 1856 licet
966 1792 1081 1874 gravis
1097 1809 1167 1858 non
1184 1791 1236 1869 eit,
1258 1789 1353 1856 velut
1366 1789 1546 1856 recreatio-

366 1899 419 1965 nis
434 1905 469 1966 et
486 1892 647 1964 visitandi
667 1899 889 1984 propinquos.
910 1899 1082 1984 Excipitur
1099 1901 1128 1964 si
1143 1905 1279 1984 tempus
1298 1900 1342 1964 sit
1355 1899 1543 1974 modicum3

367 2025 448 2074 nam
463 2007 506 2072 ad
524 2006 698 2072 modicum
721 2012 857 2092 tempus
876 2008 1046 2092 parochus
1065 2009 1185 2073 abessa
1207 2011 1331 2090 potest,
1351 2009 1454 2073 etiam
1476 2025 1546 2072 non

366 2115 473 2198 petita
495 2115 643 2198 episcopi
665 2113 816 2191 licentia;
849 2115 978 2180 etenim
1003 2133 1125 2199 parum
1148 2133 1210 2198 pro
1232 2115 1338 2181 nihilo
1357 2118 1543 2199 reputatur.

366 2223 610 2288 Verumtamen
624 2241 765 2290 necesse
781 2228 834 2288 est
847 2227 887 2287 ut
899 2223 1038 2288 interim
1055 2221 1197 2289 ecclesia
1216 2223 1366 2289 notabile
1384 2222 1547 2289 damnum

368 2349 438 2396 non
457 2333 605 2415 patiatur
616 2332 709 2414 (Vide
726 2331 852 2398 Bened.
869 2331 950 2408 xlv,
967 2331 1050 2397 last.
1067 2332 1143 2396 eccl.
1161 2332 1211 2408 17,
1228 2351 1262 2398 n.
1284 2333 1333 2408 11,
1363 2331 1547 2418 quinarias

372 2441 472 2506 affert
485 2439 732 2506 declarationes
748 2440 780 2503 S.
799 2440 920 2522 Gongr.
939 2439 1064 2524 Cone).

405 2549 439 2612 3⁰
455 2547 556 2630 Quod
573 2556 704 2634 tompus
727 2557 904 2614 censeatur·
926 2549 1124 2616 modicum?
1140 2549 1309 2633 Respectu
1333 2550 1546 2616 diversorum

369 2657 539 2732 locorum,
568 2659 776 2720 statutorum
805 2661 840 2721 et
870 2675 1096 2741 personarum
1128 2657 1356 2724 diversimode
1386 2657 1547 2723 aestimari

370 2764 481 2830 debet.
511 2764 549 2828 ln
573 2765 627 2828 his
653 2764 878 2842 consuetudo,
908 2767 1039 2852 optima
1064 2765 1182 2848 legum
1209 2767 1387 2852 interpres,
1416 2771 1470 2832 est
1496 2785 1548 2831 se-

371 2873 516 2958 quenda.
544 2871 610 2938 Sed
635 2874 666 2936 1ο
687 2872 732 2938 ad
754 2873 945 2938 absentiam
967 2873 1068 2938 unius
1100 2875 1335 2951 hebdomadae,
1365 2876 1549 2960 requiritur

369 2981 506 3046 licentia
527 2981 687 3064 episcopi,
711 3001 755 3046 ex
772 2981 910 3065 speciali
932 2982 1158 3050 declaratione
1181 2983 1302 3065 Gongr.
1324 2983 1458 3050 Gonni
1481 2988 1546 3049 oct:

371 3089 465 3166 16043
481 3089 513 3152 i·
526 3091 625 3172 juxta
639 3089 777 3168 multos,
796 3089 908 3175 qrioad
923 3092 1114 3156 absentiam
1128 3091 1218 3156 ultra
1231 3091 1384 3167 biduum,
1401 3093 1549 3176 require·

370 3203 465 3264 retur
479 3197 583 3262 etiam
607 3197 768 3280 praedicta
790 3197 938 3264 licentia.
959 3199 1002 3263 llt
1023 3203 1155 3264 certum
1179 3205 1231 3264 est
1255 3201 1346 3285 quod
1370 3199 1549 3285 episcopus

371 3307 550 3390 probibere
562 3307 672 3390 possit
683 3307 827 3372 neultra
838 3307 981 3373 biduum
992 3309 1105 3374 absint
1118 3309 1257 3393 parochi
1273 3311 1402 3394 absque
1413 3307 1550 3373 licentia

371 3415 465 3498 prius
480 3415 629 3480 obtenta.
646 3415 769 3501 Nequit
777 3417 881 3482 etiam
894 3417 1062 3501 parochus
1072 3419 1192 3482 abesse
1206 3421 1373 3483 nocturno
1381 3423 1546 3500 tempore,
1601 3503 1603 3506 Ι
1734 3455 1735 3476 t

373 3523 476 3587 etiem
491 3523 519 3586 si
534 3523 694 3590 diuturno
705 3529 858 3609 tempore
871 3529 1010 3591 maneat
1023 3525 1059 3589 in
1068 3526 1226 3609 perrecin,
1241 3531 1300 3590 ant
1311 3525 1472 3603 vicissim,
1486 3525 1549 3590 etsi

375 3630 539 3696 vicarium
553 3631 717 3698 idoneum
731 3633 906 3718 reliquerit
922 3633 964 3717 (S.
980 3631 1101 3716 Congr.
1119 3632 1217 3699 Cone.
1231 3635 1269 3700 10
1283 3633 1364 3699 maii
1378 3634 1480 3712 1681).

640 3881 721 3954 §lt
743 3881 848 3940 dcccco
866 3857 1045 3940 cccccccccc
1064 3895 1085 3944 a
1102 3879 1277 3939 recidentia.

414 4069 438 4132 l.
457 4069 556 4136 Cone.
574 4069 661 4135 Trid.
679 4073 775 4152 (sess.
791 4071 842 4148 13,
861 4087 889 4136 c.
907 4070 936 4154 1)
953 4075 1098 4154 quatuor
1113 4075 1296 4154 sequentes
1310 4069 1475 4153 agnovit:

416 4179 448 4260 o)
468 4177 581 4244 Prima
602 4183 654 4244 est
668 4179 853 4244 christiaco
871 4179 1029 4257 ebaritas,
1047 4182 1087 4241 ut
1101 4177 1129 4241 si
1144 4179 1220 4263 quis
1234 4179 1343 4244 abiret
1354 4177 1397 4243 ad
1412 4193 1551 4242 conver-

241 4339 243 4344 .
376 4285 508 4350 sionem
531 4287 614 4352 certi
637 4287 754 4371 populi
775 4287 817 4352 ab
841 4286 978 4362 haeresi,
1003 4287 1046 4351 ad
1071 4303 1189 4370 pacem
1215 4285 1305 4351 inter
1324 4285 1494 4370 principes
1518 4287 1552 4347 ct

376 4401 554 4477 magnates
574 4395 859 4480 componendam,
877 4395 934 4460 vel
948 4395 991 4460 ad
1006 4395 1274 4461 succurrendum
1289 4395 1385 4460 alteri
1404 4391 1552 4458 necessi-

376 4505 436 4570 tati
461 4503 636 4588 spirituali.
660 4505 698 4568 ln
718 4505 772 4570 his
798 4509 913 4570 tamen
935 4505 1080 4580 casibus,
1104 4503 1172 4569 duo
1196 4508 1277 4568 sunt
1300 4502 1492 4568 necessaria
1513 4505 1552 4565 ut

408 4746 441 4810 (1)
459 4745 535 4811 Apud
548 4744 647 4797 Bened.
663 4745 726 4810 XlV,
743 4743 875 4796 intimet.
892 4746 930 4807 ll,
948 4758 975 4794 n.
993 4745 1030 4796 lo.
