3504 5566
334 607 393 672 tto
790 627 842 674 rus
863 625 1042 672 canonieus.

333 743 433 804 locum
451 749 482 804 et
506 743 587 804 diem
606 745 804 805 constitutum
827 743 864 804 ed
887 743 1051 804 consilium
1071 743 1242 804 babendum
1265 743 1400 816 advocet,
1414 760 1505 822 expo

334 848 421 905 nens,
445 833 504 894 nisi
525 834 684 908 prudentia
706 839 795 906 vetat,
815 835 860 894 uti
883 834 915 894 in
929 849 1001 895 casu
1025 835 1160 896 oriminis
1183 834 1304 908 occulti,
1327 851 1452 897 causam
1468 837 1505 898 ad

333 922 530 996 dejectionem
546 929 726 993 moventem,
739 937 793 998 per
812 929 982 994 extensum,
996 939 1184 999 monensque
1198 925 1299 1001 lpsum
1315 931 1460 986 rectorem
1474 933 1508 986 ut

333 1027 513 1086 responsum
530 1014 596 1072 suis
610 1013 778 1074 rationibus
793 1015 952 1074 sutlultnm
970 1015 1006 1076 nd
1026 1030 1062 1074 aa
1080 1022 1224 1091 praparat
1244 1017 1507 1092 inscriptaque

332 1103 364 1162 in
379 1119 479 1163 causa
496 1104 683 1178 expositione
701 1103 746 1162 vel
765 1105 827 1179 jam
843 1109 931 1164 antea
944 1111 1097 1178 oretanus,
1111 1107 1157 1168 vel
1179 1111 1251 1169 tunc
1265 1107 1296 1168 in
1313 1107 1506 1185 scriptisve·

332 1194 392 1254 lata
406 1194 527 1254 luerint.

368 1288 402 1344 V.
419 1283 674 1346 convenientibus
688 1285 873 1346 consiliariis
892 1290 1024 1361 tempore
1044 1292 1074 1346 et
1087 1287 1153 1347 loco
1171 1287 1339 1361 pronatus,
1355 1289 1508 1364 praecipiat

333 1374 494 1448 episcopus
516 1375 670 1436 silentium
694 1375 875 1435 servandum
905 1375 942 1434 de
967 1377 1005 1436 iis
1030 1391 1097 1450 qun
1113 1377 1145 1435 in
1169 1377 1296 1438 consilio
1319 1379 1504 1450 audiantur;

333 1471 453 1524 moneat
469 1465 733 1542 investigationem
754 1481 814 1524 non
830 1479 897 1525 essa
921 1475 1096 1539 processum
1119 1467 1303 1540 judicialem,
1319 1470 1372 1528 sed
1397 1484 1433 1526 eo
1448 1469 1507 1529 tlne

332 1554 475 1624 habitam,
491 1559 520 1612 et
538 1571 574 1614 eo
597 1555 686 1614 rnodo
709 1555 887 1626 taciendam,
900 1561 934 1615 ut
948 1555 986 1616 ad
1003 1556 1206 1630 cognitionem
1227 1557 1363 1617 veritatis
1381 1559 1509 1634 diligen·

333 1643 401 1704 tiori
416 1659 477 1717 qua
486 1644 595 1718 poterit
609 1645 724 1704 ratione
736 1646 937 1720 perveniatur,
947 1645 1021 1706 adeo
1035 1650 1069 1704 ut
1082 1647 1296 1721 unusquisque
1304 1647 1508 1719 consiliarius,

333 1735 488 1810 perpensis
511 1736 664 1802 omnibus,
688 1735 860 1809 opinionem
883 1736 920 1794 de
941 1735 1065 1795 verimta
1097 1737 1243 1798 tactorum
1277 1737 1389 1810 quibus
1417 1751 1510 1798 causa

333 1825 482 1897 innititur,
498 1825 655 1885 eilormara
670 1841 760 1900 quam
783 1831 922 1884 accurate
942 1825 1050 1900 possit.
1071 1828 1188 1886 iloneat
1206 1825 1296 1884 etiem
1317 1841 1356 1884 ne
1378 1825 1450 1900 quid
1477 1827 1508 1886 in

334 1914 566 1989 investigatione
580 1915 642 1986 liat,
658 1915 739 1988 quod
754 1921 806 1974 eut
821 1916 916 1988 ipsos,
931 1922 984 1974 aut
997 1915 1086 1986 alios,
1101 1916 1235 1989 periculo
1253 1915 1356 1974 damni
1370 1915 1417 1974 vel
1440 1930 1526 1991 gru·¹

333 2004 464 2064 vaminis
484 2011 623 2078 exponat,
638 2005 806 2078 presertim
829 2019 867 2064 nc
889 2006 974 2064 locus
989 2005 1199 2064 daturactioni
1223 2004 1315 2064 libelli
1330 2005 1449 2077 famosi,
1463 2007 1510 2065 val
1607 2043 1612 2052 -

334 2094 384 2154 atii
399 2094 581 2172 cuicumque
594 2096 752 2170 processui
767 2111 867 2156 coram
882 2095 1026 2156 tribunali
1044 2097 1135 2155 civili.

371 2189 416 2246 Vl.
442 2187 555 2246 lielutio
570 2201 671 2247 causae
686 2188 804 2262 legatur
822 2202 923 2247 coram
944 2187 1074 2247 consilio
1088 2187 1126 2246 ab
1148 2188 1283 2262 episcopi
1299 2187 1431 2258 olllciali,
1458 2185 1510 2261 qui

335 2275 423 2334 etiam
437 2275 473 2334 ad
490 2277 744 2350 interpellationes
753 2278 948 2350 respondebit
961 2292 980 2336 a
994 2278 1121 2350 preside
1135 2278 1182 2336 vel
1197 2278 1234 2336 ab
1248 2278 1316 2338 aliis
1329 2276 1511 2336 consiliariis

335 2381 388 2441 per
402 2366 561 2438 praesidem
576 2367 729 2426 iaciendas
744 2368 781 2427 ad
796 2367 966 2428 uberiorem
980 2370 1024 2427 rei
1040 2369 1176 2429 notitiam
1192 2368 1424 2442 assequendam.

370 2457 428 2512 Vll.
445 2455 558 2514 Deinde
576 2456 608 2514 in
624 2457 784 2516 consilium
800 2457 1009 2518 introducetur
1029 2462 1128 2518 rector
1142 2457 1365 2528 missionarius,
1386 2457 1437 2530 qni
1451 2471 1513 2517 res·

335 2559 465 2618 pensum
487 2561 505 2604 a
525 2561 557 2604 se
573 2547 743 2606 coniectum
757 2548 846 2624 leget,
862 2553 892 2607 et
913 2551 949 2608 ad
964 2548 1219 2623 interpellationes
1235 2547 1373 2607 similiter
1388 2561 1511 2620 respon·

334 2636 426 2707 debit,
444 2637 522 2696 laeto
536 2637 594 2710 ipsi
609 2638 697 2712 plena
717 2640 857 2700 facultate
881 2656 917 2700 ea
934 2641 1035 2700 cronia
1057 2643 1088 2699 in
1110 2641 1241 2700 medium
1256 2639 1411 2710 alterandi,
1434 2639 1513 2704 intra

338 2731 456 2800 tempus
466 2733 565 2786 tamen
576 2729 1008 2804 tconsiliodeterminandunr,
1017 2745 1085 2805 quaa
1094 2732 1131 2790 ad
1144 2729 1295 2804 propriam
1305 2728 1510 2788 defensionem

337 2815 472 2876 conterre
487 2825 625 2892 possunt.
1517 2809 1518 2814 ’

373 2907 443 2964 thl.
470 2906 500 2966 Si
522 2909 680 2984 contingat
700 2915 844 2970 rectorem
873 2911 1101 2971 missionarium
1121 2911 1159 2972 de
1177 2911 1266 2985 eujus
1288 2923 1380 2971 eausa
1401 2908 1511 2986 agitur,

339 2995 418 3055 nolle
433 2997 470 3054 ed
486 2997 648 3058 consilium
670 3001 823 3074 accedere,
838 3001 947 3060 iterum
966 3001 1046 3060 datis
1065 3001 1172 3061 litteris
1190 3005 1321 3070 vocetur,
1338 3000 1426 3074 eique
1446 3013 1513 3058 con·

339 3102 449 3160 gruum
462 3085 605 3161 temporis
619 3091 750 3162 spatium
774 3091 811 3150 ad
825 3091 1059 3165 comparendum
1083 3091 1277 3164 praetiniatur,
1293 3095 1323 3149 at
1345 3089 1373 3149 si
1392 3090 1429 3149 ad
1443 3105 1512 3148 con-

339 3177 478 3237 stitutum
501 3179 580 3238 diam
595 3195 656 3240 non
675 3183 887 3256 comparuerit,
908 3181 1071 3241 dummodo
1092 3181 1225 3256 legitime
1246 3181 1429 3254 prepeditus
1453 3195 1514 3239 non

339 3267 438 3338 luerit,
456 3267 499 3328 uti
514 3275 676 3330 contumax
689 3271 843 3332 habeatur.

375 3361 420 3416 tlt.
437 3357 553 3428 Quibus
563 3361 706 3420 omnibus
716 3363 771 3420 rite
784 3364 921 3436 expletis
933 3363 1099 3424 consiliarii
1111 3363 1202 3423 sinim
1212 3361 1338 3422 consilia
1348 3361 1514 3430 conferant,

339 3452 369 3504 ct
391 3449 417 3507 si
441 3449 537 3523 major
558 3465 628 3524 pars
650 3452 892 3512 consiliariorum
912 3454 988 3512 satis
1012 3459 1151 3512 constare
1169 3452 1206 3511 de
1230 3453 1317 3512 iactis
1344 3451 1514 3520 arbitretur,

340 3539 521 3597 sententiam
535 3553 622 3598 suam
644 3542 857 3616 unusquisque
871 3543 1064 3602 consiliarius
1079 3544 1111 3604 in
1133 3543 1255 3617 scriptis
1269 3546 1409 3616 exponat,
1424 3539 1515 3598 ratio·

340 3627 431 3687 nibus
446 3628 558 3702 quibus
574 3630 680 3690 nititur
694 3633 859 3704 expressis;
875 3635 1068 3693 conterantur
1083 3634 1250 3704 sententia,
1264 3637 1330 3691 acta
1343 3632 1374 3690 in
1390 3629 1516 3690 oonsilio

341 3719 378 3778 ab
392 3721 525 3795 episcopi
538 3722 659 3782 officiali
674 3724 859 3799 redigantur,
875 3727 1034 3800 apraeside
1048 3725 1170 3786 nomine
1185 3725 1306 3784 consilii
1321 3721 1516 3783 subscriban-

341 3813 400 3880 tur,
427 3817 456 3868 et
478 3811 568 3871 simul
592 3827 659 3872 cum
684 3815 842 3875 sententiis
864 3817 1054 3890 singulorum
1074 3817 1104 3874 in
1129 3821 1255 3874 extenso
1280 3815 1316 3873 ad
1342 3813 1516 3888 episcopum

342 3899 524 3962 deierantur.
1120 3978 1125 3986 Ι

377 3994 410 4048 lt.
437 3992 568 4062 Quodsi
593 3994 717 4054 ulterior
738 3995 929 4070 investigatio
955 3997 1126 4058 necessaria
1147 3996 1192 4056 vel
1212 4009 1346 4071 congrua
1372 3991 1517 4060 videatur,

342 4096 377 4137 co
398 4081 465 4153 ipso
486 4082 545 4153 die,
568 4083 613 4142 vel
628 4084 698 4154 alio,
720 4085 758 4143 ad
778 4087 1027 4159 conveniendum,
1047 4103 1064 4146 a
1083 4087 1212 4146 consilio
1231 4085 1404 4154 constituto,
1428 4085 1519 4140 testes

341 4175 497 4241 vocentur,
511 4187 589 4245 quos
603 4179 789 4246 opportunos
805 4177 966 4234 consilium
977 4177 1166 4251 judicaverit,
1185 4175 1287 4235 audito
1301 4175 1391 4234 etiarn
1406 4175 1519 4230 rectore

343 4261 537 4321 missionario
551 4263 587 4322 de
600 4265 640 4322 iis
654 4279 732 4338 quos
748 4266 814 4338 ipse
824 4267 1013 4328 advocandos
1028 4283 1096 4328 esse
1110 4267 1247 4327 voluerit.

380 4355 424 4409 lll.
454 4353 571 4428 Singuli
593 4359 685 4414 testes
712 4372 764 4415 nno
787 4343 874 4416 causa
905 4359 1032 4418 seorsim
1056 4365 1086 4418 et
1114 4361 1251 4417 accurate
1272 4353 1522 4414 examinentura

344 4441 469 4514 pirresidc
483 4449 514 4500 ot
526 4444 563 4501 ab
578 4445 646 4504 aliis
661 4461 713 4519 per
727 4448 899 4524 presidem,
912 4449 1036 4508 absente
1045 4449 1176 4523 primum
1186 4451 1300 4507 rectore
1315 4440 1518 4504 missionario.

344 4535 406 4589 Non
431 4533 600 4606 requiratur
619 4537 833 4610 iuramentum,
858 4540 911 4598 sed
927 4540 953 4602 si
980 4545 1073 4598 testes
1088 4537 1157 4612 ipsi
1186 4553 1247 4597 non
1273 4539 1412 4604 renuant,
1433 4537 1463 4592 et
1488 4545 1521 4589 se

344 4627 464 4695 paratos
477 4621 712 4696 essedeclarent‚
723 4629 803 4687 adea
813 4645 881 4702 quae
892 4629 1062 4698 detulerint,
1076 4629 1258 4703 juramento,
1268 4627 1338 4686 data
1351 4623 1520 4689 occasione,

345 4713 561 4810 confirmanda,
578 4717 629 4774 bat
647 4717 799 4778 adnotatio
820 4720 992 4794 hujusmodi
1012 4719 1222 4793 dispositionis
1241 4731 1294 4776 seu
1311 4711 1521 4775 declarationis

347 4817 377 4861 tn
394 4803 479 4861 setis.
