3504 5572
363 527 424 592 386
824 548 876 594 rus
897 545 1077 596 canonicus.

363 663 510 738 nullibi,
527 663 586 728 790
600 662 678 728 (lod.
695 663 789 745 civ.);
811 665 843 728 4ο
856 663 966 730 baeres
981 665 1039 748 qui
1053 663 1116 728 sibi
1133 663 1250 728 tribuit
1272 663 1430 747 quosdam
1447 662 1538 726 bona

363 771 598 849 successionis,
614 777 773 836 censetur
786 777 980 855 acceptasse
995 791 1079 855 pure
1095 776 1130 836 et
1144 771 1341 855 simpliciter
1357 771 1430 852 (art.
1452 771 1537 852 ree).

363 877 465 944 Porro
495 881 551 964 qui
577 881 684 945 semel
708 883 906 964 acceptavit,
930 881 1049 966 nequit
1069 882 1105 946 in
1128 885 1306 964 posterum
1330 879 1538 954 renuntiare,

359 989 459 1069 juxta
472 989 674 1074 principium
687 992 793 1075 juris:
807 991 869 1068 Qui
884 989 991 1056 semel
1001 992 1121 1067 haeres,
1136 991 1399 1072 semperbaeres.
1413 987 1541 1052 Tamen

363 1095 489 1160 donare
504 1101 621 1180 posset
640 1117 738 1163 suam
756 1105 888 1182 partem
909 1099 1154 1177 oohaeredibus,
1173 1098 1229 1163 vel
1243 1097 1347 1164 etiam
1366 1098 1541 1160 contractu

361 1220 507 1269 oneroso
530 1211 563 1270 et
587 1205 752 1272 bilaterali
775 1207 982 1284 renuntiare,
1001 1207 1041 1272 de
1061 1211 1183 1272 mutuo
1205 1223 1376 1272 consensu
1396 1203 1541 1268 aliorum

361 1311 588 1378 cohaeredum.

402 1421 431 1503 b)
443 1417 592 1504 Effectus
613 1426 884 1490 renuntiationis.
903 1426 933 1488 l⁰
946 1425 1009 1502 Qui
1031 1423 1215 1500 renuntiat,
1232 1427 1392 1488 censetur
1413 1417 1540 1504 simpli·

360 1531 444 1594 citer
458 1535 653 1608 extraneus,
675 1551 736 1596 seu
755 1551 932 1616 nunquam
946 1532 1052 1597 luisse
1067 1533 1188 1608 haeres,
1205 1535 1240 1596 et
1253 1530 1330 1594 ideo
1349 1547 1428 1612 pars
1450 1528 1538 1591 illius

359 1639 516 1720 pervenit
543 1640 586 1704 ad
614 1639 698 1706 alios
723 1642 918 1706 coheredes
939 1643 1013 1725 (art.
1034 1641 1116 1723 785),
1133 1640 1189 1704 vel
1209 1637 1402 1704 devolvitur
1416 1637 1536 1719 gradui
1578 1675 1586 1690 ·

360 1748 665 1829 consanguinitatis
689 1751 911 1835 subsequenti
934 1751 1007 1832 (art.
1024 1749 1083 1814 786
1106 1748 1186 1814 (lod.
1204 1748 1298 1830 civ.);
1313 1747 1347 1810 2⁰
1362 1751 1397 1811 et
1420 1763 1537 1810 conse-

359 1859 504 1937 quenter
524 1875 594 1921 non
617 1863 752 1922 tenetur
772 1858 815 1922 ad
839 1858 953 1923 debita
973 1859 1198 1923 successionis
1220 1854 1395 1935 solvenda.
1417 1854 1449 1918 3⁰
1462 1853 1540 1917 Pos-

359 1969 411 2027 set
437 1969 551 2029 tamen
575 1965 684 2031 baeres
709 1967 767 2050 qui
790 1967 1012 2044 renuntiavit,
1038 1965 1211 2050 postulare
1236 1965 1350 2047 legata
1374 1981 1450 2048 quae
1475 1961 1539 2044 ipsi

323 2062 326 2072 '
357 2070 446 2136 facta
461 2077 577 2136 essent
590 2091 610 2137 a
624 2073 796 2150 defuneto.
814 2093 923 2158 usque
940 2073 983 2139 ad
996 2074 1271 2139 concurrentiam
1285 2071 1453 2155 portionis
1470 2069 1537 2133 dis-

357 2179 515 2260 ponibilis
532 2200 539 2242 :
555 2179 602 2245 ita
616 2183 677 2245 art.
694 2181 754 2245 845
770 2180 849 2246 Cod.
867 2183 931 2247 civ.
948 2181 1125 2264 Colligitur
1140 2200 1183 2246 ex
1198 2180 1295 2245 dictis
1312 2199 1319 2242 :
1337 2197 1416 2243 cum
1428 2179 1537 2244 iactus

357 2285 400 2348 sit
419 2287 514 2352 velut
534 2293 717 2354 extraneus
733 2289 766 2353 vi
789 2290 1068 2366 renuntiationis,
1095 2287 1268 2372 postulare
1290 2291 1404 2372 potest
1424 2285 1539 2366 legata

358 2412 420 2476 per
436 2400 681 2462 testamentum
702 2397 765 2480 ipsi
779 2397 905 2464 relicta.
922 2398 955 2462 4⁰
970 2397 1075 2464 Nemo
1091 2395 1282 2463 admittitur
1298 2395 1395 2460 titulo
1414 2411 1537 2477 reprae-

358 2503 558 2567 sentationis
582 2503 671 2568 illius
692 2505 838 2570 baeredis
862 2506 917 2590 qui
941 2506 1174 2571 renuntiavit:
1190 2511 1308 2570 temen
1328 2503 1387 2568 tllii
1412 2519 1538 2566 renun-

358 2611 472 2678 tiantis
494 2618 639 2696 possunt
660 2612 897 2679 hereditatem
919 2615 1132 2698 repudiatam
1155 2613 1259 2690 adire,
1277 2617 1316 2676 ut
1334 2613 1392 2694 jus
1417 2610 1538 2672 imme·

358 2717 488 2782 diatum
498 2720 674 2798 habentes
690 2721 769 2806 quia
781 2722 928 2804 gradum
944 2723 1213 2808 subsequentem
1227 2720 1451 2786 constituunt.

397 2827 423 2909 c)
431 2827 590 2892 Facultas
601 2828 995 2895 ndetrndihaereditatem
1006 2831 1062 2894 vel
1070 2831 1102 2896 ei
1112 2829 1342 2905 renuntiandi,
1354 2826 1533 2910 perimitur

356 2935 609 3018 prescriptione
623 2937 662 3002 30
678 2955 859 3014 annorum,
877 2957 921 3002 ex
934 2943 996 3003 art·
1011 2939 1071 3003 789
1086 2937 1165 3003 cod.
1180 2937 1244 3003 civ.

397 3043 514 3119 Quoad
540 3045 651 3110 varias
671 3047 946 3131 praescriptiones
970 3049 1059 3132 juris
1078 3047 1186 3114 civilis
1203 3047 1292 3114 circa
1310 3045 1454 3111 modum
1485 3043 1532 3108 di-

356 3151 494 3217 videndi
516 3153 608 3218 inter
627 3153 742 3238 plures
767 3157 938 3234 haeredes,
960 3156 1162 3224 conficiendi
1185 3155 1432 3230 inventarium,
1462 3169 1536 3234 per-

356 3253 511 3320 solvendi
537 3273 642 3322 onera
665 3263 700 3324 et
718 3259 831 3326 debita
855 3259 978 3343 quibus
1003 3265 1205 3342 graveretur
1231 3259 1423 3334 haereditas,
1451 3255 1529 3322 vide

355 3363 543 3448 civilistas.¹

728 3761 942 3837 TITULUS
975 3763 1156 3836 XXVIII.

815 3943 853 3988 DE
875 3944 1068 3992 servituris.

639 4262 655 4335 ἓ
676 4265 695 4320 l.
717 4263 758 4322 De
775 4265 932 4337 sepnttnro
949 4267 1074 4341 ejusque
1093 4266 1244 4328 eloctione

698 4435 718 4483 1.
737 4435 775 4488 be
788 4433 942 4498 sepulturis
956 4435 985 4488 ot
999 4435 1178 4490 semeonis.

394 4561 427 4643 n)
443 4559 513 4625 Vox
528 4563 710 4647 sepulturae
726 4565 899 4650 tripliciter
911 4569 946 4632 in
958 4571 1036 4652 jure
1052 4571 1218 4636 sumitur:
1233 4571 1265 4635 1⁰
1277 4587 1339 4654 pro
1355 4567 1422 4635 ritu
1439 4585 1529 4653 sepe·

353 4663 457 4732 liendi
473 4677 643 4750 mortuom
659 4674 691 4736 9⁰
705 4693 767 4757 pro
777 4679 855 4758 jure
871 4677 1038 4742 inferendi
1053 4679 1089 4744 in
1100 4679 1330 4762 sepulturum:
1348 4680 1395 4743 ita
1407 4680 1442 4742 in
1457 4679 1527 4740 Cle-
