3504 5566
371 569 410 630 90
829 587 882 632 rus
902 585 1085 634 canonican,

372 721 416 768 ex
429 707 548 766 tenore
562 701 685 766 eitatus
703 701 803 785 plene
823 703 927 766 etiem
944 719 1151 784 cognoscere
1171 703 1272 768 debet
1294 703 1336 768 de
1355 719 1423 788 qua
1444 721 1481 767 re
1504 703 1547 766 sit

371 811 614 876 eontroversia.
631 810 744 876 const.
761 828 804 875 ex
816 811 919 876 Glem.
936 813 969 875 e*
982 813 1085 894 hujus
1099 813 1148 876 tit.
1165 811 1215 876 lta
1228 812 1408 894 corrigitur
1419 813 1477 895 jus
1491 831 1547 878 an-

373 918 1542 1004 tiquam,quolitispendentiainducebaturperlitisooutestationem.

373 1027 449 1092 Haeo
463 1027 674 1092 Clementiae
691 1027 896 1108 generaliter
910 1027 1071 1112 loquitur,
1089 1047 1150 1094 seu
1172 1045 1242 1094 nou
1264 1028 1442 1109 distinguit
1460 1029 1548 1092 inter

373 1137 543 1201 sotionem
557 1136 684 1201 realem
699 1141 734 1202 et
745 1137 971 1220 personalem,
990 1143 1025 1202 et
1037 1138 1115 1203 ideo
1128 1137 1271 1218 intelligi
1287 1137 1389 1202 debet
1403 1137 1444 1204 de
1461 1142 1549 1203 utra-

374 1263 440 1328 que
455 1245 598 1310 actione.

416 1354 446 1436 d)
458 1352 672 1420 Tolliturlitis
683 1353 868 1436 pendentia
878 1375 885 1417 :
897 1357 927 1418 t⁰
936 1374 998 1439 per
1010 1357 1444 1432 sententiamdettnitivam,
1456 1373 1551 1421 exse-

374 1461 502 1527 eutioni
515 1463 727 1538 mundatam3
739 1463 771 1526 l'
781 1483 842 1546 per
851 1466 1042 1530 oessionem
1053 1465 1109 1530 vel
1118 1467 1407 1531 renuntiationem
1418 1485 1551 1548 expres-

376 1589 450 1635 sem
464 1572 571 1654 ipsius
585 1571 728 1636 aetionis
740 1571 795 1636 vel
807 1591 929 1648 eausae,
944 1574 1130 1639 dummodo
1140 1575 1176 1638 in
1187 1575 1341 1639 cessione
1353 1575 1413 1639 sset
1424 1575 1552 1639 mentio

374 1678 454 1754 litis,
471 1684 505 1743 et
523 1679 580 1743 illa
592 1680 702 1744 eessio
717 1680 761 1744 sit
775 1687 949 1766 aceeptata
961 1701 982 1746 a
995 1701 1072 1757 reo;
1088 1683 1120 1746 3ο
1134 1701 1196 1766 per
1215 1687 1361 1748 mortem
1376 1683 1552 1766 utriusque

375 1787 550 1871 litigantis,
567 1807 645 1854 eum
659 1807 752 1855 mors
772 1792 888 1856 omnia
902 1791 1022 1867 solvat,
1040 1797 1074 1855 et
1089 1791 1237 1867 tandem,
1260 1793 1293 1855 4ο
1307 1791 1404 1875 lapsu
1425 1796 1555 1874 tempo-

377 1897 433 1975 ris,
452 1917 513 1962 seu
528 1898 644 1982 elapso
659 1905 814 1984 tempore
833 1920 901 1984 quo
923 1901 1022 1964 durat
1043 1901 1205 1966 instantia
1223 1905 1407 1984 antequam
1425 1905 1551 1982 pereat.

418 2007 445 2089 c)
465 2005 613 2088 Effectus
635 2008 703 2072 litis
720 2008 912 2092 pendentis.
930 2007 1113 2072 Primarius
1137 2007 1280 2072 effeetus
1304 2012 1366 2084 est,
1391 2003 1430 2071 ut
1451 2007 1493 2071 ab
1513 2025 1555 2072 eo

378 2121 532 2198 tempore
554 2132 622 2198 quo
641 2115 685 2180 lis
706 2117 856 2200 pendere
878 2117 1028 2200 incoepit,
1044 2117 1132 2182 eirea
1147 2135 1221 2180 rem
1237 2116 1278 2180 de
1292 2119 1392 2199 eujus
1407 2116 1557 2199 proprie·

381 2228 448 2289 tate
473 2221 528 2288 vel
552 2225 770 2308 possessione
795 2225 1002 2307 disputatur,
1026 2224 1109 2288 nibil
1132 2225 1331 2300 innovetur3
1353 2223 1455 2300 ratio,
1479 2224 1558 2308 quia

378 2331 538 2399 alienatio
558 2333 757 2398 immutaret
777 2338 904 2400 statum
925 2353 1051 2410 rerum,
1073 2339 1108 2398 et
1125 2335 1202 2398 ideo
1224 2333 1373 2398 conditio
1394 2333 1558 2414 litigantis

379 2441 476 2508 fieret
492 2444 609 2508 durior
624 2465 631 2506 :
645 2445 792 2508 sumitur
806 2463 849 2508 ex
862 2445 953 2508 rubr.
972 2449 1005 2508 et
1020 2462 1048 2508 o.
1064 2445 1094 2518 l,
1112 2443 1142 2518 3,
1162 2443 1192 2518 4,
1210 2443 1282 2525 huj.
1301 2447 1323 2505 t.
1341 2440 1446 2518 Unde,

422 2553 452 2614 1ο
467 2551 536 2616 Lite
552 2552 734 2635 pendente,
750 2553 786 2616 in
798 2553 931 2618 actione
944 2552 1039 2630 reali,
1053 2571 1109 2616 res
1117 2551 1388 2634 evaditlttr'piosa
1404 2569 1462 2614 sea
1475 2549 1558 2614 vitio

380 2659 449 2724 litis
471 2661 609 2737 allecta,
630 2661 780 2744 quaudiu
804 2679 907 2744 super
929 2661 1080 2726 dominio
1102 2659 1269 2742 litigatum
1290 2660 1318 2722 si
1340 2676 1423 2723 vero
1439 2662 1560 2740 agatur

382 2767 455 2833 solo
474 2771 698 2852 possessorio,
718 2789 787 2836 non
810 2788 865 2834 res
888 2771 972 2854 ipsa,
991 2769 1051 2834 sed
1072 2769 1246 2853 possessio
1270 2772 1321 2832 est
1346 2767 1504 2848 litigiosa.
1522 2765 1561 2830 In

383 2878 516 2942 actione
540 2897 623 2942 vero
644 2879 826 2961 personali,
847 2897 911 2944 nee
930 2897 985 2943 res
1009 2897 1071 2942 neo
1090 2877 1274 2960 possessio,
1298 2875 1359 2940 sed
1380 2877 1453 2958 ipsa
1473 2873 1560 2938 sotio

383 3003 444 3050 seu
468 2988 631 3052 instantia
651 2988 764 3052 evadit
784 2987 942 3069 litigiosa,
966 2988 1014 3051 ita
1034 2991 1073 3050 ut
1093 2991 1188 3051 aotor
1209 2985 1306 3049 alteri
1327 2983 1420 3048 illam
1440 2983 1560 3048 cedere

383 3101 542 3178 nequeat,
558 3095 719 3174 vendere,
734 3097 872 3172 donare,
891 3101 968 3173 ete,
984 3114 1028 3160 ne
1049 3096 1136 3160 torte
1155 3093 1328 3176 potentior
1346 3091 1561 3157 adversarius

385 3203 619 3270 substituatur.

424 3313 457 3376 θ’
473 3314 539 3378 Res
559 3313 708 3396 litigiose
728 3314 867 3379 alienari
884 3313 1013 3396 nequit,
1031 3329 1130 3376 secus
1144 3309 1349 3376 retrahenda
1363 3314 1415 3374 est
1429 3309 1485 3374 vel
1498 3309 1563 3374 alia

385 3440 441 3486 res
454 3421 663 3506 aequivalens
681 3425 717 3488 ia
731 3424 844 3489 loeum
859 3426 935 3505 ejus
956 3423 1020 3486 erit
1034 3418 1272 3485 substituenda
1287 3420 1326 3500 (e.
1343 3419 1372 3495 3,
1389 3418 1410 3482 4
1423 3419 1483 3501 huj
1489 3468 1494 3480 .
1512 3418 1560 3499 t).

386 3529 483 3596 Ratio
504 3535 566 3607 est,
590 3533 669 3616 quia
686 3533 752 3597 ista
774 3531 934 3596 alienatio
958 3533 1086 3594 statum
1103 3529 1152 3592 rei
1167 3527 1327 3591 immutet
1348 3531 1383 3591 et
1405 3525 1565 3609 praejudi-

386 3637 453 3702 oiat
465 3640 561 3706 elteri
574 3641 738 3723 litigenti;
757 3646 873 3705 tamen
888 3643 969 3703 sunt
981 3638 1095 3721 plures
1113 3653 1214 3700 oasus
1232 3636 1268 3698 in
1288 3635 1410 3718 quibus
1425 3633 1566 3699 alienari

387 3753 500 3832 potest
512 3767 567 3813 res
580 3748 729 3831 litigiose
744 3748 827 3830 (Vid.
845 3746 1066 3827 Sehmelzgr.,
1081 3745 1114 3807 b.
1133 3749 1156 3807 t.
1171 3763 1206 3806 n.
1221 3743 1263 3826 9).

427 3859 459 3924 3⁰
473 3857 645 3923 Pendeute
660 3857 730 3934 lite,
746 3859 939 3940 nonpotest
952 3853 1126 3938 impetrari
1141 3853 1343 3937 rescriptum
1359 3851 1395 3914 in
1409 3849 1567 3934 praejudi-

388 3967 479 4034 oium
508 3967 730 4050 oolitigentis,
760 3966 826 4030 nisi
848 3965 884 4028 in
906 3981 947 4029 eo
969 3964 1028 4028 ssat
1048 3963 1178 4027 mentio
1197 3961 1265 4024 litis
1284 3959 1465 4044 pendentis
1485 3959 1523 4041 (e.
1548 3961 1564 4023 t

390 4082 425 4141 et
443 4079 502 4142 ssn.
524 4077 557 4141 h.
581 4079 629 4156 t).
647 4077 716 4141 bite
736 4076 918 4161 pendente,
942 4089 1120 4159 possessor
1136 4089 1206 4136 non
1229 4073 1282 4133 est
1299 4069 1486 4152 pn'vendus
1506 4085 1569 4133 sua

389 4185 626 4268 possessione,
652 4185 755 4250 etiem
778 4187 814 4250 in
841 4181 1167 4258 matrimonialibus,
1194 4180 1302 4244 donee
1326 4179 1368 4242 lis
1394 4177 1570 4243 decidatur

391 4296 430 4376 (o.
452 4297 522 4359 eh.
545 4296 629 4378 tit.);
648 4295 737 4360 unde
757 4297 806 4360 uti
820 4301 935 4380 potest
947 4293 1137 4360 eommodis
1152 4308 1223 4355 suae
1234 4289 1473 4374 possessionis,
1491 4287 1570 4372 quia

391 4405 518 4470 utendo
534 4405 618 4470 nihil
633 4407 784 4470 innovat.

430 4513 463 4576 4ο
479 4512 523 4588 Si,
538 4513 597 4578 lite
617 4513 788 4596 pendente
810 4531 912 4596 super
933 4511 1097 4578 electione
1118 4513 1178 4574 aut
1198 4506 1377 4582 beneficio,
1394 4521 1484 4568 unus
1505 4501 1570 4566 liti-

392 4621 548 4702 gantium
561 4623 735 4700 moriatur,
752 4621 808 4688 vel
821 4621 1005 4696 renuntiet,
1023 4637 1092 4684 nou
1109 4622 1224 4702 potest
1236 4615 1280 4682 ed
1295 4631 1422 4679 novam
1438 4611 1572 4676 eleotio-

392 4747 472 4793 nem
485 4729 539 4792 vel
551 4730 782 4812 provisionem
795 4731 944 4812 procedi,
958 4729 1067 4794 donee
1085 4745 1188 4812 super
1203 4727 1281 4807 jnre
1301 4719 1493 4808 superstitis
1513 4735 1569 4782 eo-
