3504 5572
548 603 636 650 treas
657 605 784 652 scurrus
798 605 1030 650 ,naanrrsarcu
1321 591 1381 656 299

168 701 171 706 ¹
201 724 243 790 ad
256 741 388 807 corpus,
402 722 462 787 sed
474 721 517 787 ad
531 721 770 805 quantitatem,
786 725 825 786 ut
839 723 867 786 si
883 722 1002 787 decem
1016 741 1206 807 arapennas
1221 743 1282 808 pro
1298 725 1381 790 duc-

201 834 311 898 decim
327 832 570 907 venderentur,
583 834 656 894 tum
670 830 829 896 venditor
844 835 982 896 tenetur
994 831 1225 909 manifestare,
1242 835 1298 900 vel
1308 853 1382 920 pre·
1437 833 1440 840 ’

203 942 286 1006 tium
312 941 520 1014 diminuere3
537 956 636 1002 secus
651 937 812 1004 deiiceret
835 938 1011 1022 aequalitas
1034 939 1069 1005 in
1084 945 1271 1006 contractu.
1289 943 1332 1006 At
1352 943 1380 1006 si

201 1047 352 1114 venditio
362 1049 462 1114 flaret
474 1045 519 1112 ad
531 1064 665 1130 corpus,
683 1050 723 1109 ut
734 1047 762 1110 si
777 1045 852 1110 talis
867 1047 988 1110 hortus
1001 1065 1063 1129 per
1072 1048 1289 1114 aversionem
1300 1069 1382 1119 ven-

203 1156 313 1232 datur,
339 1159 419 1220 tunc
442 1155 529 1222 falsa
548 1153 730 1219 aestimatio
750 1153 949 1237 quantitatis
967 1148 1171 1234 regulariter
1194 1175 1264 1221 non
1284 1159 1382 1223 vitiat

201 1269 325 1341 actum,
353 1282 417 1330 nec
437 1265 536 1330 obest
554 1262 742 1339 venditori;
765 1261 925 1327 venditor
942 1281 1014 1328 suae
1036 1262 1189 1328 facilitati
1212 1265 1381 1350 imputare

201 1373 302 1440 dehet
315 1373 407 1457 quod
422 1371 648 1456 quantitatem
660 1389 731 1435 non
745 1370 989 1453 exploraverim
1006 1375 1041 1436 et
1050 1389 1094 1436 ex
1108 1369 1214 1437 altera
1227 1377 1334 1456 parte,
1352 1375 1381 1438 si

201 1482 358 1546 venditor
367 1480 537 1544 minorem
548 1477 774 1562 quantitatem
784 1478 918 1554 dixerit,
930 1497 1010 1544 cum
1025 1480 1070 1544 sit
1083 1481 1205 1564 major,
1220 1498 1381 1545 excessus

200 1588 340 1671 prodest
362 1587 518 1671 emptori.
534 1585 571 1650 ln
587 1590 733 1670 utroquo
753 1603 846 1662 casu,
863 1604 998 1670 corpus,
1014 1605 1085 1653 non
1100 1588 1283 1670 quantitas,
1299 1607 1383 1654 ven·

201 1697 302 1762 ditur.

239 1806 272 1870 3⁰
298 1805 332 1870 Si
356 1804 478 1868 vitium
506 1809 598 1868 esset
618 1805 653 1868 in
681 1804 863 1888 qualitate,
895 1803 1111 1870 distinctione
1135 1823 1221 1890 opus
1247 1810 1323 1871 est:
1348 1808 1381 1872 Si

201 1914 323 1978 vitium
336 1912 420 1977 illud
442 1914 486 1976 sit
507 1913 741 1996 manifestum,
760 1931 830 1978 non
852 1916 990 1978 tenetur
1003 1913 1163 1979 venditor
1177 1914 1261 1982 illud
1276 1917 1383 1982 mani-

200 2023 336 2099 festare,
353 2022 433 2106 quia
453 2022 516 2086 sihi
540 2021 710 2105 imputare
730 2020 832 2086 debet
856 2026 991 2104 emptor
1012 2021 1104 2105 quod
1126 2041 1201 2088 rem
1222 2023 1382 2089 vitiosam

201 2131 333 2196 emerit.
362 2131 499 2205 Tamen,
525 2133 676 2212 spectato
702 2129 777 2194 loro
799 2129 1029 2206 conscientia,
1056 2125 1216 2195 venditor
1243 2131 1383 2198 deberet
1411 2110 1413 2119 ¹

200 2239 322 2303 vitium
331 2239 563 2314 manifestare,
576 2237 604 2300 si
615 2240 751 2320 emptor
760 2241 853 2301 esset
861 2237 948 2301 adeo
958 2241 1074 2302 mente
1084 2237 1202 2314 hebes,
1215 2238 1382 2306 utvitium

199 2345 296 2412 facile
309 2345 425 2411 videre
440 2364 511 2412 non
526 2349 662 2429 posset;
678 2345 743 2409 hoc
762 2359 844 2410 casu
868 2344 992 2408 vitium
1012 2350 1174 2410 censetur
1197 2345 1379 2412 occultum.

200 2455 234 2520 Si
259 2455 383 2518 vitium
408 2455 453 2520 sit
480 2453 663 2532 occultum,
685 2459 766 2518 tunc
795 2453 921 2518 iterum
945 2453 1228 2536 distinguendum
1248 2461 1327 2521 est:
1354 2459 1382 2522 si

203 2566 338 2647 emptor
354 2562 471 2644 alligat
491 2562 720 2626 intentionem
745 2580 844 2627 suam
868 2561 930 2645 ipsi
957 2561 1122 2645 qualitati,
1151 2566 1190 2628 ut
1210 2563 1239 2626 si
1262 2563 1382 2630 vinum

199 2671 443 2754 Burdigalense
465 2669 558 2746 velit,
575 2676 657 2736 tunc
679 2671 831 2736 venditio
856 2671 996 2736 alterius
1013 2672 1083 2736 vini
1103 2677 1196 2737 esset
1217 2673 1321 2749 nulla,
1336 2675 1382 2740 ob

199 2781 370 2846 deiectum
405 2797 596 2845 consensus
634 2777 762 2860 alligati
790 2780 869 2844 huic
898 2779 1062 2864 qualitati.
1093 2779 1126 2844 Si
1153 2781 1383 2846 intentionem

200 2907 298 2954 suam
333 2905 402 2952 non
430 2887 548 2970 alligat
571 2886 629 2952 tali
657 2885 819 2971 qualitati,
850 2887 1010 2952 venditor
1036 2901 1107 2953 non
1135 2892 1272 2953 tenetur
1299 2889 1383 2954 vitia

200 2997 429 3071 manifestare,
445 2995 549 3060 modo
563 2994 710 3078 pretium
734 2995 778 3058 sit
789 2997 933 3079 justum,
948 2995 1014 3060 nisi
1035 2995 1158 3064 vitium
1173 2997 1217 3060 sit
1236 2999 1381 3082 emptori

199 3104 440 3187 periculosum,
470 3121 503 3166 v.
524 3122 557 3184 g.
588 3103 617 3166 si
637 3121 746 3186 equus
778 3103 822 3166 sit
847 3103 956 3179 ferox,
980 3101 1036 3168 vel
1058 3122 1157 3168 merx
1183 3104 1313 3170 inutilis
1338 3107 1381 3172 ad

199 3213 304 3276 linem
326 3212 482 3286 ementis,
507 3215 546 3274 ut
568 3229 600 3274 v.
631 3229 664 3292 g.
688 3208 939 3278 medicamenta
960 3210 1106 3276 evanida
1130 3231 1138 3274 ι
1169 3214 1306 3278 namin
1327 3215 1381 3278 his

198 3320 332 3384 casibus
346 3337 465 3402 reapse
489 3319 587 3384 deest
608 3323 808 3384 consensus.
832 3319 880 3383 De
898 3318 989 3383 vitiis
1010 3319 1240 3386 redlrihitoriis
1261 3325 1382 3405 postea

199 3445 353 3508 agemus,
372 3427 507 3512 quando
524 3445 637 3492 sermo
653 3427 717 3492 erit
730 3427 773 3492 de
785 3427 860 3510 ipsa
873 3427 1006 3492 actione
1021 3427 1252 3494 redhibitoria.

238 3537 271 3600 4ο
284 3536 317 3602 si
339 3537 509 3603 mercibus
525 3537 662 3621 optimis
678 3537 865 3604 miscentur
889 3538 1004 3602 minus
1026 3539 1136 3614 bonae,
1158 3538 1310 3604 delectus
1324 3541 1380 3605 ille

200 3644 301 3711 debet
313 3646 535 3722 manifestari,
552 3645 607 3709 vel
621 3645 769 3728 pretium
783 3645 903 3710 minui.

238 3754 271 3816 5⁰
287 3751 319 3816 Si
335 3757 469 3837 emptor
483 3771 643 3837 expresse
659 3755 847 3836 interrogat
862 3754 904 3820 de
919 3751 1122 3838 quibusdam
1136 3754 1240 3830 vitiis,
1256 3773 1298 3820 ea
1310 3773 1381 3818 ma-

200 3859 360 3925 niiestare
388 3861 490 3926 debet
514 3861 684 3937 venditor,
715 3860 798 3926 alias
828 3860 907 3926 dolo
935 3879 998 3926 suo
1021 3879 1161 3928 causam
1187 3861 1280 3928 dabit
1303 3881 1381 3930 con-

200 3968 333 4032 tractui.

240 4076 269 4157 b)
282 4075 432 4141 Traditio
444 4077 496 4140 rei
508 4077 654 4160 emptori
664 4077 838 4158 saciando.
864 4080 896 4142 1ο
916 4077 1063 4144 Traditio
1081 4077 1131 4144 rei
1148 4083 1201 4145 ast
1221 4081 1331 4164 prima
1347 4085 1382 4145 et

199 4183 294 4247 velut
308 4182 499 4249 essentialis
514 4183 676 4266 obligatio
690 4183 895 4262 venditoris3
908 4183 952 4250 ad
965 4187 1030 4251 hoc
1042 4189 1188 4264 tenetur,
1204 4191 1379 4252 conusetu

199 4296 321 4358 mutuo
335 4310 503 4358 consensu
529 4294 680 4377 perfecto
695 4298 730 4358 et
749 4293 898 4378 impletis
912 4294 1165 4361 conditionibus
1179 4297 1243 4360 sub
1259 4296 1380 4380 quilius

200 4399 241 4462 de
256 4419 292 4464 re
307 4420 368 4485 pro
384 4403 494 4485 pretio
510 4402 675 4468 tradenda
689 4408 900 4468 conventum
915 4407 978 4470 est.
995 4403 1091 4468 Prior
1104 4404 1147 4470 ad
1163 4405 1381 4471 traditionem

200 4509 249 4574 rei
263 4509 318 4574 vel
331 4512 431 4594 pretii
455 4517 602 4590 tenetur,
620 4515 677 4598 qui
701 4515 745 4580 ad
765 4519 960 4580 conuectus
983 4514 1263 4600 adimpletionem
1286 4517 1381 4599 prius

199 4614 345 4684 altarum
359 4619 434 4683 vult
448 4639 572 4703 cogere
588 4642 595 4685 :
610 4641 690 4688 uam
716 4623 781 4689 hcc
799 4623 960 4708 generale
983 4623 1085 4690 estin
1109 4627 1285 4690 contractu
1299 4623 1380 4690 bila-

201 4723 308 4790 terali.
