3504 5566
816 583 868 632 lllS
890 585 1070 634 GANONICUH.

796 941 1010 1018 TITULUS
1044 943 1093 1017 ΙΙ.

567 1117 605 1161 na
626 1117 866 1166 couaotrarromt
887 1119 1072 1167 chambenoit
1093 1121 1133 1165 ΕΤ
1153 1119 1322 1166 trutinant.

862 1279 1026 1292 *-

651 1427 665 1494 5
682 1429 702 1482 1.
724 1423 912 1485 Cobctitotio
930 1424 1084 1498 prohibito
1102 1424 1149 1484 cel
1165 1439 1236 1486 non.

397 1570 429 1652 a)
444 1567 482 1632 ln
495 1567 560 1633 hoc
575 1567 673 1634 titulo
687 1568 893 1649 generaliter
906 1569 1105 1652 prohibetur
1117 1569 1247 1634 clericis
1263 1569 1431 1634 cohabitio
1453 1587 1531 1634 cum

279 1689 281 1692 ·
355 1675 555 1754 mulieribus
574 1677 843 1761 qrribuscumque
868 1676 910 1741 de
935 1677 1181 1742 incontinentia
1204 1677 1370 1760 suspectis
1393 1680 1432 1760 (c.
1457 1679 1472 1740 l
1497 1681 1533 1740 et

356 1785 415 1848 ssn.
431 1784 464 1846 b.
478 1785 515 1866 t.)
527 1783 636 1860 Ratio,
653 1785 732 1868 quia
744 1785 958 1850 conversatio
973 1803 1052 1849 cum
1067 1784 1133 1848 illis
1148 1785 1190 1850 ad
1204 1785 1338 1868 lapsum
1355 1791 1530 1868 provocat,

358 1891 516 1956 etclerici
537 1893 572 1956 in
587 1893 842 1958 incontinentia
859 1895 1089 1977 suspicionem
1110 1893 1335 1958 traherentur.
1353 1892 1446 1970 Hinc,
1463 1900 1535 1958 uta

356 2000 453 2084 lapsu
468 2005 503 2064 et
516 1999 633 2084 lapsus
646 2001 797 2088 periculo
812 2021 852 2066 ac
867 2002 1059 2086 suspicione
1073 2001 1275 2067 remotiores
1295 2002 1371 2078 sint,
1389 2001 1444 2064 hic
1457 2002 1535 2066 titu-

355 2107 410 2172 lus
424 2110 528 2194 priori
538 2110 580 2174 de
589 2111 662 2173 vita
679 2118 712 2173 et
726 2109 901 2174 honestate
915 2111 1109 2176 clericorum
1121 2110 1350 2192 subjungitur.
1364 2109 1440 2174 lstae
1452 2127 1536 2192 prae·

356 2219 556 2301 scriptiones
571 2237 641 2284 non
665 2223 734 2282 tam
756 2218 893 2283 suntad
911 2219 1048 2286 vitanda
1061 2220 1214 2296 crimina,
1232 2239 1334 2304 quam
1353 2219 1535 2284 criminum

357 2327 597 2410 suspicionem.
615 2325 733 2390 Clerici
747 2331 867 2391 contra
879 2328 1142 2410 prohibitionem
1154 2327 1247 2393 illam
1262 2332 1404 2410 agentes
1419 2327 1535 2391 dicun-

357 2442 412 2501 tur
424 2435 654 2501 concubinarii
664 2455 678 2514 ;¹
688 2434 766 2499 ideo
786 2435 1018 2500 concubinarii
1041 2442 1121 2502 sunt
1144 2438 1266 2514 vocati,
1283 2455 1353 2501 non
1367 2436 1470 2501 modo
1487 2433 1533 2498 illi

358 2545 415 2628 qui
430 2543 574 2626 turpiter
591 2559 670 2606 cum
685 2541 799 2626 eliqua
816 2543 945 2608 femina
968 2544 1136 2624 viverent,
1152 2545 1212 2609 sed
1235 2551 1270 2610 et
1287 2545 1345 2630 qui
1363 2561 1441 2608 cum
1460 2561 1535 2607 mu-

356 2651 496 2716 lieribus
511 2651 677 2734 suspectis
697 2650 901 2727 habitarent,
919 2651 975 2716 vel
989 2651 1093 2718 etiam
1107 2651 1371 2718 familiaritatem
1384 2657 1444 2718 aut
1457 2668 1535 2716 con-

357 2761 575 2826 suetudinem
590 2765 767 2824 servarent
782 2760 822 2840 (c.
833 2760 864 2836 i,
877 2759 897 2824 3
911 2759 944 2823 b.
960 2760 1008 2842 t).

343 2893 347 2902 ·
396 2867 526 2952 Reputo
540 2868 658 2953 prima
681 2867 848 2950 pennalis
871 2885 947 2951 quae
966 2869 1125 2952 prohibet
1144 2869 1431 2936 cohabitationem
1456 2887 1535 2934 cum

356 2976 556 3042 mulieribus
579 2976 756 3059 suspectis,
780 2975 862 3040 satis
883 2978 956 3058 jam
969 2978 1196 3058 cognoscitur.
1213 2977 1339 3042 Tamen
1354 2978 1535 3060 prohibitio

356 3085 615 3152 cohabitationis
630 3101 701 3148 non
717 3089 769 3147 est
790 3084 864 3148 sine
881 3087 1092 3168 exceptione.
1109 3086 1242 3151 Etenim

396 3194 426 3276 b)
441 3193 666 3276 Eecrpz'untur
685 3194 717 3255 1⁰
736 3208 892 3274 personae
914 3191 949 3255 in
973 3193 1084 3275 primo
1099 3193 1155 3258 vel
1169 3193 1319 3260 secundo
1334 3194 1442 3276 gradu
1458 3212 1536 3260 con·

356 3302 594 3385 sanguinitatis
618 3303 826 3384 conjunctae;
844 3319 924 3364 nam
939 3302 975 3364 in
998 3303 1052 3366 his
1070 3303 1227 3386 personis
1248 3304 1402 3368 naturale
1424 3305 1536 3368 ioedus

354 3412 439 3477 nihil
462 3411 628 3494 permittit
656 3411 738 3474 saevi
764 3409 916 3474 criminis
942 3409 1105 3494 suspicari
1144 3413 1183 3494 (c.
1207 3412 1249 3494 9).
1276 3410 1534 3488 Verumtamen,

355 3520 383 3583 si
404 3519 470 3584 illae
490 3519 652 3584 mulieres
674 3522 790 3582 essent
814 3517 855 3581 de
875 3517 1122 3582 incontinentia
1137 3523 1315 3602 suspectae,
1331 3519 1536 3584 cohabitatio

356 3635 447 3694 esset
461 3629 565 3694 etiam
579 3627 749 3712 prohibita
761 3628 801 3710 (c.
815 3627 859 3710 i.)
869 3627 966 3704 Quod
984 3628 1148 3721 eveniret,
1165 3628 1194 3692 si
1205 3647 1268 3712 per
1280 3629 1436 3693 accidens
1451 3628 1536 3694 tales

354 3739 468 3802 forent
481 3735 744 3802 circumstantius
766 3740 804 3812 ut
821 3733 916 3800 locus
936 3737 980 3799 sit
997 3735 1196 3820 suspicioni;
1214 3754 1294 3800 nam
1309 3742 1480 3802 extranea
1495 3755 1536 3800 eo

355 3846 428 3929 ipso
443 3843 555 3909 solent
568 3862 643 3908 esse
660 3847 835 3926 suspecta,
854 3843 935 3927 quia
945 3845 1092 3926 juvenes
1108 3848 1198 3908 sunt.

394 3955 426 4018 Ψ
438 3951 647 4017 Permittitur
656 3950 786 4016 clericis
795 3950 948 4016 habitare
962 3951 998 4014 in
1007 3951 1127 4016 eadem
1136 3952 1326 4018 domocum
1336 3953 1537 4018 muheribus

357 4081 432 4148 quae
447 4061 489 4127 de
503 4059 701 4145 hujusmodi
714 4063 974 4144 conjunctarum
988 4061 1172 4126 mulierum
1189 4061 1319 4127 familia
1333 4068 1423 4138 sunt,
1440 4063 1538 4127 dum-

356 4173 459 4238 modo
473 4171 610 4236 ieminae
625 4169 691 4234 itlae
712 4171 748 4234 in
771 4170 925 4235 discretis
947 4171 1166 4236 conclavibus
1190 4175 1363 4248 maneant,
1388 4177 1422 4235 et
1442 4171 1537 4236 nullo

357 4281 459 4347 modo
473 4282 541 4346 sint
555 4286 733 4364 suspecte.
744 4281 842 4357 Quod
853 4286 969 4345 autem
980 4281 1103 4346 dicitur
1117 4264 1158 4346 de
1173 4281 1449 4362 consanguineis,
1466 4299 1537 4345 non

356 4395 470 4474 potest
485 4389 623 4454 extendi
637 4389 680 4453 ad
699 4388 820 4452 attineo
838 4409 844 4450 :
861 4407 942 4454 nam
958 4391 1016 4472 jus
1036 4389 1162 4472 excipit
1180 4393 1315 4454 tantum
1335 4389 1537 4470 consangui-

356 4519 454 4577 neas;
471 4500 550 4564 dein
562 4497 648 4564 ratio
662 4497 871 4581 exceptionis
885 4516 954 4562 non
969 4503 1040 4562 tam
1053 4499 1167 4562 stricte
1179 4498 1289 4580 tangit
1297 4498 1428 4563 affines.
1446 4496 1537 4562 Exci-

356 4609 496 4691 piuntur
521 4613 636 4672 tamen
661 4605 823 4671 mulieres
848 4607 884 4669 in
907 4605 1017 4688 primo
1038 4605 1146 4688 gradu
1168 4607 1342 4672 affinitatis
1358 4605 1450 4686 (Vide
1476 4605 1537 4671 Be·

355 4717 432 4782 ned.
445 4715 525 4792 xlv,
543 4713 733 4798 Symdioec.
750 4712 807 4776 lib.
825 4713 864 4787 ll,
878 4730 907 4777 c.
925 4733 967 4788 rx,
984 4733 1017 4777 n.
1034 4715 1074 4797 7).
