3504 5572
381 575 442 640 3911
842 595 892 642 ros
913 593 1092 644 1110111111.

426 715 465 778 ln
479 712 544 779 hoc
563 712 662 780 titulo
682 711 796 795 agitur
809 713 1039 801 principaliter
1053 716 1095 782 dc
1115 719 1293 784 contractu
1313 717 1483 802 pignoris;
1514 721 1560 781 ta·

384 839 465 888 mon
480 821 616 888 additur
630 823 807 906 dispositio
822 821 864 888 de
876 823 1035 890 cautione
1047 825 1302 890 usufructuaria
1316 843 1324 888 :
1336 823 1416 890 inde
1428 822 1561 890 rubrica
1612 875 1615 879 .

383 929 472 996 tituli
486 930 528 996 de
541 931 741 1018 Piynoribur
757 941 789 998 et
803 933 880 997 aliis
895 932 1115 998 cautionibus.

790 1151 957 1215 sncrlc
993 1153 1153 1216 PRIMA.

833 1297 882 1350 na
901 1297 1108 1364 pignoribus.

702 1463 723 1512 1.
740 1462 780 1514 lla
795 1459 941 1512 naturast
956 1457 1094 1513 divisione
1108 1458 1241 1526 pignoris.

425 1588 458 1672 α)
478 1587 616 1658 Natura
632 1585 801 1671 pignoris.
830 1585 863 1648 l·
882 1583 1010 1666 Pignus
1033 1603 1054 1650 a
1074 1603 1192 1669 pugno
1220 1603 1282 1651 scu
1304 1603 1410 1652 manu
1429 1585 1560 1663 dicitnr,

383 1693 517 1780 quiade
531 1711 637 1759 manu
653 1693 808 1759 traditur.
826 1691 980 1757 Sumitur
992 1691 1065 1758 sive
1076 1710 1139 1776 pro
1153 1711 1190 1757 re
1206 1691 1280 1778 ipsa
1294 1711 1370 1778 quae
1392 1693 1429 1758 in
1439 1695 1565 1760 securi-

383 1807 489 1870 tatem
512 1802 631 1867 crediti
651 1800 767 1878 datur,
793 1801 866 1866 sive
886 1819 949 1886 pro
974 1786 1046 1885 ipso
1059 1801 1141 1881 jure
1163 1800 1245 1866 reali
1270 1801 1362 1884 quod
1382 1801 1417 1866 in
1441 1821 1478 1867 re
1499 1801 1562 1866 sihi

383 1913 565 1995 pignorata
579 1912 683 1976 hahet
695 1909 856 1987 creditor,
874 1910 946 1975 sive
962 1928 1024 1993 pro
1041 1910 1111 1994 apso
1127 1917 1301 1974 contractu
1312 1910 1562 1994 pipnoratitio:

384 2021 449 2084 hoc
463 2019 583 2084 ultimo
599 2037 703 2084 sensu
717 2017 936 2102 potissimum
951 2017 1114 2100 accipitur
1127 2017 1163 2081 in
1175 2019 1346 2100 praesenti.

421 2127 454 2190 9
469 2126 604 2209 Pignus
623 2126 787 2191 delinitur
803 2147 810 2188 :
829 2151 845 2184 «
863 2123 1063 2190 Contractus
1082 2124 1195 2200 realis,
1217 2143 1284 2209 quo
1306 2125 1439 2191 debitor
1458 2125 1564 2191 credi·

384 2235 450 2300 tori
461 2237 520 2319 jus
534 2236 569 2300 in
584 2253 622 2300 re
636 2233 750 2319 aliqua
763 2233 941 2300 constituit
950 2233 985 2298 in
998 2235 1216 2298 securitatem
1242 2233 1357 2298 debiti.
1371 2257 1387 2291 s
1400 2232 1450 2298 lta
1460 2234 1564 2298 etiam

384 2342 465 2408 God.
482 2343 547 2408 civ.
568 2347 631 2408 art.
651 2343 742 2408 9071.
763 2342 800 2406 11
816 2343 883 2407 hoc
901 2345 1078 2408 contractu
1098 2359 1287 2406 consensus
1299 2343 1388 2426 pacti
1410 2343 1514 2408 habet
1526 2361 1563 2407 se

385 2451 495 2515 instar
513 2451 644 2528 formae,
663 2455 698 2514 et
718 2467 774 2514 res
788 2448 938 2532 obligata
951 2448 1061 2513 instar
1071 2450 1234 2515 materiae.
1244 2448 1282 2513 ln
1293 2453 1371 2534 jure
1385 2449 1476 2516 civili
1490 2448 1566 2514 Gal-

383 2559 461 2638 lico,
483 2565 677 2626 contractus
696 2559 852 2643 pignoris
871 2558 994 2623 dicitur
1018 2561 1348 2639 conticuissemus
1370 2559 1562 2642 pignorata,

384 2669 412 2733 si
429 2673 483 2735 est
495 2668 642 2748 mobilis,
660 2688 749 2754 popo
757 2669 814 2752 ;‘si
827 2687 911 2734 vero
927 2670 971 2732 sit
984 2668 1169 2734 immobilis
1184 2668 1390 2733 anticdreair.
1405 2668 1563 2732 Dicemus

384 2781 505 2861 postea
524 2777 605 2861 quid
628 2777 765 2862 proprie
784 2777 828 2841 sit
844 2776 1057 2853 antichresis,
1079 2780 1114 2840 et
1134 2775 1307 2860 quomodo
1326 2769 1509 2860 accipiatur
1526 2774 1563 2839 in

379 2887 458 2968 jure
472 2885 637 2952 canonico
656 2889 691 2950 01
704 2885 830 2970 injure
845 2883 946 2950 civili.
963 2883 1102 2966 Pignus,
1125 2882 1205 2948 licet
1216 2884 1374 2966 generice
1388 2887 1564 2967 sumptum

383 2993 456 3059 solo
478 2995 628 3060 nominis
651 3012 737 3060 sono
756 2994 892 3059 differat
912 2994 954 3058 ah
973 2993 1177 3078 hypotheca,
1201 2997 1239 3056 ut
1260 2992 1409 3075 legimus
1432 2993 1469 3056 in
1486 2994 1564 3076 Jurs

382 3101 493 3178 Rom,
511 3108 638 3179 tamen,
661 3103 818 3186 specifice
839 3107 1026 3186 sumptum,
1041 3101 1084 3168 ab
1104 3121 1146 3168 ea
1168 3101 1412 3184 distinguntur:
1435 3100 1564 3166 etenim

382 3211 507 3295 pignus
522 3211 697 3295 perficitur
717 3211 898 3276 traditione
912 3210 973 3288 rei,
990 3211 1183 3295 generatim
1197 3209 1344 3288 mobilis,
1361 3209 1443 3274 dum
1457 3210 1563 3294 hypo

383 3321 482 3386 theca
493 3320 586 3385 nudo
599 3324 699 3402 pacto
713 3320 942 3396 constituitur,
959 3318 1032 3383 sine
1043 3318 1225 3384 traditione
1239 3318 1300 3383 rei.
1313 3317 1363 3382 lta
1373 3318 1477 3384 ctiam
1485 3323 1564 3401 post

382 3429 440 3511 jus
468 3427 566 3493 Rom.
596 3427 674 3492 God.
704 3427 769 3492 civ.
798 3432 860 3491 art.
890 3427 980 3492 9016.
1008 3423 1137 3490 Deinde
1161 3425 1252 3509 apud
1284 3443 1348 3490 nos
1373 3425 1564 3510 hypotheca

386 3553 458 3601 non
487 3535 706 3602 constituitur
725 3534 791 3599 nisi
811 3533 846 3598 in
869 3551 906 3599 re
921 3532 1099 3610 immobili,
1124 3551 1166 3596 ex
1186 3540 1249 3597 art.
1269 3531 1360 3610 9111,
1382 3533 1463 3597 9119
1481 3531 1559 3598 God.

384 3646 448 3710 civ.
467 3643 505 3708 ln
518 3639 642 3708 ellectu
658 3645 773 3706 tamen
784 3659 855 3706 non
871 3641 1044 3716 differunt,
1060 3639 1140 3724 quia
1150 3640 1346 3724 perpignus
1360 3639 1563 3724 ethypothe-

342 3755 346 3763 '
384 3769 460 3818 cam
482 3769 538 3816 res
552 3752 591 3816 111
604 3751 753 3833 obligata
767 3750 924 3815 creditori
939 3750 975 3813 in
997 3749 1215 3814 securitatem
1238 3747 1357 3825 debili,
1379 3748 1564 3832 acquiritur

381 3865 440 3946 jus
455 3860 663 3926 distrahendi
677 3877 763 3936 ram,
789 3861 818 3923 si
841 3859 975 3923 debitor
988 3858 1032 3921 sit
1053 3857 1089 3921 in
1112 3873 1210 3921 mora
1223 3854 1382 3940 culpabili
1395 3855 1560 3932 solvendi,

386 3969 526 4036 tandem
540 3969 640 4034 datur
654 3967 741 4033 actio
756 3965 857 4030 realis
867 3983 940 4029 rem
949 3965 1210 4049 oppignoratam
1218 3963 1397 4048 repetendi
1408 3981 1429 4029 1
1441 3963 1562 4048 quovis

385 4095 596 4164 possessore.

425 4187 594 4270 1111101110
605 4186 768 4272 pipnoris.
786 4184 912 4267 Pignus
922 4188 957 4249 01
968 4184 1159 4268 hypotheca
1173 4181 1353 4247 dividitur:
1366 4183 1398 4246 1⁰
1412 4181 1449 4247 in
1462 4199 1562 4264 gone·

386 4295 493 4363 nalem
507 4301 542 4360 01
556 4293 1228 4380 1100111111ε901110111111111101311111
1241 4289 1560 4356 omniahoncdehi-

386 4403 470 4470 10111
482 4424 489 4480 ;
508 4403 671 4489 specialis,
687 4401 943 4486 quaedsmcerta
958 4402 1049 4466 hona
1061 4405 1196 4465 mnium
1206 4419 1214 4476 3
1225 4399 1307 4463 -9
1321 4398 1357 4463 in
1371 4398 1495 4482 pignus
1508 4415 1562 4460 ex-

385 4530 542 4596 pressum
555 4515 589 4575 et
598 4511 739 4576 tacitum
756 4529 968 4596 :cupressum
982 4509 1201 4574 constituitur
1215 4524 1377 4592 expresso
1392 4523 1563 4571 consensu

385 4621 545 4704 partium,
567 4619 623 4700 vel
634 4622 734 4704 jussu
756 4626 791 4686 et
819 4619 995 4686 voluntate
1013 4617 1195 4692 testatoris,
1219 4616 1302 4682 dum
1325 4635 1358 4680 v.
1386 4635 1419 4698 g.
1437 4613 1564 4700 praedia

402 4747 464 4793 sua
479 4727 607 4810 obligat
617 4747 678 4812 pro
694 4727 814 4810 legalis
828 4747 848 4792 1
863 4746 899 4792 se
914 4727 1053 4803 relictis;
1067 4726 1220 4800 tacitum,
1231 4725 1321 4810 quod
1331 4723 1530 4810 plerumque
1543 4739 1565 4789 1
