<?xml version="1.0" encoding="UTF-8"?>
<!DOCTYPE html PUBLIC "-//W3C//DTD XHTML 1.0 Transitional//EN"
    "http://www.w3.org/TR/xhtml1/DTD/xhtml1-transitional.dtd">
<html xmlns="http://www.w3.org/1999/xhtml" xml:lang="en" lang="en">
 <head>
  <title>
</title>
<meta http-equiv="Content-Type" content="text/html;charset=utf-8" />
  <meta name='ocr-system' content='tesseract 3.04.00' />
  <meta name='ocr-capabilities' content='ocr_page ocr_carea ocr_par ocr_line ocrx_word'/>
</head>
<body>
  <div class='ocr_page' id='page_1' title='image "./juscanonicumjux00grangoog_0297.png"; bbox 0 0 3510 5574; ppageno 0'>
   <div class='ocr_carea' id='block_1_1' title="bbox 584 580 1414 673">
    <p class='ocr_par' dir='ltr' id='par_1_1' title="bbox 584 580 1414 673">
     <span class='ocr_line' id='line_1_1' title="bbox 584 580 1414 673; baseline 0.006 -32"><span class='ocrx_word' id='word_1_1' title='bbox 584 598 673 673; x_wconf 76' lang='lat' dir='ltr'>crosa</span> <span class='ocrx_word' id='word_1_2' title='bbox 694 597 818 644; x_wconf 74' lang='lat' dir='ltr'>renerus</span> <span class='ocrx_word' id='word_1_3' title='bbox 840 595 1062 643; x_wconf 80' lang='lat' dir='ltr'>nscnnrnuuu.</span> <span class='ocrx_word' id='word_1_4' title='bbox 1355 580 1414 646; x_wconf 71' lang='lat'>285</span> 
     </span>
    </p>
   </div>
   <div class='ocr_carea' id='block_1_2' title="bbox 233 714 1418 2099">
    <p class='ocr_par' dir='ltr' id='par_1_2' title="bbox 238 714 1413 908">
     <span class='ocr_line' id='line_1_2' title="bbox 278 714 1413 801; baseline 0.004 -22"><span class='ocrx_word' id='word_1_5' title='bbox 278 714 310 778; x_wconf 82' lang='lat'>3⁰</span> <span class='ocrx_word' id='word_1_6' title='bbox 320 714 387 780; x_wconf 88' lang='lat' dir='ltr'>Ros</span> <span class='ocrx_word' id='word_1_7' title='bbox 402 714 498 780; x_wconf 84' lang='lat' dir='ltr'>reddi</span> <span class='ocrx_word' id='word_1_8' title='bbox 514 715 615 782; x_wconf 89' lang='lat' dir='ltr'>dehet</span> <span class='ocrx_word' id='word_1_9' title='bbox 629 721 783 801; x_wconf 90' lang='lat' dir='ltr'>tempore</span> <span class='ocrx_word' id='word_1_10' title='bbox 798 717 983 798; x_wconf 89' lang='lat' dir='ltr'>assignato,</span> <span class='ocrx_word' id='word_1_11' title='bbox 997 715 1062 780; x_wconf 90' lang='lat' dir='ltr'>nisi</span> <span class='ocrx_word' id='word_1_12' title='bbox 1072 721 1174 784; x_wconf 86' lang='lat' dir='ltr'>antea</span> <span class='ocrx_word' id='word_1_13' title='bbox 1187 735 1208 782; x_wconf 88' lang='lat' dir='ltr'>a</span> <span class='ocrx_word' id='word_1_14' title='bbox 1223 717 1413 800; x_wconf 77' lang='lat' dir='ltr'>deponente</span> 
     </span>
     <span class='ocr_line' id='line_1_3' title="bbox 238 814 1050 908; baseline 0.004 -24"><span class='ocrx_word' id='word_1_15' title='bbox 238 814 421 905; x_wconf 78' lang='lat' dir='ltr'>repetatur,</span> <span class='ocrx_word' id='word_1_16' title='bbox 438 829 477 888; x_wconf 91' lang='lat' dir='ltr'>ut</span> <span class='ocrx_word' id='word_1_17' title='bbox 490 829 593 889; x_wconf 88' lang='lat' dir='ltr'>antea</span> <span class='ocrx_word' id='word_1_18' title='bbox 606 825 767 890; x_wconf 84' lang='lat' dir='ltr'>diximus.</span> <span class='ocrx_word' id='word_1_19' title='bbox 785 824 1050 908; x_wconf 76' lang='lat' dir='ltr'>consequenter,</span> 
     </span>
    </p>

    <p class='ocr_par' dir='ltr' id='par_1_3' title="bbox 233 930 1418 2099">
     <span class='ocr_line' id='line_1_4' title="bbox 278 930 1415 1019; baseline 0.006 -26"><span class='ocrx_word' id='word_1_20' title='bbox 278 931 307 1012; x_wconf 80' lang='lat' dir='ltr'>d)</span> <span class='ocrx_word' id='word_1_21' title='bbox 316 930 485 1008; x_wconf 74' lang='lat' dir='ltr'>Quaeritur</span> <span class='ocrx_word' id='word_1_22' title='bbox 496 952 504 994; x_wconf 91' lang='lat'><strong>:</strong></span> <span class='ocrx_word' id='word_1_23' title='bbox 517 931 637 997; x_wconf 81' lang='lat' dir='ltr'>Utrum</span> <span class='ocrx_word' id='word_1_24' title='bbox 645 932 869 1018; x_wconf 83' lang='lat' dir='ltr'>depositarius</span> <span class='ocrx_word' id='word_1_25' title='bbox 878 951 951 996; x_wconf 80' lang='lat' dir='ltr'>cem</span> <span class='ocrx_word' id='word_1_26' title='bbox 961 931 1149 1018; x_wconf 78' lang='lat' dir='ltr'>depositam</span> <span class='ocrx_word' id='word_1_27' title='bbox 1158 933 1415 1019; x_wconf 83' lang='lat' dir='ltr'>retinereposstt</span> 
     </span>
     <span class='ocr_line' id='line_1_5' title="bbox 238 1039 1415 1126; baseline 0.005 -25"><span class='ocrx_word' id='word_1_28' title='bbox 238 1039 593 1126; x_wconf 62' lang='lat' dir='ltr'>recompensationem</span> <span class='ocrx_word' id='word_1_29' title='bbox 609 1061 685 1105; x_wconf 85' lang='lat' dir='ltr'>cnm</span> <span class='ocrx_word' id='word_1_30' title='bbox 704 1041 771 1106; x_wconf 82' lang='lat' dir='ltr'>olio</span> <span class='ocrx_word' id='word_1_31' title='bbox 792 1041 902 1106; x_wconf 81' lang='lat' dir='ltr'>dedito</span> <span class='ocrx_word' id='word_1_32' title='bbox 925 1059 991 1124; x_wconf 84' lang='lat' dir='ltr'>quo</span> <span class='ocrx_word' id='word_1_33' title='bbox 1007 1041 1072 1125; x_wconf 78' lang='lat' dir='ltr'>ipsi</span> <span class='ocrx_word' id='word_1_34' title='bbox 1088 1041 1256 1125; x_wconf 83' lang='lat' dir='ltr'>deponens</span> <span class='ocrx_word' id='word_1_35' title='bbox 1275 1043 1415 1107; x_wconf 79' lang='lat' dir='ltr'>obstrin-</span> 
     </span>
     <span class='ocr_line' id='line_1_6' title="bbox 236 1147 1418 1234; baseline 0.005 -24"><span class='ocrx_word' id='word_1_36' title='bbox 236 1147 352 1229; x_wconf 81' lang='lat' dir='ltr'>pe&#39;tur?</span> <span class='ocrx_word' id='word_1_37' title='bbox 364 1167 403 1212; x_wconf 87' lang='lat' dir='ltr'>oc</span> <span class='ocrx_word' id='word_1_38' title='bbox 413 1148 558 1234; x_wconf 78' lang='lat' dir='ltr'>proinde</span> <span class='ocrx_word' id='word_1_39' title='bbox 572 1157 689 1212; x_wconf 80' lang='lat' dir='ltr'>utrum</span> <span class='ocrx_word' id='word_1_40' title='bbox 696 1151 817 1234; x_wconf 82' lang='lat' dir='ltr'>poscit,</span> <span class='ocrx_word' id='word_1_41' title='bbox 835 1150 906 1234; x_wconf 82' lang='lat' dir='ltr'>ipso</span> <span class='ocrx_word' id='word_1_42' title='bbox 919 1156 1090 1233; x_wconf 84' lang='lat' dir='ltr'>repetente</span> <span class='ocrx_word' id='word_1_43' title='bbox 1104 1147 1200 1212; x_wconf 85' lang='lat' dir='ltr'>illam</span> <span class='ocrx_word' id='word_1_44' title='bbox 1209 1169 1347 1233; x_wconf 71' lang='lat' dir='ltr'>nepote,</span> <span class='ocrx_word' id='word_1_45' title='bbox 1361 1151 1418 1216; x_wconf 82' lang='lat' dir='ltr'>cet</span> 
     </span>
     <span class='ocr_line' id='line_1_7' title="bbox 237 1252 1411 1341; baseline 0.003 -23"><span class='ocrx_word' id='word_1_46' title='bbox 237 1252 398 1320; x_wconf 82' lang='lat' dir='ltr'>deducere</span> <span class='ocrx_word' id='word_1_47' title='bbox 402 1265 540 1341; x_wconf 85' lang='lat' dir='ltr'>partem</span> <span class='ocrx_word' id='word_1_48' title='bbox 551 1257 696 1341; x_wconf 81' lang='lat' dir='ltr'>depositi</span> <span class='ocrx_word' id='word_1_49' title='bbox 703 1276 743 1321; x_wconf 88' lang='lat' dir='ltr'>ac</span> <span class='ocrx_word' id='word_1_50' title='bbox 752 1257 818 1321; x_wconf 82' lang='lat' dir='ltr'>sibi</span> <span class='ocrx_word' id='word_1_51' title='bbox 825 1255 1232 1339; x_wconf 68' lang='lat' dir='ltr'>amaretnesponcetur</span> <span class='ocrx_word' id='word_1_52' title='bbox 1241 1258 1411 1339; x_wconf 89' lang='lat' dir='ltr'>negative.</span> 
     </span>
     <span class='ocr_line' id='line_1_8' title="bbox 236 1363 1415 1448; baseline 0.004 -22"><span class='ocrx_word' id='word_1_53' title='bbox 236 1363 360 1430; x_wconf 81' lang='lat' dir='ltr'>Contra</span> <span class='ocrx_word' id='word_1_54' title='bbox 374 1363 567 1448; x_wconf 90' lang='lat' dir='ltr'>depositum</span> <span class='ocrx_word' id='word_1_55' title='bbox 581 1383 646 1429; x_wconf 87' lang='lat' dir='ltr'>nec</span> <span class='ocrx_word' id='word_1_56' title='bbox 659 1365 943 1448; x_wconf 88' lang='lat' dir='ltr'>compensationi,</span> <span class='ocrx_word' id='word_1_57' title='bbox 960 1382 1024 1430; x_wconf 88' lang='lat' dir='ltr'>nec</span> <span class='ocrx_word' id='word_1_58' title='bbox 1038 1365 1233 1431; x_wconf 86' lang='lat' dir='ltr'>deductioni</span> <span class='ocrx_word' id='word_1_59' title='bbox 1251 1364 1346 1432; x_wconf 87' lang='lat' dir='ltr'>locus</span> <span class='ocrx_word' id='word_1_60' title='bbox 1363 1372 1415 1431; x_wconf 89' lang='lat' dir='ltr'>est</span> 
     </span>
     <span class='ocr_line' id='line_1_9' title="bbox 235 1471 1413 1555; baseline 0.003 -19"><span class='ocrx_word' id='word_1_61' title='bbox 235 1476 374 1555; x_wconf 88' lang='lat' dir='ltr'>proptor</span> <span class='ocrx_word' id='word_1_62' title='bbox 388 1471 551 1550; x_wconf 88' lang='lat' dir='ltr'>debitum,</span> <span class='ocrx_word' id='word_1_63' title='bbox 568 1473 690 1538; x_wconf 86' lang='lat' dir='ltr'>saltem</span> <span class='ocrx_word' id='word_1_64' title='bbox 706 1478 803 1540; x_wconf 87' lang='lat' dir='ltr'>extra</span> <span class='ocrx_word' id='word_1_65' title='bbox 816 1474 932 1540; x_wconf 85' lang='lat' dir='ltr'>forum</span> <span class='ocrx_word' id='word_1_66' title='bbox 945 1473 1177 1552; x_wconf 81' lang='lat' dir='ltr'>conscientiae3</span> <span class='ocrx_word' id='word_1_67' title='bbox 1194 1491 1275 1539; x_wconf 89' lang='lat' dir='ltr'>nam</span> <span class='ocrx_word' id='word_1_68' title='bbox 1288 1474 1325 1538; x_wconf 91' lang='lat' dir='ltr'>in</span> <span class='ocrx_word' id='word_1_69' title='bbox 1338 1474 1413 1540; x_wconf 87' lang='lat' dir='ltr'>toro</span> 
     </span>
     <span class='ocr_line' id='line_1_10' title="bbox 235 1580 1413 1666; baseline 0.004 -22"><span class='ocrx_word' id='word_1_70' title='bbox 235 1580 463 1659; x_wconf 76' lang='lat' dir='ltr'>conscientia,</span> <span class='ocrx_word' id='word_1_71' title='bbox 479 1582 508 1645; x_wconf 90' lang='lat' dir='ltr'>si</span> <span class='ocrx_word' id='word_1_72' title='bbox 523 1580 677 1646; x_wconf 88' lang='lat' dir='ltr'>debitum</span> <span class='ocrx_word' id='word_1_73' title='bbox 689 1581 858 1666; x_wconf 88' lang='lat' dir='ltr'>liquidum</span> <span class='ocrx_word' id='word_1_74' title='bbox 877 1588 930 1647; x_wconf 89' lang='lat' dir='ltr'>est</span> <span class='ocrx_word' id='word_1_75' title='bbox 945 1585 980 1648; x_wconf 88' lang='lat' dir='ltr'>et</span> <span class='ocrx_word' id='word_1_76' title='bbox 998 1581 1064 1648; x_wconf 91' lang='lat' dir='ltr'>alio</span> <span class='ocrx_word' id='word_1_77' title='bbox 1079 1598 1295 1666; x_wconf 85' lang='lat' dir='ltr'>quocumque</span> <span class='ocrx_word' id='word_1_78' title='bbox 1309 1583 1413 1649; x_wconf 92' lang='lat' dir='ltr'>modo</span> 
     </span>
     <span class='ocr_line' id='line_1_11' title="bbox 234 1689 1415 1774; baseline 0.003 -23"><span class='ocrx_word' id='word_1_79' title='bbox 234 1703 304 1752; x_wconf 87' lang='lat' dir='ltr'>non</span> <span class='ocrx_word' id='word_1_80' title='bbox 314 1693 428 1772; x_wconf 89' lang='lat' dir='ltr'>potest</span> <span class='ocrx_word' id='word_1_81' title='bbox 438 1689 613 1774; x_wconf 82' lang='lat' dir='ltr'>consequi,</span> <span class='ocrx_word' id='word_1_82' title='bbox 626 1689 707 1754; x_wconf 89' lang='lat' dir='ltr'>licet</span> <span class='ocrx_word' id='word_1_83' title='bbox 717 1690 766 1754; x_wconf 93' lang='lat' dir='ltr'>uti</span> <span class='ocrx_word' id='word_1_84' title='bbox 776 1690 1068 1774; x_wconf 78' lang='lat' dir='ltr'>compensatione.</span> <span class='ocrx_word' id='word_1_85' title='bbox 1081 1691 1179 1758; x_wconf 89' lang='lat' dir='ltr'>Ratio</span> <span class='ocrx_word' id='word_1_86' title='bbox 1190 1691 1290 1756; x_wconf 88' lang='lat' dir='ltr'>datur</span> <span class='ocrx_word' id='word_1_87' title='bbox 1301 1693 1337 1756; x_wconf 93' lang='lat' dir='ltr'>in</span> <span class='ocrx_word' id='word_1_88' title='bbox 1348 1710 1377 1758; x_wconf 91' lang='lat' dir='ltr'>c.</span> <span class='ocrx_word' id='word_1_89' title='bbox 1394 1693 1415 1755; x_wconf 70' lang='grc'><strong>1</strong></span> 
     </span>
     <span class='ocr_line' id='line_1_12' title="bbox 233 1797 1411 1882; baseline 0.002 -20"><span class='ocrx_word' id='word_1_90' title='bbox 233 1797 267 1862; x_wconf 91' lang='lat' dir='ltr'>h.</span> <span class='ocrx_word' id='word_1_91' title='bbox 284 1802 321 1874; x_wconf 90' lang='lat' dir='ltr'>t.‚</span> <span class='ocrx_word' id='word_1_92' title='bbox 339 1798 419 1882; x_wconf 90' lang='lat' dir='ltr'>quia</span> <span class='ocrx_word' id='word_1_93' title='bbox 433 1797 560 1862; x_wconf 89' lang='lat' dir='ltr'>scilicet</span> <span class='ocrx_word' id='word_1_94' title='bbox 572 1798 608 1861; x_wconf 90' lang='lat' dir='ltr'>in</span> <span class='ocrx_word' id='word_1_95' title='bbox 622 1798 688 1864; x_wconf 87' lang='lat' dir='ltr'>hoc</span> <span class='ocrx_word' id='word_1_96' title='bbox 700 1803 878 1864; x_wconf 85' lang='lat' dir='ltr'>contractu</span> <span class='ocrx_word' id='word_1_97' title='bbox 891 1800 1066 1866; x_wconf 88' lang='lat' dir='ltr'>abundare</span> <span class='ocrx_word' id='word_1_98' title='bbox 1082 1801 1184 1868; x_wconf 89' lang='lat' dir='ltr'>dehet</span> <span class='ocrx_word' id='word_1_99' title='bbox 1197 1803 1288 1868; x_wconf 92' lang='lat' dir='ltr'>hona</span> <span class='ocrx_word' id='word_1_100' title='bbox 1301 1803 1386 1866; x_wconf 85' lang='lat' dir='ltr'>fides</span> <span class='ocrx_word' id='word_1_101' title='bbox 1403 1821 1411 1864; x_wconf 75' lang='grc' dir='ltr'>ε</span> 
     </span>
     <span class='ocr_line' id='line_1_13' title="bbox 234 1905 1413 1994; baseline 0.003 -24"><span class='ocrx_word' id='word_1_102' title='bbox 234 1924 314 1971; x_wconf 88' lang='lat' dir='ltr'>uam</span> <span class='ocrx_word' id='word_1_103' title='bbox 323 1923 402 1970; x_wconf 89' lang='lat' dir='ltr'>cum</span> <span class='ocrx_word' id='word_1_104' title='bbox 409 1905 666 1971; x_wconf 88' lang='lat' dir='ltr'>illecontractus</span> <span class='ocrx_word' id='word_1_105' title='bbox 679 1907 815 1972; x_wconf 88' lang='lat' dir='ltr'>ineatur</span> <span class='ocrx_word' id='word_1_106' title='bbox 823 1907 915 1972; x_wconf 87' lang='lat' dir='ltr'>inter</span> <span class='ocrx_word' id='word_1_107' title='bbox 923 1909 1062 1985; x_wconf 89' lang='lat' dir='ltr'>amicos,</span> <span class='ocrx_word' id='word_1_108' title='bbox 1074 1909 1172 1974; x_wconf 82' lang='lat' dir='ltr'>facile</span> <span class='ocrx_word' id='word_1_109' title='bbox 1183 1909 1226 1974; x_wconf 86' lang='lat' dir='ltr'>ad</span> <span class='ocrx_word' id='word_1_110' title='bbox 1234 1909 1413 1994; x_wconf 82' lang='lat' dir='ltr'>perfidiam</span> 
     </span>
     <span class='ocr_line' id='line_1_14' title="bbox 235 2014 1356 2099; baseline 0.002 -19"><span class='ocrx_word' id='word_1_111' title='bbox 235 2014 436 2094; x_wconf 76' lang='lat' dir='ltr'>traheretur,</span> <span class='ocrx_word' id='word_1_112' title='bbox 452 2015 481 2080; x_wconf 92' lang='lat' dir='ltr'>si</span> <span class='ocrx_word' id='word_1_113' title='bbox 495 2014 691 2081; x_wconf 86' lang='lat' dir='ltr'>admitteret</span> <span class='ocrx_word' id='word_1_114' title='bbox 704 2016 1022 2099; x_wconf 86' lang='lat' dir='ltr'>compensationem</span> <span class='ocrx_word' id='word_1_115' title='bbox 1036 2015 1092 2082; x_wconf 91' lang='lat' dir='ltr'>vel</span> <span class='ocrx_word' id='word_1_116' title='bbox 1106 2017 1356 2082; x_wconf 90' lang='lat' dir='ltr'>deductionem.</span> 
     </span>
    </p>
   </div>
   <div class='ocr_carea' id='block_1_3' title="bbox 389 2205 1258 2272">
    <p class='ocr_par' dir='ltr' id='par_1_4' title="bbox 389 2205 1258 2272">
     <span class='ocr_line' id='line_1_15' title="bbox 389 2205 1258 2272; baseline 0.003 -14"><span class='ocrx_word' id='word_1_117' title='bbox 389 2207 421 2258; x_wconf 90' lang='lat' dir='ltr'>v.</span> <span class='ocrx_word' id='word_1_118' title='bbox 437 2207 477 2259; x_wconf 86' lang='lat' dir='ltr'>Da</span> <span class='ocrx_word' id='word_1_119' title='bbox 491 2205 651 2259; x_wconf 84' lang='lat' dir='ltr'>actionibus</span> <span class='ocrx_word' id='word_1_120' title='bbox 666 2218 728 2271; x_wconf 79' lang='lat' dir='ltr'>qua</span> <span class='ocrx_word' id='word_1_121' title='bbox 743 2207 902 2260; x_wconf 83' lang='lat' dir='ltr'>nascuntur</span> <span class='ocrx_word' id='word_1_122' title='bbox 918 2219 952 2260; x_wconf 87' lang='lat' dir='ltr'>ex</span> <span class='ocrx_word' id='word_1_123' title='bbox 965 2208 1114 2261; x_wconf 86' lang='lat' dir='ltr'>contractu</span> <span class='ocrx_word' id='word_1_124' title='bbox 1128 2207 1258 2272; x_wconf 83' lang='lat' dir='ltr'>depositi.</span> 
     </span>
    </p>
   </div>
   <div class='ocr_carea' id='block_1_4' title="bbox 228 2339 1412 4814">
    <p class='ocr_par' dir='ltr' id='par_1_5' title="bbox 273 2339 1105 2424">
     <span class='ocr_line' id='line_1_16' title="bbox 273 2339 1105 2424; baseline 0.002 -20"><span class='ocrx_word' id='word_1_125' title='bbox 273 2341 306 2422; x_wconf 86' lang='lat' dir='ltr'>a)</span> <span class='ocrx_word' id='word_1_126' title='bbox 321 2339 511 2424; x_wconf 88' lang='lat' dir='ltr'>Sequentes</span> <span class='ocrx_word' id='word_1_127' title='bbox 525 2341 718 2422; x_wconf 80' lang='lat' dir='ltr'>generatim</span> <span class='ocrx_word' id='word_1_128' title='bbox 729 2345 918 2408; x_wconf 89' lang='lat' dir='ltr'>nascuntur</span> <span class='ocrx_word' id='word_1_129' title='bbox 931 2342 1082 2408; x_wconf 89' lang='lat' dir='ltr'>actiones</span> <span class='ocrx_word' id='word_1_130' title='bbox 1097 2363 1105 2406; x_wconf 77' lang='grc' dir='ltr'>ε</span> 
     </span>
    </p>

    <p class='ocr_par' dir='ltr' id='par_1_6' title="bbox 231 2447 1412 3184">
     <span class='ocr_line' id='line_1_17' title="bbox 272 2447 1412 2536; baseline 0.005 -25"><span class='ocrx_word' id='word_1_131' title='bbox 272 2449 303 2511; x_wconf 82' lang='lat'>1⁰</span> <span class='ocrx_word' id='word_1_132' title='bbox 317 2447 423 2512; x_wconf 86' lang='lat' dir='ltr'>Datur</span> <span class='ocrx_word' id='word_1_133' title='bbox 439 2449 527 2513; x_wconf 89' lang='lat' dir='ltr'>actio</span> <span class='ocrx_word' id='word_1_134' title='bbox 543 2448 671 2513; x_wconf 80' lang='lat' dir='ltr'>duecte</span> <span class='ocrx_word' id='word_1_135' title='bbox 689 2447 845 2532; x_wconf 87' lang='lat' dir='ltr'>depositi,</span> <span class='ocrx_word' id='word_1_136' title='bbox 863 2468 939 2534; x_wconf 82' lang='lat' dir='ltr'>quae</span> <span class='ocrx_word' id='word_1_137' title='bbox 954 2451 1118 2536; x_wconf 87' lang='lat' dir='ltr'>competit</span> <span class='ocrx_word' id='word_1_138' title='bbox 1133 2450 1317 2534; x_wconf 90' lang='lat' dir='ltr'>deponenti</span> <span class='ocrx_word' id='word_1_139' title='bbox 1331 2470 1412 2516; x_wconf 89' lang='lat' dir='ltr'>con·</span> 
     </span>
     <span class='ocr_line' id='line_1_18' title="bbox 233 2555 1412 2642; baseline 0.005 -24"><span class='ocrx_word' id='word_1_140' title='bbox 233 2561 285 2620; x_wconf 88' lang='lat' dir='ltr'>tra</span> <span class='ocrx_word' id='word_1_141' title='bbox 299 2555 544 2640; x_wconf 81' lang='lat' dir='ltr'>depositarium</span> <span class='ocrx_word' id='word_1_142' title='bbox 558 2556 689 2622; x_wconf 90' lang='lat' dir='ltr'>adrem</span> <span class='ocrx_word' id='word_1_143' title='bbox 707 2575 806 2622; x_wconf 87' lang='lat' dir='ltr'>suam</span> <span class='ocrx_word' id='word_1_144' title='bbox 826 2556 1038 2639; x_wconf 81' lang='lat' dir='ltr'>integraliter</span> <span class='ocrx_word' id='word_1_145' title='bbox 1055 2558 1284 2642; x_wconf 77' lang='lat' dir='ltr'>recipiendam</span> <span class='ocrx_word' id='word_1_146' title='bbox 1299 2559 1355 2624; x_wconf 87' lang='lat' dir='ltr'>vel</span> <span class='ocrx_word' id='word_1_147' title='bbox 1369 2559 1412 2624; x_wconf 90' lang='lat' dir='ltr'>ad</span> 
     </span>
     <span class='ocr_line' id='line_1_19' title="bbox 234 2663 1411 2749; baseline 0.006 -24"><span class='ocrx_word' id='word_1_148' title='bbox 234 2665 308 2746; x_wconf 86' lang='lat' dir='ltr'>ejus</span> <span class='ocrx_word' id='word_1_149' title='bbox 322 2663 596 2740; x_wconf 87' lang='lat' dir='ltr'>aestimationem,</span> <span class='ocrx_word' id='word_1_150' title='bbox 612 2664 641 2728; x_wconf 87' lang='lat' dir='ltr'>si</span> <span class='ocrx_word' id='word_1_151' title='bbox 655 2663 756 2747; x_wconf 88' lang='lat' dir='ltr'>culpa</span> <span class='ocrx_word' id='word_1_152' title='bbox 765 2663 898 2730; x_wconf 84' lang='lat' dir='ltr'>lateres</span> <span class='ocrx_word' id='word_1_153' title='bbox 908 2664 1062 2748; x_wconf 88' lang='lat' dir='ltr'>deposita</span> <span class='ocrx_word' id='word_1_154' title='bbox 1074 2665 1185 2749; x_wconf 87' lang='lat' dir='ltr'>periit,</span> <span class='ocrx_word' id='word_1_155' title='bbox 1199 2666 1255 2730; x_wconf 85' lang='lat' dir='ltr'>vel</span> <span class='ocrx_word' id='word_1_156' title='bbox 1268 2667 1411 2733; x_wconf 88' lang='lat' dir='ltr'>deterio-</span> 
     </span>
     <span class='ocr_line' id='line_1_20' title="bbox 232 2771 1411 2856; baseline 0.008 -24"><span class='ocrx_word' id='word_1_157' title='bbox 232 2775 305 2836; x_wconf 87' lang='lat' dir='ltr'>rata</span> <span class='ocrx_word' id='word_1_158' title='bbox 315 2777 377 2837; x_wconf 89' lang='lat' dir='ltr'>est.</span> <span class='ocrx_word' id='word_1_159' title='bbox 390 2771 425 2836; x_wconf 88' lang='lat' dir='ltr'>Si</span> <span class='ocrx_word' id='word_1_160' title='bbox 435 2789 492 2838; x_wconf 88' lang='lat' dir='ltr'>res</span> <span class='ocrx_word' id='word_1_161' title='bbox 506 2772 543 2835; x_wconf 92' lang='lat' dir='ltr'>in</span> <span class='ocrx_word' id='word_1_162' title='bbox 558 2790 596 2837; x_wconf 89' lang='lat' dir='ltr'>se</span> <span class='ocrx_word' id='word_1_163' title='bbox 611 2776 734 2850; x_wconf 85' lang='lat' dir='ltr'>exstet,</span> <span class='ocrx_word' id='word_1_164' title='bbox 749 2771 926 2855; x_wconf 89' lang='lat' dir='ltr'>deponens</span> <span class='ocrx_word' id='word_1_165' title='bbox 938 2772 1172 2856; x_wconf 73' lang='lat' dir='ltr'>praeferendus</span> <span class='ocrx_word' id='word_1_166' title='bbox 1186 2780 1239 2840; x_wconf 89' lang='lat' dir='ltr'>ost</span> <span class='ocrx_word' id='word_1_167' title='bbox 1251 2776 1411 2841; x_wconf 88' lang='lat' dir='ltr'>omnihus</span> 
     </span>
     <span class='ocr_line' id='line_1_21' title="bbox 231 2879 1408 2968; baseline 0.007 -26"><span class='ocrx_word' id='word_1_168' title='bbox 231 2879 455 2946; x_wconf 87' lang='lat' dir='ltr'>creditoribus</span> <span class='ocrx_word' id='word_1_169' title='bbox 467 2881 680 2964; x_wconf 81' lang='lat' dir='ltr'>depositarii;</span> <span class='ocrx_word' id='word_1_170' title='bbox 694 2881 723 2945; x_wconf 89' lang='lat' dir='ltr'>si</span> <span class='ocrx_word' id='word_1_171' title='bbox 734 2899 818 2946; x_wconf 87' lang='lat' dir='ltr'>vero</span> <span class='ocrx_word' id='word_1_172' title='bbox 830 2883 933 2946; x_wconf 86' lang='lat' dir='ltr'>tuerit</span> <span class='ocrx_word' id='word_1_173' title='bbox 946 2888 1151 2966; x_wconf 88' lang='lat' dir='ltr'>consumpta</span> <span class='ocrx_word' id='word_1_174' title='bbox 1162 2902 1182 2948; x_wconf 83' lang='lat' dir='ltr'>a</span> <span class='ocrx_word' id='word_1_175' title='bbox 1192 2884 1408 2968; x_wconf 86' lang='lat' dir='ltr'>depositorio,</span> 
     </span>
     <span class='ocr_line' id='line_1_22' title="bbox 233 2988 1410 3074; baseline 0.006 -23"><span class='ocrx_word' id='word_1_176' title='bbox 233 2988 407 3073; x_wconf 89' lang='lat' dir='ltr'>deponens</span> <span class='ocrx_word' id='word_1_177' title='bbox 429 2989 560 3056; x_wconf 88' lang='lat' dir='ltr'>nullam</span> <span class='ocrx_word' id='word_1_178' title='bbox 580 2991 808 3074; x_wconf 76' lang='lat' dir='ltr'>hypothecam</span> <span class='ocrx_word' id='word_1_179' title='bbox 831 2991 979 3074; x_wconf 84' lang='lat' dir='ltr'>legalem</span> <span class='ocrx_word' id='word_1_180' title='bbox 1002 3011 1064 3057; x_wconf 89' lang='lat' dir='ltr'>seu</span> <span class='ocrx_word' id='word_1_181' title='bbox 1088 2993 1225 3058; x_wconf 85' lang='lat' dir='ltr'>tacitam</span> <span class='ocrx_word' id='word_1_182' title='bbox 1249 2994 1352 3059; x_wconf 88' lang='lat' dir='ltr'>hahet</span> <span class='ocrx_word' id='word_1_183' title='bbox 1375 2995 1410 3058; x_wconf 92' lang='lat' dir='ltr'>in</span> 
     </span>
     <span class='ocr_line' id='line_1_23' title="bbox 231 3099 1125 3184; baseline 0.002 -22"><span class='ocrx_word' id='word_1_184' title='bbox 231 3099 330 3164; x_wconf 87' lang='lat' dir='ltr'>honis</span> <span class='ocrx_word' id='word_1_185' title='bbox 342 3100 549 3184; x_wconf 89' lang='lat' dir='ltr'>depositarii,</span> <span class='ocrx_word' id='word_1_186' title='bbox 566 3119 645 3164; x_wconf 91' lang='lat' dir='ltr'>cum</span> <span class='ocrx_word' id='word_1_187' title='bbox 659 3101 695 3165; x_wconf 94' lang='lat' dir='ltr'>id</span> <span class='ocrx_word' id='word_1_188' title='bbox 708 3099 803 3166; x_wconf 92' lang='lat' dir='ltr'>nullo</span> <span class='ocrx_word' id='word_1_189' title='bbox 815 3104 893 3184; x_wconf 89' lang='lat' dir='ltr'>jure</span> <span class='ocrx_word' id='word_1_190' title='bbox 909 3103 1125 3168; x_wconf 88' lang='lat' dir='ltr'>concedatur.</span> 
     </span>
    </p>

    <p class='ocr_par' dir='ltr' id='par_1_7' title="bbox 230 3208 1409 3620">
     <span class='ocr_line' id='line_1_24' title="bbox 269 3208 1409 3295; baseline 0.004 -22"><span class='ocrx_word' id='word_1_191' title='bbox 269 3208 409 3274; x_wconf 50' lang='lat' dir='ltr'>&amp;Actio</span> <span class='ocrx_word' id='word_1_192' title='bbox 432 3208 532 3274; x_wconf 89' lang='lat' dir='ltr'>datur</span> <span class='ocrx_word' id='word_1_193' title='bbox 554 3209 724 3275; x_wconf 88' lang='lat' dir='ltr'>contraria</span> <span class='ocrx_word' id='word_1_194' title='bbox 745 3208 901 3293; x_wconf 90' lang='lat' dir='ltr'>depositi,</span> <span class='ocrx_word' id='word_1_195' title='bbox 918 3229 994 3294; x_wconf 82' lang='lat' dir='ltr'>quae</span> <span class='ocrx_word' id='word_1_196' title='bbox 1018 3211 1182 3294; x_wconf 90' lang='lat' dir='ltr'>competit</span> <span class='ocrx_word' id='word_1_197' title='bbox 1204 3211 1409 3295; x_wconf 84' lang='lat' dir='ltr'>depositaria</span> 
     </span>
     <span class='ocr_line' id='line_1_25' title="bbox 230 3305 1409 3405; baseline 0.003 -24"><span class='ocrx_word' id='word_1_198' title='bbox 230 3321 349 3404; x_wconf 86' lang='lat' dir='ltr'>contra</span> <span class='ocrx_word' id='word_1_199' title='bbox 369 3319 599 3402; x_wconf 88' lang='lat' dir='ltr'>deponentem</span> <span class='ocrx_word' id='word_1_200' title='bbox 616 3336 679 3402; x_wconf 92' lang='lat' dir='ltr'>pro</span> <span class='ocrx_word' id='word_1_201' title='bbox 698 3305 922 3385; x_wconf 83' lang='lat' dir='ltr'>resarciendis</span> <span class='ocrx_word' id='word_1_202' title='bbox 944 3321 1119 3405; x_wconf 87' lang='lat' dir='ltr'>impensis,</span> <span class='ocrx_word' id='word_1_203' title='bbox 1137 3321 1165 3383; x_wconf 92' lang='lat' dir='ltr'>si</span> <span class='ocrx_word' id='word_1_204' title='bbox 1181 3339 1264 3405; x_wconf 87' lang='lat' dir='ltr'>quas</span> <span class='ocrx_word' id='word_1_205' title='bbox 1279 3322 1359 3386; x_wconf 83' lang='lat' dir='ltr'>lecit</span> <span class='ocrx_word' id='word_1_206' title='bbox 1373 3321 1409 3385; x_wconf 93' lang='lat' dir='ltr'>in</span> 
     </span>
     <span class='ocr_line' id='line_1_26' title="bbox 230 3425 1409 3510; baseline 0.003 -21"><span class='ocrx_word' id='word_1_207' title='bbox 230 3443 305 3490; x_wconf 88' lang='lat' dir='ltr'>rem</span> <span class='ocrx_word' id='word_1_208' title='bbox 318 3425 519 3510; x_wconf 83' lang='lat' dir='ltr'>depositam.</span> <span class='ocrx_word' id='word_1_209' title='bbox 535 3425 605 3492; x_wconf 88' lang='lat' dir='ltr'>Hoc</span> <span class='ocrx_word' id='word_1_210' title='bbox 618 3443 712 3504; x_wconf 85' lang='lat' dir='ltr'>casu,</span> <span class='ocrx_word' id='word_1_211' title='bbox 727 3427 955 3510; x_wconf 84' lang='lat' dir='ltr'>depositarius</span> <span class='ocrx_word' id='word_1_212' title='bbox 974 3445 1045 3492; x_wconf 89' lang='lat' dir='ltr'>uon</span> <span class='ocrx_word' id='word_1_213' title='bbox 1066 3431 1204 3492; x_wconf 88' lang='lat' dir='ltr'>tenetur</span> <span class='ocrx_word' id='word_1_214' title='bbox 1216 3445 1291 3492; x_wconf 90' lang='lat' dir='ltr'>rem</span> <span class='ocrx_word' id='word_1_215' title='bbox 1311 3429 1409 3492; x_wconf 88' lang='lat' dir='ltr'>resti-</span> 
     </span>
     <span class='ocr_line' id='line_1_27' title="bbox 231 3535 967 3620; baseline 0.001 -23"><span class='ocrx_word' id='word_1_216' title='bbox 231 3539 337 3612; x_wconf 90' lang='lat' dir='ltr'>tuere,</span> <span class='ocrx_word' id='word_1_217' title='bbox 354 3535 463 3602; x_wconf 90' lang='lat' dir='ltr'>donec</span> <span class='ocrx_word' id='word_1_218' title='bbox 479 3536 544 3600; x_wconf 92' lang='lat' dir='ltr'>sihi</span> <span class='ocrx_word' id='word_1_219' title='bbox 557 3553 717 3620; x_wconf 78' lang='lat' dir='ltr'>expensae</span> <span class='ocrx_word' id='word_1_220' title='bbox 729 3535 967 3602; x_wconf 84' lang='lat' dir='ltr'>retundantur.</span> 
     </span>
    </p>

    <p class='ocr_par' dir='ltr' id='par_1_8' title="bbox 230 3641 1405 3836">
     <span class='ocr_line' id='line_1_28' title="bbox 268 3641 1405 3729; baseline 0.004 -23"><span class='ocrx_word' id='word_1_221' title='bbox 268 3643 301 3706; x_wconf 72' lang='grc' dir='ltr'>3ο</span> <span class='ocrx_word' id='word_1_222' title='bbox 315 3641 462 3728; x_wconf 86' lang='lat' dir='ltr'>Utraque</span> <span class='ocrx_word' id='word_1_223' title='bbox 475 3644 549 3708; x_wconf 83' lang='lat' dir='ltr'>haec</span> <span class='ocrx_word' id='word_1_224' title='bbox 563 3645 651 3710; x_wconf 89' lang='lat' dir='ltr'>actio</span> <span class='ocrx_word' id='word_1_225' title='bbox 671 3649 724 3710; x_wconf 88' lang='lat' dir='ltr'>est</span> <span class='ocrx_word' id='word_1_226' title='bbox 740 3643 859 3721; x_wconf 89' lang='lat' dir='ltr'>civilis,</span> <span class='ocrx_word' id='word_1_227' title='bbox 876 3645 1080 3729; x_wconf 85' lang='lat' dir='ltr'>personalis,</span> <span class='ocrx_word' id='word_1_228' title='bbox 1096 3645 1146 3711; x_wconf 90' lang='lat' dir='ltr'>rei</span> <span class='ocrx_word' id='word_1_229' title='bbox 1164 3646 1405 3728; x_wconf 86' lang='lat' dir='ltr'>persecutoria,</span> 
     </span>
     <span class='ocr_line' id='line_1_29' title="bbox 230 3749 1107 3836; baseline 0.003 -23"><span class='ocrx_word' id='word_1_230' title='bbox 230 3749 328 3816; x_wconf 88' lang='lat' dir='ltr'>home</span> <span class='ocrx_word' id='word_1_231' title='bbox 342 3752 433 3829; x_wconf 83' lang='lat' dir='ltr'>fidei,</span> <span class='ocrx_word' id='word_1_232' title='bbox 448 3757 662 3836; x_wconf 84' lang='lat' dir='ltr'>perpetuast</span> <span class='ocrx_word' id='word_1_233' title='bbox 676 3753 872 3818; x_wconf 85' lang='lat' dir='ltr'>transitoria</span> <span class='ocrx_word' id='word_1_234' title='bbox 884 3753 928 3818; x_wconf 89' lang='lat' dir='ltr'>ad</span> <span class='ocrx_word' id='word_1_235' title='bbox 941 3753 1107 3818; x_wconf 86' lang='lat' dir='ltr'>haerades.</span> 
     </span>
    </p>

    <p class='ocr_par' dir='ltr' id='par_1_9' title="bbox 228 3859 1408 4814">
     <span class='ocr_line' id='line_1_30' title="bbox 270 3859 1408 3946; baseline 0.005 -24"><span class='ocrx_word' id='word_1_236' title='bbox 270 3859 300 3940; x_wconf 82' lang='lat' dir='ltr'>b)</span> <span class='ocrx_word' id='word_1_237' title='bbox 316 3859 509 3943; x_wconf 79' lang='lat' dir='ltr'>speciatim,</span> <span class='ocrx_word' id='word_1_238' title='bbox 524 3862 687 3944; x_wconf 76' lang='lat' dir='ltr'>quaritur</span> <span class='ocrx_word' id='word_1_239' title='bbox 699 3879 744 3926; x_wconf 86' lang='lat' dir='ltr'>an</span> <span class='ocrx_word' id='word_1_240' title='bbox 759 3859 902 3926; x_wconf 88' lang='lat' dir='ltr'>ecclesia</span> <span class='ocrx_word' id='word_1_241' title='bbox 915 3860 971 3926; x_wconf 90' lang='lat' dir='ltr'>vel</span> <span class='ocrx_word' id='word_1_242' title='bbox 983 3861 1232 3926; x_wconf 88' lang='lat' dir='ltr'>monasterium</span> <span class='ocrx_word' id='word_1_243' title='bbox 1246 3861 1288 3926; x_wconf 87' lang='lat' dir='ltr'>de</span> <span class='ocrx_word' id='word_1_244' title='bbox 1305 3862 1408 3946; x_wconf 89' lang='lat' dir='ltr'>depo-</span> 
     </span>
     <span class='ocr_line' id='line_1_31' title="bbox 230 3967 1408 4054; baseline 0.004 -24"><span class='ocrx_word' id='word_1_245' title='bbox 230 3967 294 4032; x_wconf 88' lang='lat' dir='ltr'>sito</span> <span class='ocrx_word' id='word_1_246' title='bbox 309 3973 476 4046; x_wconf 86' lang='lat' dir='ltr'>teneatur,</span> <span class='ocrx_word' id='word_1_247' title='bbox 493 3970 522 4032; x_wconf 91' lang='lat' dir='ltr'>si</span> <span class='ocrx_word' id='word_1_248' title='bbox 534 3987 589 4033; x_wconf 90' lang='lat' dir='ltr'>res</span> <span class='ocrx_word' id='word_1_249' title='bbox 604 3969 718 4053; x_wconf 87' lang='lat' dir='ltr'>aliqua</span> <span class='ocrx_word' id='word_1_250' title='bbox 735 3987 842 4054; x_wconf 87' lang='lat' dir='ltr'>penes</span> <span class='ocrx_word' id='word_1_251' title='bbox 858 3968 1008 4054; x_wconf 86' lang='lat' dir='ltr'>aliquem</span> <span class='ocrx_word' id='word_1_252' title='bbox 1022 3968 1184 4034; x_wconf 88' lang='lat' dir='ltr'>clericum</span> <span class='ocrx_word' id='word_1_253' title='bbox 1199 3969 1255 4034; x_wconf 90' lang='lat' dir='ltr'>vel</span> <span class='ocrx_word' id='word_1_254' title='bbox 1274 3967 1408 4051; x_wconf 84' lang='lat' dir='ltr'>religio-</span> 
     </span>
     <span class='ocr_line' id='line_1_32' title="bbox 230 4075 1408 4162; baseline 0.005 -24"><span class='ocrx_word' id='word_1_255' title='bbox 230 4093 306 4142; x_wconf 87' lang='lat' dir='ltr'>sum</span> <span class='ocrx_word' id='word_1_256' title='bbox 329 4075 472 4161; x_wconf 88' lang='lat' dir='ltr'>alicujus</span> <span class='ocrx_word' id='word_1_257' title='bbox 496 4077 646 4144; x_wconf 82' lang='lat' dir='ltr'>ecclesiae</span> <span class='ocrx_word' id='word_1_258' title='bbox 672 4076 728 4142; x_wconf 91' lang='lat' dir='ltr'>vel</span> <span class='ocrx_word' id='word_1_259' title='bbox 748 4078 948 4144; x_wconf 88' lang='lat' dir='ltr'>monasterii</span> <span class='ocrx_word' id='word_1_260' title='bbox 972 4097 1015 4143; x_wconf 83' lang='lat' dir='ltr'>ex</span> <span class='ocrx_word' id='word_1_261' title='bbox 1039 4077 1118 4143; x_wconf 95' lang='lat' dir='ltr'>dolo</span> <span class='ocrx_word' id='word_1_262' title='bbox 1142 4077 1198 4143; x_wconf 91' lang='lat' dir='ltr'>vel</span> <span class='ocrx_word' id='word_1_263' title='bbox 1219 4077 1318 4162; x_wconf 90' lang='lat' dir='ltr'>culpa</span> <span class='ocrx_word' id='word_1_264' title='bbox 1339 4077 1408 4144; x_wconf 86' lang='lat' dir='ltr'>lata</span> 
     </span>
     <span class='ocr_line' id='line_1_33' title="bbox 231 4185 1408 4273; baseline 0.002 -24"><span class='ocrx_word' id='word_1_265' title='bbox 231 4185 424 4268; x_wconf 85' lang='lat' dir='ltr'>depositarii</span> <span class='ocrx_word' id='word_1_266' title='bbox 451 4188 555 4252; x_wconf 82' lang='lat' dir='ltr'>fuerit</span> <span class='ocrx_word' id='word_1_267' title='bbox 581 4187 776 4271; x_wconf 79' lang='lat' dir='ltr'>deperdita?</span> <span class='ocrx_word' id='word_1_268' title='bbox 800 4187 834 4251; x_wconf 90' lang='lat' dir='ltr'>Si</span> <span class='ocrx_word' id='word_1_269' title='bbox 860 4187 1047 4273; x_wconf 90' lang='lat' dir='ltr'>capitulum</span> <span class='ocrx_word' id='word_1_270' title='bbox 1075 4193 1135 4254; x_wconf 88' lang='lat' dir='ltr'>aut</span> <span class='ocrx_word' id='word_1_271' title='bbox 1160 4188 1408 4253; x_wconf 88' lang='lat' dir='ltr'>monasterium</span> 
     </span>
     <span class='ocr_line' id='line_1_34' title="bbox 230 4295 1407 4380; baseline 0.003 -25"><span class='ocrx_word' id='word_1_272' title='bbox 230 4295 378 4377; x_wconf 87' lang='lat' dir='ltr'>suscepit</span> <span class='ocrx_word' id='word_1_273' title='bbox 391 4295 582 4360; x_wconf 86' lang='lat' dir='ltr'>custodiam</span> <span class='ocrx_word' id='word_1_274' title='bbox 604 4295 758 4380; x_wconf 88' lang='lat' dir='ltr'>depositi,</span> <span class='ocrx_word' id='word_1_275' title='bbox 775 4300 856 4361; x_wconf 88' lang='lat' dir='ltr'>tunc</span> <span class='ocrx_word' id='word_1_276' title='bbox 875 4295 1047 4378; x_wconf 86' lang='lat' dir='ltr'>obligetur</span> <span class='ocrx_word' id='word_1_277' title='bbox 1066 4295 1110 4360; x_wconf 91' lang='lat' dir='ltr'>ad</span> <span class='ocrx_word' id='word_1_278' title='bbox 1131 4295 1238 4360; x_wconf 84' lang='lat' dir='ltr'>instar</span> <span class='ocrx_word' id='word_1_279' title='bbox 1262 4295 1407 4360; x_wconf 90' lang='lat' dir='ltr'>aliorum</span> 
     </span>
     <span class='ocr_line' id='line_1_35' title="bbox 230 4401 1408 4488; baseline 0.003 -24"><span class='ocrx_word' id='word_1_280' title='bbox 230 4401 526 4485; x_wconf 85' lang='lat' dir='ltr'>depositariorum,</span> <span class='ocrx_word' id='word_1_281' title='bbox 543 4409 582 4468; x_wconf 91' lang='lat' dir='ltr'>ut</span> <span class='ocrx_word' id='word_1_282' title='bbox 594 4422 657 4488; x_wconf 93' lang='lat' dir='ltr'>per</span> <span class='ocrx_word' id='word_1_283' title='bbox 672 4421 708 4467; x_wconf 90' lang='lat' dir='ltr'>se</span> <span class='ocrx_word' id='word_1_284' title='bbox 722 4408 832 4486; x_wconf 89' lang='lat' dir='ltr'>patet;</span> <span class='ocrx_word' id='word_1_285' title='bbox 849 4405 877 4468; x_wconf 91' lang='lat' dir='ltr'>si</span> <span class='ocrx_word' id='word_1_286' title='bbox 893 4422 977 4469; x_wconf 87' lang='lat' dir='ltr'>vero</span> <span class='ocrx_word' id='word_1_287' title='bbox 991 4405 1185 4468; x_wconf 88' lang='lat' dir='ltr'>membrum</span> <span class='ocrx_word' id='word_1_288' title='bbox 1203 4401 1348 4486; x_wconf 89' lang='lat' dir='ltr'>collegii,</span> <span class='ocrx_word' id='word_1_289' title='bbox 1370 4411 1408 4468; x_wconf 89' lang='lat' dir='ltr'>ut</span> 
     </span>
     <span class='ocr_line' id='line_1_36' title="bbox 228 4511 1405 4596; baseline 0.002 -22"><span class='ocrx_word' id='word_1_290' title='bbox 228 4527 375 4592; x_wconf 87' lang='lat' dir='ltr'>persona</span> <span class='ocrx_word' id='word_1_291' title='bbox 388 4511 610 4596; x_wconf 84' lang='lat' dir='ltr'>particularis,</span> <span class='ocrx_word' id='word_1_292' title='bbox 625 4511 819 4594; x_wconf 86' lang='lat' dir='ltr'>depositum</span> <span class='ocrx_word' id='word_1_293' title='bbox 831 4513 1029 4596; x_wconf 86' lang='lat' dir='ltr'>acceptavit,</span> <span class='ocrx_word' id='word_1_294' title='bbox 1040 4513 1155 4596; x_wconf 90' lang='lat' dir='ltr'>ipsum</span> <span class='ocrx_word' id='word_1_295' title='bbox 1168 4511 1350 4594; x_wconf 86' lang='lat' dir='ltr'>collegium</span> <span class='ocrx_word' id='word_1_296' title='bbox 1364 4513 1405 4577; x_wconf 87' lang='lat' dir='ltr'>de</span> 
     </span>
     <span class='ocr_line' id='line_1_37' title="bbox 230 4619 1407 4706; baseline 0.001 -23"><span class='ocrx_word' id='word_1_297' title='bbox 230 4619 383 4702; x_wconf 89' lang='lat' dir='ltr'>deposito</span> <span class='ocrx_word' id='word_1_298' title='bbox 398 4639 469 4686; x_wconf 89' lang='lat' dir='ltr'>non</span> <span class='ocrx_word' id='word_1_299' title='bbox 487 4626 633 4698; x_wconf 88' lang='lat' dir='ltr'>tenetur,</span> <span class='ocrx_word' id='word_1_300' title='bbox 650 4619 716 4684; x_wconf 92' lang='lat' dir='ltr'>nisi</span> <span class='ocrx_word' id='word_1_301' title='bbox 730 4640 786 4686; x_wconf 89' lang='lat' dir='ltr'>res</span> <span class='ocrx_word' id='word_1_302' title='bbox 804 4621 958 4706; x_wconf 89' lang='lat' dir='ltr'>deposita</span> <span class='ocrx_word' id='word_1_303' title='bbox 971 4622 1074 4688; x_wconf 87' lang='lat' dir='ltr'>fuerit</span> <span class='ocrx_word' id='word_1_304' title='bbox 1088 4639 1255 4687; x_wconf 89' lang='lat' dir='ltr'>conversa</span> <span class='ocrx_word' id='word_1_305' title='bbox 1267 4621 1303 4684; x_wconf 93' lang='lat' dir='ltr'>in</span> <span class='ocrx_word' id='word_1_306' title='bbox 1318 4621 1407 4686; x_wconf 89' lang='lat' dir='ltr'>utili-</span> 
     </span>
     <span class='ocr_line' id='line_1_38' title="bbox 231 4729 801 4814; baseline 0.002 -21"><span class='ocrx_word' id='word_1_307' title='bbox 231 4731 334 4793; x_wconf 84' lang='lat' dir='ltr'>tatem</span> <span class='ocrx_word' id='word_1_308' title='bbox 348 4731 603 4794; x_wconf 87' lang='lat' dir='ltr'>communitatis</span> <span class='ocrx_word' id='word_1_309' title='bbox 617 4729 657 4812; x_wconf 92' lang='lat' dir='ltr'>(o.</span> <span class='ocrx_word' id='word_1_310' title='bbox 673 4733 688 4794; x_wconf 90' lang='lat' dir='ltr'>t</span> <span class='ocrx_word' id='word_1_311' title='bbox 703 4733 736 4794; x_wconf 93' lang='lat' dir='ltr'>h.</span> <span class='ocrx_word' id='word_1_312' title='bbox 753 4733 801 4814; x_wconf 84' lang='grc'><strong>1.).</strong></span> 
     </span>
    </p>
   </div>
   <div class='ocr_carea' id='block_1_5' title="bbox 0 0 1760 5574">
    <p class='ocr_par' dir='ltr' id='par_1_10' title="bbox 0 0 1760 5574">
     <span class='ocr_line' id='line_1_39' title="bbox 0 0 1760 5574; baseline 0 4"><span class='ocrx_word' id='word_1_313' title='bbox 0 0 1760 5574; x_wconf 95' lang='lat' dir='ltr'> </span> 
     </span>
    </p>
   </div>
  </div>
 </body>
</html>
