3488 5564
530 624 617 668 ereas
639 623 791 670 secuunus
811 626 1034 678 sacerrimus.
1106 649 1108 654 ,
1290 595 1292 600 ⁸
1332 610 1374 672 ilv

191 738 366 804 sessionis.
383 738 460 802 llaec
470 737 599 821 judicia
612 739 727 804 vocari
742 738 854 804 solent
867 741 1056 818 interdicta,
1079 743 1207 825 scilicet
1221 743 1373 808 remedia

145 860 149 867 ’
191 863 253 912 seu
266 848 421 911 actiones
437 851 616 930 spretore
631 846 833 912 introductas
846 867 909 931 per
921 849 1064 914 modum
1079 850 1259 916 interdicti.

230 955 263 1018 1⁰
278 954 501 1019 Interdictum
526 953 751 1039 adipiscendae
766 955 868 1019 estin
887 975 954 1041 quo
969 959 1083 1038 agitur
1097 959 1139 1024 de
1153 961 1372 1043 possessione

190 1063 409 1148 acquirenda,
426 1067 527 1128 antea
542 1081 613 1128 non
626 1063 751 1128 habita.

229 1173 263 1236 2⁰
289 1171 512 1236 Interdictum
533 1171 719 1237 reticendae
741 1178 794 1238 est
816 1173 858 1241 ad
882 1175 1098 1240 retinendam
1115 1150 1373 1261 possessionem

191 1299 295 1366 quam
308 1281 487 1356 babemus,
510 1285 545 1345 et
557 1283 720 1364 competit
733 1283 925 1366 possessori
952 1284 1011 1367 qui
1025 1284 1061 1348 in
1077 1303 1139 1350 sua
1152 1287 1371 1370 possessione

190 1389 348 1454 turbatur
365 1389 492 1472 injuste
518 1393 553 1454 et
578 1389 888 1473 extrajudicisliter,
917 1427 956 1440 —
982 1391 1148 1458 adversus
1164 1395 1370 1460 turbantem.

190 1497 322 1582 Duplex
333 1500 396 1572 est,
410 1498 465 1562 cti
468 1496 659 1582 possidetis,
672 1516 734 1582 pro
747 1498 991 1576 immobilibus,
1008 1508 1042 1564 et
1055 1502 1177 1582 utrobi,
1194 1521 1256 1586 pro
1266 1503 1374 1569 mobi-
1488 1512 1491 1518 '

189 1605 280 1672 libus
293 1606 493 1672 retinendis.

229 1718 263 1782 3⁰
273 1715 495 1782 Interdictum
509 1721 748 1806 recuperandae
759 1725 812 1786 est
825 1722 861 1785 in
871 1737 939 1806 quo
955 1722 1069 1804 egitur
1083 1723 1125 1786 de
1140 1726 1374 1806 recuperanda

189 1845 307 1892 rerum
320 1828 539 1910 possessione
549 1829 685 1896 amisse.
697 1829 730 1895 Si
737 1831 928 1897 intentetur
941 1832 1029 1898 aetio
1044 1833 1274 1917 principaliter
1284 1835 1375 1902 circa

187 1935 378 2002 immobilia
397 1937 432 2001 vi
457 1937 570 2003 ablata
591 1943 626 2002 et
646 1941 834 2006 accessoria
859 1943 948 2007 circa
972 1941 1111 2008 mobilia
1128 1945 1371 2027 recuperanda,

188 2045 330 2110 unicum
344 2052 397 2112 est
404 2046 607 2124 remedium,
622 2049 713 2132 quod
725 2055 870 2116 vocatur
882 2050 1101 2116 interdictum
1115 2051 1205 2117 uode
1215 2055 1261 2132 oi,
1278 2054 1374 2137 apri-

186 2153 255 2218 mis
268 2153 383 2218 verbis
400 2153 488 2237 legis
502 2155 586 2220 illud
599 2156 847 2223 introducentis
861 2159 987 2242 injure
1002 2159 1118 2236 Rom.;
1135 2161 1163 2224 si
1178 2178 1261 2226 vero
1282 2161 1374 2244 prin-

187 2261 342 2345 cipaliter
351 2268 474 2345 egetur
485 2265 527 2330 de
542 2267 783 2349 recuperandis
796 2268 898 2332 rebus
910 2267 1104 2344 mobilibus,
1117 2267 1263 2334 alterum
1272 2269 1372 2335 detur

188 2372 391 2448 remedium,
408 2392 533 2458 nempe
551 2375 641 2441 actio
654 2375 686 2439 vi
704 2376 867 2441 bonortcm
881 2385 1068 2462 raptorum.

229 2479 641 2564 leoramquojudiceet
655 2483 1373 2574 quoordinetractandasteteausaposses-
1501 2487 1503 2492 ’

187 2589 291 2654 sionis
303 2598 336 2654 et
343 2592 593 2676 proprietatis?
616 2594 648 2656 l⁰
664 2591 781 2658 Causae
795 2591 861 2658 illae
886 2612 1003 2659 eoram
1018 2593 1142 2660 eodem
1153 2596 1269 2680 judice
1287 2601 1372 2662 trac-

190 2699 407 2776 abdesunt,
424 2705 499 2764 tum
512 2701 592 2785 quia
607 2705 689 2766 sunt
711 2719 887 2778 connexae,
903 2706 977 2767 tum
1004 2703 1084 2786 quia
1104 2704 1195 2787 apud
1210 2705 1370 2770 eumdem

184 2808 338 2890 judicem
360 2807 491 2874 facilior
511 2813 565 2873 est
578 2811 728 2891 cognitio
744 2811 922 2894 utriusque
936 2829 1049 2876 causae
1064 2816 1099 2876 et
1112 2811 1256 2878 celerior
1270 2833 1370 2897 expe·

188 2915 283 2982 ditio.
298 2915 470 3000 Excipitur
483 2918 512 2982 si
523 2918 632 3001 J'udex
646 2919 690 2982 sit
703 2920 847 3003 incapax
862 2919 897 2982 in
912 2919 1071 3003 petitorio
1086 2920 1143 2984 vel
1156 2919 1299 2986 limitata
1314 2921 1371 2985 de-

186 3022 335 3105 legatus.
348 3025 407 3090 Jus
416 3024 498 3090 Gall.
515 3025 740 3092 tribunalibus
752 3028 870 3111 primae
883 3027 1065 3103 instantiae,
1077 3032 1116 3091 ut
1130 3027 1258 3106 dicunt,
1275 3028 1371 3113 adju-

188 3133 279 3198 dicat
287 3151 408 3199 causas
419 3151 541 3198 omnes
552 3135 781 3217 possessionis
790 3135 847 3199 vel
855 3127 1084 3219 proprietatis,
1096 3135 1237 3200 seclusis
1248 3135 1371 3201 saltem

186 3243 380 3309 minoribus
395 3259 471 3327 qum
486 3247 708 3308 reservantur
719 3243 825 3326 judici
839 3244 943 3326 pecis.
961 3243 1129 3308 Praeterea
1143 3243 1238 3308 nulla
1251 3243 1373 3309 admit-

186 3351 271 3415 titur
283 3369 388 3416 causa
410 3351 519 3418 civilis
531 3351 622 3415 inter
639 3356 754 3436 partes
774 3370 915 3435 capaces
929 3351 1191 3428 conciliationis,
1207 3351 1272 3416 uisi
1291 3370 1371 3416 reus

185 3475 304 3524 coram
322 3458 437 3542 Judice
454 3460 547 3543 pacis
561 3462 635 3542 jam
656 3464 798 3525 vocatus
819 3459 923 3526 fuerit
938 3457 1183 3524 conciliationis
1197 3477 1301 3524 causa
1316 3460 1368 3544 (l).

228 3567 261 3631 Ξ·
276 3567 385 3632 Causa
407 3569 635 3651 possessionis
656 3567 860 3650 regulariter
885 3569 979 3652 prius
1003 3567 1179 3632 tractanda
1200 3573 1253 3632 est
1266 3587 1370 3652 quam

186 3695 291 3771 eausa
304 3677 542 3760 proprietatis:
567 3677 662 3760 prior
683 3677 776 3741 enim
801 3677 932 3740 facibus
946 3677 1120 3759 probatur.
1141 3677 1215 3741 Non
1230 3694 1306 3740 raro
1317 3681 1370 3742 ta-

187 3803 269 3850 men
282 3785 453 3869 posterior
476 3785 631 3849 absolute
656 3790 709 3850 est
722 3783 956 3869 proponenda,
979 3785 1007 3847 si
1022 3803 1147 3868 nempe
1161 3785 1196 3850 id
1209 3784 1368 3868 expediat

187 3892 231 3958 ad
245 3892 342 3958 litem
357 3891 633 3959 abbreviandam.

227 4003 257 4078 i)
272 4001 328 4067 Art
338 4002 502 4085 possessio
519 4001 690 4066 cumulari
693 4002 802 4085 possit
816 4019 892 4065 acm
898 4001 1086 4086 petitorio?
1100 4002 1131 4064 l·
1146 3999 1381 4065 Interdictum·
1491 4025 1493 4030 ·

186 4109 416 4195 adipiscenda
431 4109 486 4174 vel
509 4110 750 4194 recuperande
773 4109 940 4175 cumulari
963 4115 1079 4192 potest
1100 4127 1180 4173 cum
1196 4109 1365 4192 petitorio,

188 4219 315 4284 -sive
338 4225 433 4284 actor
457 4223 642 4303 utrumque
666 4219 823 4296 intentet,
850 4253 890 4264 -
913 4219 985 4282 sive
1005 4235 1086 4282 reus
1101 4235 1210 4281 unum
1224 4220 1260 4280 et
1274 4219 1369 4282 actor

187 4321 346 4402 alterum,
364 4325 567 4392 simultanee
592 4331 651 4392 aut
667 4326 859 4390 successive
881 4325 1038 4390 intentet.
1056 4324 1196 4390 Constat
1209 4344 1252 4389 ex
1265 4324 1368 4389 variis

187 4435 339 4500 textibus
353 4433 441 4518 juris
450 4433 546 4498 Rom.
560 4452 646 4518 quos
657 4434 806 4499 afferunt
815 4432 887 4509 GG.;
904 4433 964 4497 sed
973 4453 1016 4498 ex
1028 4435 1107 4516 jure
1119 4431 1202 4496 Gall.
1216 4431 1268 4514 ll),
1280 4431 1368 4496 actio

187 4541 348 4625 petitoria
364 4559 543 4626 nunquam
567 4515 767 4620 admitiitur,
792 4541 942 4606 instante
963 4541 1098 4606 actione
1121 4539 1333 4622 possessoris
1358 4560 1366 4603 z

220 4696 254 4762 (lt
269 4697 324 4748 Art.
341 4700 371 4749 la
385 4695 449 4747 Cod.
464 4695 526 4756 clu,
542 4696 575 4746 cl.
590 4696 680 4756 atium,
695 4709 720 4748 a.
735 4697 760 4757 3,
774 4696 856 4756 Μ,
872 4699 899 4746 et
913 4695 999 4760 legem
1013 4693 1100 4762 ajon.
1117 4695 1188 4747 lata.

222 4781 255 4846 (i)
272 4778 327 4830 Art.
341 4778 374 4829 it
387 4775 452 4828 God.
469 4789 542 4844 proc.
559 4776 609 4832 clv.
