3488 5564
824 623 876 668 JUS
898 623 1077 670 aaronitas.

821 973 1007 1050 rl'rULUs
1034 976 1076 1048 ll.

670 1151 712 1196 ns
739 1151 830 1196 nrrrs
856 1151 1149 1196 ccurssrsrraus
1172 1133 1224 1215 (l).

400 1456 495 1520 Nom.
527 1457 606 1521 Post
628 1456 732 1522 libelli
755 1457 962 1522 oblationem
982 1457 1106 1522 factam
1141 1458 1183 1521 ab
1218 1461 1330 1522 actore
1351 1456 1406 1522 vel
1436 1457 1537 1522 etiam

359 1564 509 1628 vicissim
522 1585 543 1628 a
554 1585 624 1640 reo,
643 1565 739 1650 sequi
754 1565 855 1629 debet
875 1565 942 1628 litis
957 1565 1170 1630 contestatio.
1185 1563 1261 1629 llaec
1277 1565 1397 1630 dicitur
1416 1565 1537 1648 princi-

288 1689 291 1702 ·
360 1673 454 1756 pium
465 1653 593 1756 judicii,
605 1676 683 1760 quia
697 1677 738 1739 ah
750 1677 814 1740 hac
823 1677 1072 1740 contestatione
1085 1675 1219 1759 proprie
1227 1674 1394 1758 judicium
1405 1675 1535 1757 incipit:

360 1783 394 1843 et
407 1781 520 1846 citatio
534 1800 604 1848 non
619 1784 794 1848 constituit
815 1785 925 1866 ipsam
945 1783 1054 1858 litem,
1073 1782 1132 1848 sed
1154 1783 1277 1846 iuturae
1298 1781 1366 1846 litis
1389 1783 1537 1864 speciem

359 1887 579 1956 demonstrat.

663 2023 682 2070 1.
700 2020 806 2072 Natura
822 2021 850 2074 ct
866 2020 987 2074 vadatus
1004 2019 1229 2074 contestationis.

397 2148 428 2228 al
446 2147 525 2211 Litis
540 2149 743 2214 contestatio
759 2150 807 2213 sic
822 2151 983 2215 delinitur
997 2172 1003 2214 :
1018 2150 1220 2216 Constitutio
1231 2147 1357 2228 judicii
1368 2149 1465 2228 sacta
1473 2167 1537 2232 per

355 2258 552 2341 petitionem
567 2260 688 2322 actoris
711 2261 745 2321 iu
754 2260 835 2340 jure
844 2261 1055 2344 propositam
1074 2267 1107 2322 et
1129 2277 1314 2342 conpertam
1333 2258 1384 2318 rei
1402 2274 1535 2338 respon-

356 2367 483 2430 sionem
505 2375 654 2429 seeatam
670 2369 784 2430 arrimo
805 2367 974 2450 litipaudi.
992 2367 1071 2430 titis
1092 2367 1185 2432 enim
1204 2363 1418 2436 contestatio,
1442 2383 1484 2426 ex
1503 2364 1539 2426 vi

355 2475 510 2549 recinant,
529 2479 581 2538 est
596 2476 691 2558 quasi
708 2475 809 2538 simul
823 2477 948 2540 mentis
965 2476 1110 2540 testatio.
1133 2475 1260 2538 Dicitur
1276 2475 1306 2536 1⁰
1324 2493 1331 2535 :
1347 2498 1362 2529 «
1378 2489 1439 2555 per
1452 2471 1536 2553 peti-

357 2581 486 2646 tionem
495 2584 618 2646 actoris
631 2587 665 2646 et
677 2584 937 2667 responsionem
948 2583 997 2647 rei
1009 2604 1037 2658 »;
1050 2582 1261 2666 sedperinde
1275 2581 1536 2663 estpetitionem

359 2694 393 2751 et
406 2689 666 2771 responsionem
686 2690 830 2774 proponi
851 2708 913 2772 per
931 2690 1044 2773 ipsum
1065 2694 1215 2754 actorem
1231 2695 1390 2764 atreum,
1407 2685 1462 2750 vel
1475 2705 1536 2768 per

359 2814 478 2860 eorum
498 2802 747 2880 procuratores,
764 2797 959 2872 advocatos,
979 2803 1042 2862 etc.
1059 2797 1186 2861 Dicitur
1201 2799 1256 2860 2⁰:
1279 2822 1294 2854 ιι
1311 2796 1346 2860 in
1363 2798 1440 2878 jure
1459 2813 1534 2878 pro

357 2903 503 2985 positam
518 2929 545 2978 s,
562 2923 642 2968 nam
656 2903 725 2989 litis
743 2907 947 2970 contestatio
967 2905 1041 2968 lieri
1062 2905 1163 2970 debet
1184 2905 1219 2968 in
1242 2905 1316 2987 ipso
1329 2903 1458 2986 judicio
1473 2922 1534 2968 seu

357 3029 472 3074 raram
491 3012 617 3094 judice.
635 3010 761 3076 Tamen
781 3031 921 3084 necesse
944 3031 1013 3076 non
1033 3017 1094 3087 est,
1111 3011 1232 3077 saltem
1247 3013 1347 3094 juxta
1366 3010 1534 3074 veriorem

358 3119 575 3196 sententiam,
593 3119 684 3202 quod
698 3125 792 3185 actor
806 3121 850 3183 sit
862 3139 1025 3204 praesens,
1042 3121 1176 3205 quando
1192 3138 1271 3184 reus
1283 3137 1345 3202 per
1359 3137 1394 3182 se
1413 3117 1467 3180 vel
1475 3135 1535 3200 per

357 3224 561 3290 advocatum
581 3226 775 3310 respondet.
792 3227 920 3292 Dicitur
933 3231 966 3292 3ο
982 3255 997 3285 ι
1013 3228 1127 3292 animo
1142 3226 1297 3308 litigandi
1315 3251 1342 3302 »,
1356 3243 1436 3290 nam
1455 3223 1534 3287 sim-

357 3331 435 3413 plex
450 3335 598 3397 narratio
614 3340 648 3397 ct
664 3336 802 3416 negatio
821 3337 901 3400 facti
921 3356 991 3401 non
1012 3341 1062 3400 est
1081 3336 1283 3399 contestatio
1304 3333 1383 3409 litis,
1401 3331 1533 3396 etiamsi

355 3437 669 3506 haberetur'coram
684 3443 741 3506 tali
756 3444 896 3508 homine
912 3445 969 3528 qui
986 3449 1038 3508 est
1048 3443 1166 3526 judex.

398 3547 426 3628 b)
442 3547 658 3634 Quotaplea?
671 3550 751 3614 litis
766 3552 969 3616 contestatio
987 3551 1148 3616 dividitur
1160 3571 1166 3612 :
1180 3552 1211 3614 1ο
1225 3551 1260 3614 in
1276 3551 1459 3628 splenmem
1473 3570 1532 3616 seu

356 3654 546 3732 formalem,
560 3674 635 3740 quae
648 3658 687 3720 flt
701 3660 873 3742 conceptis
887 3659 1011 3734 verbis,
1025 3661 1125 3742 juxta
1139 3658 1265 3742 stylum
1279 3659 1393 3734 curiae,
1411 3663 1445 3721 et
1458 3660 1534 3722 sim-

354 3763 486 3846 plicem,
505 3783 566 3827 seu
589 3784 659 3830 non
682 3765 873 3844 formalem,
896 3786 971 3852 quae
993 3769 1031 3830 tlt
1053 3769 1126 3830 sine
1150 3771 1244 3831 certa
1263 3767 1448 3832 verborum
1468 3768 1535 3831 scr-

357 3871 450 3935 mula
461 3891 467 3946 ;
479 3871 512 3934 2⁰
526 3873 559 3934 in
575 3874 778 3956 pecoralem,
792 3894 860 3957 qua
873 3893 952 3938 reus
968 3875 1229 3939 indeterminate
1244 3879 1348 3957 negat
1361 3893 1443 3940 vera
1458 3893 1533 3940 esse

358 3983 503 4055 narrata,
521 3980 568 4044 ita
583 3984 621 4044 ut
639 4000 710 4045 non
728 3986 898 4046 contestet
921 3981 1065 4064 singula,
1083 3989 1142 4047 aut
1163 3983 1284 4048 saltem
1308 4002 1377 4050 non
1401 3988 1535 4048 constet

358 4106 438 4150 eum
453 4107 579 4169 negare
593 4089 737 4170 singula,
753 4095 787 4154 et
802 4091 836 4154 in
851 4092 1037 4176 specialem,
1052 4112 1119 4176 qua
1130 4111 1209 4156 reus
1227 4092 1451 4157 determinate
1467 4093 1533 4156 sin-

357 4195 439 4277 gula
462 4203 598 4262 narrata
620 4203 733 4279 negat.
759 4199 825 4264 Sed
849 4201 922 4264 istae
948 4201 1146 4278 divisiones,
1164 4201 1250 4266 sicut
1273 4205 1307 4264 et
1324 4201 1398 4265 alim
1419 4203 1533 4266 allerri

359 4302 477 4382 solitae,
493 4324 565 4370 non
578 4305 725 4370 multum
740 4308 894 4374 utilitatis
908 4309 1052 4386 habent3
1073 4311 1153 4386 ima,
1170 4329 1191 4374 a
1204 4309 1358 4393 pluribus
1376 4309 1532 4392 rejiciun-

358 4416 431 4487 tur;
448 4431 528 4476 nam
542 4415 743 4480 contestatio
759 4435 829 4481 non
843 4417 1005 4482 solemnis
1021 4437 1090 4483 non
1105 4423 1158 4482 est
1171 4418 1306 4501 proprie
1320 4417 1389 4481 litis
1402 4422 1532 4482 contes-

359 4520 452 4596 tatio,
470 4525 504 4586 et
515 4521 684 4600 generalis
700 4528 752 4588 est
765 4524 963 4608 imperfecta
977 4527 1163 4608 responsio.

388 4673 423 4734 (t)
439 4673 532 4733 Quoad
542 4673 588 4739 jus
601 4676 659 4736 civ„
676 4675 731 4726 vid.
749 4679 777 4726 1⁰
795 4677 870 4738 Cad.,
881 4677 927 4728 lib.
946 4679 987 4740 lll,
1008 4679 1048 4728 tit.
1068 4691 1095 4730 rx
1113 4682 1140 4730 et
1150 4680 1191 4730 tit.
1206 4677 1233 4738 u,
1249 4683 1275 4728 et
1289 4679 1353 4730 (iod.
1367 4679 1400 4730 da
1411 4679 1540 4746 judiciis3v

357 4757 385 4802 2⁹
399 4753 462 4805 God.
478 4769 591 4820 process.
607 4756 669 4820 civ„
684 4759 695 4809 l
708 4773 746 4823 p.,
761 4757 778 4809 l.
794 4759 813 4822 l,
830 4759 869 4809 tit.
886 4771 916 4822 ιι,
928 4758 946 4811 l.
961 4760 993 4820 ll,
1006 4759 1046 4810 tit.
1061 4773 1102 4822 ιιι,
1117 4773 1154 4822 ιι,
1169 4773 1195 4822 v,
1210 4763 1260 4811 etc.
