3444 6618
531 501 619 547 uam
639 501 766 548 rannus
784 500 1002 546 nscnsrauuu.
1294 487 1355 550 577

178 623 212 686 51
226 625 434 704 praeceptum
448 621 691 686 affirmativum
709 617 866 684 sumendi
882 618 1018 682 unicam
1034 617 1255 684 relectionem
1275 627 1356 685 sunt

179 729 245 793 duo
259 733 418 813 precepta
433 729 567 794 diversa
581 733 615 794 et
629 727 839 812 separabilia.
854 725 959 791 Hodie
975 725 1081 792 altera
1096 727 1266 793 sententia
1280 746 1355 793 sus·

177 837 277 902 tineri
299 837 427 921 nequit,
452 842 530 920 post
552 838 647 902 varia
673 836 810 902 decreta
831 834 926 899 Sedis
939 833 1152 918 Apostolicae,
1180 836 1356 919 speciatim
1404 907 1407 914 Δ

178 949 256 1028 post
268 951 376 1010 const.
393 945 434 1009 Io
443 963 600 1030 srmremc
608 944 733 1009 Bened.
746 943 827 1006 XIV.
841 941 933 1026 (Vide
942 942 989 1006 lle
1000 943 1149 1024 Angelis,
1167 944 1201 1007 h.
1219 949 1243 1008 t.
1260 964 1294 1008 n.
1311 945 1354 1027 1.)

178 1053 265 1118 Hinc
283 1059 460 1137 nequeunt
480 1054 583 1118 etiam
602 1053 808 1137 permiscere
822 1051 932 1135 pisces
946 1069 1025 1116 cum
1038 1052 1215 1129 carnibus3
1236 1053 1305 1118 imo
1321 1053 1357 1118 iu

52 1191 55 1198 ¹
178 1161 373 1245 vespertina
386 1161 637 1236 refectiuncula,
650 1179 721 1225 uon
730 1160 779 1224 eis
788 1159 867 1224 lieet
879 1178 920 1224 ea
934 1161 1122 1243 quantitate
1135 1161 1246 1225 carnis
1264 1159 1356 1226 vesci

180 1289 254 1354 quse
268 1288 339 1334 non
350 1270 586 1352 jejunantibus
600 1269 808 1352 permittitur
817 1268 874 1344 (De
889 1266 1020 1350 Auget,
1035 1268 1104 1332 loco
1120 1270 1188 1348 cit,
1205 1272 1240 1334 et
1251 1268 1355 1334 variis

178 1383 286 1443 const.
308 1377 434 1442 Bened.
458 1377 550 1460 xlv).

219 1487 252 1550 3⁰
275 1487 323 1552 De
340 1490 509 1570 potestate
534 1485 753 1569 dispensandi
769 1485 806 1551 iu
821 1485 955 1570 jejunio
977 1490 1011 1550 et
1028 1485 1250 1565 abstinentis,
1275 1485 1357 1552 dixi-

178 1612 256 1659 mus
271 1600 382 1660 antea.

221 1705 250 1787 b)
265 1703 460 1770 Eecrcsotz'o.
477 1703 593 1770 Gausae
609 1723 684 1790 quae
711 1705 753 1770 ab
776 1704 982 1788 obligatione
1003 1705 1162 1790 praecepti
1178 1703 1359 1790 jejunandi

181 1814 345 1892 eximunt,
363 1819 443 1878 sunt
464 1819 547 1878 artas
562 1813 682 1896 viginti
708 1819 742 1878 et
760 1834 829 1880 uno
845 1815 944 1880 annis
965 1815 1087 1892 minor,
1116 1819 1150 1878 et
1168 1814 1356 1896 sexaginta,

177 1923 277 2005 juxta
290 1939 427 2006 paucos,
444 1920 510 2000 vel,
528 1941 571 1986 ex
585 1922 811 1988 communiori
831 1923 1013 2002 sententia,
1029 1921 1246 2006 septuaginta
1260 1923 1358 1986 annis

180 2033 301 2113 maj0r‚
323 2033 474 2116 corporis
497 2034 688 2108 infirmitas,
710 2031 896 2096 necessitas
917 2031 1124 2115 proveniens
1149 2049 1192 2094 ex
1216 2049 1359 2116 pauper-

181 2141 260 2214 tate,
278 2140 442 2223 asperitas
461 2140 587 2205 laboris
607 2139 803 2223 corporalis,
822 2139 932 2222 pietas
952 2157 1013 2204 seu
1033 2137 1195 2220 obligatio
1214 2137 1360 2204 vacandi

115 2303 118 2307 .
181 2247 275 2330 operi
288 2249 514 2330 praestantiori
537 2248 703 2333 spirituali
719 2247 775 2314 vel
796 2247 973 2332 corporali.
996 2245 1073 2312 lllas
1093 2264 1213 2312 causas
1234 2265 1358 2332 expeu-

181 2355 267 2419 dunt
286 2355 345 2420 T'l'.

582 2727 585 2733 ι
617 2691 784 2754 TITULUS
801 2691 920 2754 XLVll.

492 2829 539 2886 De
556 2831 792 2898 purfflosttons
809 2835 886 2898 post
901 2833 1046 2898 partum.

225 3120 257 3202 o)
271 3118 339 3184 Lex
354 3117 468 3184 divina
482 3117 569 3182 circa
577 3117 847 3200 purificationem
858 3135 1035 3200 puerperae
1046 3115 1190 3182 habetur
1201 3117 1237 3182 in
1250 3117 1355 3182 Levit.

183 3227 222 3304 (c.
236 3228 302 3310 xu);
315 3227 374 3292 sed
384 3228 450 3291 ista
462 3226 528 3304 lex,
541 3230 658 3310 utpote
669 3225 927 3302 caeremoniolis,
938 3224 1039 3289 hodie
1049 3243 1120 3290 non
1130 3224 1267 3308 obligat,
1278 3225 1358 3292 licet

182 3335 370 3400 honestatis
392 3335 501 3417 gratia
527 3337 737 3401 observetur.
764 3333 891 3398 Tamen
918 3334 1165 3400 consuetudine
1189 3333 1358 3399 introduci

185 3447 309 3524 posset,
327 3447 457 3508 utente
472 3441 666 3524 ingressum
681 3443 723 3507 ad
739 3441 926 3518 ecclesiam,
947 3460 1140 3526 puerpuera
1160 3442 1284 3507 dictam
1301 3443 1359 3506 be-

184 3549 411 3621 nedictionem
425 3556 541 3635 petere
555 3555 726 3628 tenentum
743 3549 802 3614 sed
815 3549 910 3614 nulla
921 3549 1036 3614 existit
1044 3549 1259 3616 consuetudo
1270 3552 1358 3634 ejus-

185 3659 287 3723 modi.
312 3659 395 3724 llino
422 3678 491 3725 non
516 3665 633 3743 peccat
659 3659 792 3735 mulier,
823 3659 862 3736 si,
891 3657 1024 3724 secluso
1050 3663 1259 3744 contemptu,
1291 3661 1359 3724 ritu

184 3765 338 3833 Ecclesiae
354 3788 390 3833 se
409 3769 457 3835 ita
470 3771 640 3854 purificari
655 3769 826 3852 negligat;
843 3789 887 3834 ex
900 3768 1007 3835 altera
1019 3775 1127 3853 parte,
1147 3770 1175 3833 si
1190 3772 1356 3852 praetextu

184 3874 274 3941 illius
297 3881 508 3944 caeremoniae
533 3881 686 3946 nondum
707 3885 851 3964 peractae
882 3899 919 3944 se
941 3881 1107 3946 eximeret
1127 3895 1295 3964 puerpera
1315 3879 1358 3944 ab

185 3985 391 4069 obligations
408 3987 588 4053 assistendi
611 3989 774 4053 sacrificio
789 3989 903 4054 missae
922 3988 1042 4053 diebus
1061 3989 1168 4064 festis,
1189 3987 1268 4053 licet
1284 3987 1359 4052 nul·

183 4092 256 4157 lum
271 4095 315 4158 sit
338 4095 542 4161 valetudinis
570 4095 768 4180 periculum,
798 4115 868 4161 non
895 4100 987 4162 55551
1014 4096 1231 4168 excusanda„
1247 4093 1358 4180 Aliqui

185 4202 374 4267 extendunt
394 4204 437 4269 ad
450 4205 489 4270 40
505 4204 577 4269 dies
598 4209 733 4292 tempus
749 4222 951 4270 conoessum
964 4205 1001 4268 in
1024 4223 1096 4288 cap.
1115 4204 1215 4269 unico
1234 4204 1268 4268 h.
1284 4204 1333 4268 tit.
1350 4223 1358 4278 3

185 4309 246 4373 sed
258 4311 331 4376 haec
345 4313 513 4377 sententia
527 4312 718 4394 generatim
739 4313 901 4396 rejicitur,
920 4317 959 4376 ut
981 4313 1084 4376 nimis
1108 4311 1197 4392 laxa.

224 4417 254 4501 b)
277 4419 468 4485 Purissoatio
495 4425 573 4504 post
596 4425 733 4504 partum
749 4400 826 4486 ¹non
854 4426 907 4486 551
937 4421 979 4486 de
999 4421 1134 4505 juribus
1161 4417 1358 4504 parochiali-

185 4528 268 4604 bus;
305 4531 420 4596 tamen
442 4528 700 4594 annumeranda
728 4534 780 4594 est
807 4529 896 4594 inter
916 4527 1109 4594 functiones
1135 4527 1356 4612 parochiales.

185 4633 372 4722 Utrumque
384 4635 554 4720 colligitur
568 4655 610 4702 ox
625 4636 851 4704 declaratione
862 4637 894 4701 S.
910 4635 1031 4720 Congr.
1047 4635 1111 4702 Rit.
1129 4636 1165 4702 in
1179 4635 1245 4702 alio
1261 4635 1358 4702 titulo

347 4762 381 4809 u.
1161 4745 1200 4809 37

12 5531 1710 5980 ζ
