3504 5566
537 595 624 642 arasa
646 596 796 644 saturnus
818 599 1039 644 carnarium.
1337 581 1377 644 95
1480 564 1484 576 ⁴

202 711 372 776 tenebitur
381 715 548 776 arrestato
558 712 592 776 id
606 731 708 778 omne
724 715 888 780 damnum
911 721 946 780 et
968 716 1134 780 interesse
1156 731 1376 798 compensan-

201 818 294 896 dum,
309 821 380 886 imo
391 825 426 884 et
438 821 642 904 injuriarum
654 825 787 888 actione
803 826 977 890 conveniri
995 829 1109 907 potest
1125 845 1131 886 :
1150 825 1197 890 ita
1208 827 1265 906 Jus
1278 823 1374 888 Rom.

198 927 341 992 Privata
357 948 400 994 ex
413 931 641 996 conventione
656 934 804 1016 partium
831 939 884 997 est
903 934 1085 1017 permissa3
1109 938 1144 997 at
1165 932 1193 996 si
1220 933 1278 996 ssat
1306 931 1378 996 sola
1475 933 1486 958 ⁸

200 1035 378 1102 voluntate
394 1039 581 1116 creditoris,
599 1041 802 1122 regulariter
816 1049 868 1106 est
885 1041 1063 1126 prohibita,
1090 1060 1134 1105 ne
1157 1041 1231 1125 quis
1246 1042 1281 1105 in
1304 1059 1378 1124 pro-

199 1144 276 1225 pria
289 1162 393 1208 causa
404 1148 462 1227 jus
477 1147 540 1210 sibi
555 1148 653 1213 dicat.

241 1253 268 1334 c)
281 1253 417 1320 violans
432 1261 613 1335 arrestum,
629 1277 663 1322 v.
679 1278 713 1342 g.
731 1260 906 1341 fugiende,
930 1259 986 1324 vel
1001 1261 1091 1324 bona
1109 1262 1274 1322 arrestata
1288 1275 1379 1321 amo-

200 1362 327 1438 vendo,
351 1363 465 1446 puniri
487 1365 588 1432 debet
609 1367 665 1432 vel
685 1367 813 1434 mulcta
836 1369 1048 1452 pecuniaria,
1073 1366 1130 1433 vel
1153 1367 1281 1432 duriori
1304 1384 1380 1430 cus-

200 1469 305 1534 todia
1229 1495 1234 1505 ·

241 1575 276 1654 d)
290 1577 475 1644 Relaxatur
487 1583 677 1661 affectatio,
692 1601 753 1667 per
766 1583 972 1650 solutionem
985 1585 1109 1650 factam
1128 1583 1302 1658 creditori;
1318 1599 1381 1666 per

200 1686 397 1752 cautionem
416 1686 576 1754 idoneam
600 1689 642 1756 de
665 1692 786 1756 stando
806 1694 876 1776 juri
891 1693 926 1756 in
939 1693 1014 1758 loco
1026 1694 1163 1768 arresti3
1179 1709 1241 1775 per
1256 1692 1380 1756 cessio-

201 1812 283 1858 nem
299 1795 480 1871 bonorum,
506 1795 562 1861 vel
584 1799 822 1880 probationem
846 1799 936 1883 quod
960 1818 1029 1864 non
1050 1800 1153 1864 suerit
1166 1817 1269 1863 causa
1288 1799 1380 1862 suiss-

201 1902 296 1966 ciens
319 1903 563 1970 arrestationis.
586 1905 704 1982 Quoad
728 1908 1037 1991 sequestrationem
1058 1913 1092 1974 et
1107 1907 1378 1984 arrestationem,

201 2009 281 2074 vide
296 2009 469 2077 ciribstas.

610 2437 810 2528 TERTIA
839 2438 974 2528 PARS

347 2639 402 2686 DE}
426 2639 783 2708 PROBATIONIBUS
811 2641 864 2688 ΕΤ
891 2641 1241 2690 EXCEPTIONIBUS

244 2983 329 3046 lton
343 2984 386 3046 1⁰.
401 2983 581 3068 Hucusque
596 2990 709 3050 actum
724 2991 777 3050 est
788 2985 830 3050 de
845 2986 886 3049 iis
904 3003 979 3070 quae
992 2985 1165 3068 pertinent
1179 2983 1221 3048 ad
1235 2985 1381 3048 formam

204 3107 245 3156 ac
257 3089 398 3154 modum
412 3091 590 3156 ordinandi
606 3093 736 3174 judieii,
758 3111 892 3158 necnon
913 3093 954 3156 de
970 3093 1023 3156 bis
1039 3111 1114 3176 quae
1134 3091 1282 3156 incidere
1303 3109 1382 3174 pos-

205 3204 287 3263 sunt
316 3203 351 3261 et
374 3199 496 3274 solent,
533 3204 717 3282 antequam
742 3200 944 3264 deveniatur
966 3200 1009 3263 ad
1034 3198 1245 3282 inquirenda.
1260 3199 1382 3263 merita

204 3323 317 3372 causae
328 3305 521 3389 principalis
539 3307 574 3369 in
586 3307 754 3390 judicium
770 3306 934 3371 deductae.
960 3306 1054 3372 Nunc
1066 3325 1288 3388 progressum
1308 3307 1381 3370 fleri

204 3418 341 3497 oportet
358 3413 402 3476 ad
424 3431 563 3478 causam
577 3413 798 3497 principalem
820 3413 1042 3478 tractandam.
1059 3413 1128 3478 Hoc
1144 3415 1193 3490 ut,
1209 3419 1284 3478 tum
1306 3433 1382 3497 pro-

204 3521 399 3587 bationibus
413 3521 457 3586 ab
478 3525 591 3587 actore
615 3521 780 3597 deductis,
800 3527 874 3584 tum
898 3521 1155 3604 exceptionibus
1173 3539 1266 3586 areo
1278 3539 1382 3606 oppo-

205 3629 289 3694 sitis.

246 3737 330 3802 Nori
348 3737 391 3800 θ’.
411 3737 458 3799 De
483 3737 741 3819 probationibus
763 3743 797 3800 et
828 3737 1085 3822 exceptionibus
1108 3737 1301 3801 tractabunt
1330 3755 1382 3801 se·

205 3851 351 3930 quantes
365 3843 451 3907 tituli
465 3861 574 3927 usque
584 3843 628 3907 ad
637 3843 731 3920 XXV,
743 3845 784 3908 de
792 3845 1112 3928 Praescripte'om'bzrs,
1124 3843 1299 3908 inclusive.
1314 3843 1382 3906 illis

205 3952 312 4016 titulis
327 3955 418 4014 recte
436 3952 652 4034 praemittitur
666 3951 785 4016 titulus
801 3953 842 4016 cle
858 3953 1038 4034 Consesris,
1056 3953 1135 4035 quia
1149 3951 1318 4016 confessio
1332 3953 1382 4015 rei

204 4060 261 4126 vel
284 4079 327 4124 ex
349 4064 421 4124 toto
436 4061 546 4142 privat
570 4065 720 4125 actorem
744 4061 786 4125 ab
801 4078 906 4124 onere
930 4059 1107 4142 probandi,
1124 4058 1179 4123 vel
1199 4058 1320 4122 saltem
1340 4077 1383 4123 ex

204 4173 313 4252 parte,
331 4168 370 4242 si,
387 4167 666 4250 expositionibus
678 4167 715 4230 in
728 4167 843 4232 libello
857 4168 1036 4245 contentis,
1055 4167 1166 4231 solum
1181 4167 1384 4231 confiteatur

204 4275 347 4360 aliquas.
373 4273 466 4350 Inde,
490 4281 674 4359 antequam
698 4273 739 4340 de
754 4275 1011 4358 probationibus
1033 4279 1163 4356 agatur,
1186 4275 1228 4339 de
1251 4274 1383 4338 contes-

205 4385 303 4448 sione
317 4383 378 4458 rei,
396 4387 559 4467 tanquam
571 4383 613 4448 de
627 4381 741 4467 aliquo
753 4384 892 4466 praevio,
910 4382 1123 4448 tractandum
1131 4389 1193 4447 est.
