3488 5564
522 591 608 635 araon
630 590 782 636 sacuuous
803 591 1023 636 neccaraaruu.
1343 576 1361 636 c

231 711 262 772 2⁰
278 706 484 772 valentano
497 706 645 790 episcopi
659 706 715 770 vel
738 707 877 787 alterius
900 708 1029 792 praelati
1049 711 1147 790 cujus
1166 708 1285 773 electio
1299 710 1363 772 luit

191 817 282 882 nulla
296 817 340 880 ob
354 816 637 899 impedimentum
649 817 740 898 *juris
756 817 908 893 hnmani,
918 815 974 881 vel
990 819 1047 902 qui
1056 819 1290 901 suspensione,
1306 837 1364 882 ex*

190 925 508 1002 communicatione,
522 925 577 990 vel
592 925 666 990 aliis
680 927 790 1008 paenis
805 926 995 1009 privaretur
1006 926 1253 1008 jurisdictione,
1268 928 1364 991 dum-

190 1036 292 1100 modo
305 1053 419 1099 errore
433 1035 606 1098 communi
620 1039 759 1118 putetur
772 1035 933 1118 praeditus
945 1035 1055 1100 cilicio
1070 1041 1104 1099 et
1116 1036 1361 1118 jurisdictione.

228 1147 261 1206 3·
276 1142 395 1207 Valent
405 1147 480 1206 acta
485 1142 620 1226 judicis,
638 1143 701 1206 etsi
716 1161 785 1206 una
799 1141 854 1207 vel
869 1148 1011 1226 utraque
1026 1162 1105 1226 pars
1119 1145 1202 1208 sciat
1213 1144 1363 1226 judicem

189 1271 305 1318 eoram
321 1270 388 1335 qno
403 1256 520 1332 agunt,
538 1250 594 1314 vel
617 1251 803 1334 parochum
827 1269 942 1315 coram
962 1270 1030 1334 quo
1045 1251 1259 1327 contrahunt,
1283 1251 1365 1332 legi-

191 1361 274 1424 lima
282 1363 449 1442 potestate
460 1359 663 1422 instructum
675 1377 744 1422 non
755 1377 847 1436 esse;
865 1359 1050 1423 dummodo
1061 1362 1259 1442 perseveret
1272 1376 1366 1422 error

188 1467 393 1532 communis.
411 1461 581 1542 Attamen,
598 1467 632 1530 in
652 1469 716 1532 hoc
731 1484 824 1544 casu,
841 1485 912 1530 non
926 1465 1056 1530 valeret
1070 1465 1237 1530 absolutio
1258 1483 1366 1528 sacra-

189 1577 359 1652 mentalis,
376 1594 447 1640 non
461 1575 599 1658 quidem
614 1595 656 1638 ex
671 1575 803 1640 delectu
816 1574 1070 1656 jurisdictionis,
1082 1575 1141 1638 secl
1157 1575 1235 1658 quia
1248 1572 1365 1656 petitio

189 1685 387 1766 poemtentis
408 1689 499 1748 esset
519 1685 765 1767 peccaminosa,
787 1701 826 1746 ac
849 1682 991 1766 proinde
1005 1687 1148 1766 poneret
1162 1681 1293 1746 obicem
1308 1699 1366 1744 vau

189 1791 266 1857 lidae
291 1794 495 1878 susceptioni
520 1794 733 1868 sacramenti,
747 1812 820 1858 sou
837 1792 967 1857 debitas
990 1811 1060 1858 non
1077 1792 1215 1856 allerret
1228 1789 1366 1874 disposi-

189 1902 313 1966 tiones.

585 2049 601 2122 ξ
620 2051 665 2106 lll.
686 2047 727 2106 lle
745 2053 845 2108 actore
864 2053 893 2106 et
910 2062 970 2106 reo.

233 2203 381 2282 (larbam
394 2211 486 2266 octor·
500 2203 555 2266 oet
566 2221 642 2265 reus
657 2199 725 2266 ess‘e
733 2203 842 2288 possit
857 2209 918 2266 out
932 2201 1049 2266 debeat
1063 2203 1098 2264 tn
1108 2200 1238 2282 judicic
1249 2201 1267 2264 :²

233 2318 264 2394 ot
280 2312 318 2377 ln
332 2333 391 2378 reo
407 2313 597 2378 necessario
621 2312 715 2376 nulla
739 2311 882 2398 qualitas
902 2310 1054 2396 specialis
1074 2311 1267 2394 requiritur,
1291 2311 1369 2394 quia

193 2423 399 2488 istcinvitus
426 2423 568 2486 trahitur
587 2421 630 2486 ad
655 2423 841 2504 judicinm;
868 2421 927 2488 sed
950 2422 985 2484 in
1008 2439 1067 2484 reo
1094 2419 1286 2484 voluntario
1311 2419 1368 2502 qui

193 2531 288 2596 venit
310 2537 430 2615 sponte
454 2531 496 2596 ad
518 2549 553 2594 se
570 2529 833 2607 defendendum,
850 2530 1071 2614 requiruntur
1085 2527 1249 2610 speciales
1265 2526 1368 2610 quali-

195 2645 292 2716 tates,
318 2659 440 2723 nempe
464 2639 654 2720 generatim
678 2644 715 2702 ut
737 2640 780 2702 sit
798 2638 884 2702 liber
906 2637 1021 2716 homo,
1044 2635 1236 2710 masculus,
1261 2637 1369 2718 majo-

196 2749 323 2822 rennis,
342 2753 375 2812 et
387 2747 481 2812 nullo
488 2750 566 2830 jure
579 2747 807 2830 prohibeatur.

234 2857 263 2936 b)
280 2857 425 2935 Quilibet
440 2855 613 2938 injudicio
627 2863 849 2938 storepotest,
864 2873 922 2918 seu
942 2874 1011 2918 esse
1033 2858 1136 2930 actor,
1158 2856 1225 2918 arisi
1233 2904 1235 2908 .
1246 2853 1369 2938 specio-

194 2967 271 3030 lr'ter
277 2965 509 3050 prohibeatur.
527 2964 599 3030 Sed
614 2963 858 3048 probibentur:

235 3076 265 3137 l⁰
280 3075 373 3138 Servi
396 3073 531 3158 proprie
552 3073 642 3150 dicti,
663 3074 698 3136 in
721 3091 824 3138 causa
837 3075 1042 3156 pecuniaria,
1059 3075 1138 3158 quia
1152 3073 1241 3137 servi
1258 3072 1370 3158 quoad

193 3189 289 3248 actus
304 3181 420 3248 civiles
434 3201 495 3266 pro
510 3181 653 3248 mortuis
665 3181 844 3258 habentur,
862 3181 972 3246 sedin
990 3181 1063 3247 aliis
1087 3182 1198 3246 causis
1214 3179 1370 3246 admitte-

194 3291 329 3356 bantur.
895 3293 897 3303 ¹

234 3403 266 3464 θ’
282 3401 441 3476 lnlantes,
459 3405 624 3478 amentes,
640 3399 782 3483 prodigi,
802 3399 1017 3476 surdo-muti,
1036 3417 1097 3484 pro
1114 3399 1236 3483 quibus
1255 3403 1370 3463 tamen

194 3513 431 3594 procuratores
447 3515 555 3592 agunt
569 3510 620 3592 (l).

234 3620 267 3682 3⁰
283 3617 431 3702 Pupillus
455 3617 528 3682 sine
550 3618 748 3682 auctoritate
772 3619 892 3681 tutoris
909 3623 943 3682 et
962 3617 1074 3681 minor
1089 3617 1371 3700 vigintiquinque

193 3727 294 3792 annis
309 3728 383 3791 sine
398 3727 597 3792 auctoritate
611 3727 786 3791 curatoris.
804 3726 1024 3808 Excipiuntur
1045 3729 1161 3790 tamen
1183 3723 1296 3808 quoad
1309 3724 1372 3786 mi-

194 3855 326 3912 norem,
342 3841 416 3900 tum
429 3855 540 3901 causae
554 3835 756 3920 spirituales,
773 3832 828 3898 vel
842 3835 894 3896 bis
909 3852 1063 3910 annexae,
1078 3835 1114 3897 in
1127 3833 1250 3918 quibus
1262 3831 1371 3896 mino-

195 3967 250 4012 res
263 3967 323 4031 pro
338 3945 725 4031 maj0ribusbabentur;
744 3952 816 4009 tum
829 3963 940 4009 causae
954 3944 1205 4018 alimentorum,
1221 3942 1278 4005 ubi
1287 3941 1373 4024 peri·

194 4057 312 4120 culum
328 4063 393 4122 est
419 4059 454 4120 in
483 4075 589 4123 mora.
620 4057 779 4120 Attamen
806 4055 920 4119 minor
945 4053 1100 4136 impubes
1126 4052 1162 4114 in
1190 4051 1242 4113 bis
1261 4049 1372 4114 causis

193 4165 322 4248 judicio
338 4171 428 4231 stare
443 4185 514 4232 non
528 4172 655 4250 posset,
680 4165 740 4230 sed
766 4163 898 4229 dandus
923 4165 1014 4228 esset
1033 4161 1065 4224 ei
1085 4162 1219 4224 curator
1239 4157 1279 4240 (c.
1303 4157 1369 4220 3h.

197 4274 550 4360 tituliinb‘lffl).⁴

235 4384 269 4448 4⁰
285 4384 533 4449 Filiuslamilias
548 4387 621 4450 sine
637 4403 807 4449 consensu
817 4383 932 4466 patris,
951 4380 1072 4446 saltem
1084 4375 1245 4458 generali,
1256 4375 1375 4458 nequit

196 4492 332 4574 litigare
346 4499 464 4559 contra
490 4499 702 4570 extraneum,
728 4493 791 4556 nisi
809 4495 968 4574 ageretur
992 4489 1032 4552 de
1054 4483 1186 4571 peculio
1210 4481 1374 4549 castrensi

232 4677 266 4740 p)
280 4675 345 4728 coa.
360 4676 422 4738 civ,
436 4691 462 4727 a.
477 4677 600 4742 rso,‚5n.

231 4759 264 4820 p)
281 4757 358 4820 nra,
373 4772 397 4806 a.
413 4759 466 4808 ise.
