3504 5572
551 587 636 638 uren
659 565 784 640 rennos
805 589 1028 640 oncnsmnuu.
1281 627 1283 630 .
1321 570 1381 641 300

202 707 259 772 ris.
275 705 466 774 Notandum
481 709 638 793 estquod
652 709 811 776 venditor
824 710 1063 776 dicitur'laesus
1078 710 1160 774 dum
1176 729 1238 795 pro
1253 728 1378 789 meroe,

201 833 265 882 nec
278 817 436 881 intimum
451 817 599 900 pretium
614 819 758 902 recepit;
775 823 909 904 emptor
922 837 1016 896 vero,
1034 819 1117 884 dum
1131 818 1259 903 aliquid
1278 837 1382 902 supra

180 917 183 920 ’
203 943 377 990 summum
395 925 544 1009 pretium
564 925 674 994 solvit.
692 926 800 1009 igitur
819 927 998 992 dimidium
1018 927 1117 1012 pretii
1139 927 1187 992 sic
1207 931 1382 1010 computa-

203 1039 259 1098 tur
272 1053 293 1099 a
305 1051 441 1100 summo
460 1033 517 1098 vel
537 1034 657 1100 intimo
678 1035 800 1119 pretio,
817 1019 919 1120 prout
937 1035 1051 1117 agitur
1072 1035 1114 1100 de
1135 1035 1308 1118 emptione
1325 1033 1382 1098 vel

202 1142 409 1208 venditione.
427 1141 496 1208 Hoc
512 1143 703 1208 remedium
725 1145 829 1210 etiem
850 1143 1013 1228 competit
1034 1144 1190 1228 emptori,
1209 1143 1237 1206 si
1257 1162 1279 1209 a
1299 1161 1381 1208 ven-

205 1250 313 1316 ditore
331 1249 434 1315 laeaus
456 1256 508 1316 est
524 1250 612 1317 ultra
632 1250 798 1316 dimidum
815 1251 915 1335 pretii
926 1252 1011 1336 Justi
1028 1271 1035 1314 :
1051 1251 1086 1317 id
1100 1251 1221 1316 suadet
1239 1249 1381 1336 aequitas

205 1364 240 1422 et
258 1357 433 1444 aequalitas
454 1360 543 1422 inter
562 1358 814 1436 contrahentes,
830 1357 910 1423 licet
927 1363 989 1423 art.
1007 1359 1086 1423 1683
1099 1358 1177 1423 Cod.
1195 1359 1257 1430 civ.
1274 1376 1382 1423 reme-

205 1465 300 1532 dium
315 1467 530 1532 remissionis
549 1484 618 1531 non
631 1467 785 1531 conferet
799 1466 865 1530 nisi
880 1465 1060 1542 venditori,
1076 1465 1154 1532 ideo
1172 1467 1251 1551 quia
1265 1467 1382 1531 vendi·
1505 1485 1512 1557 j

205 1581 259 1640 tor
284 1591 375 1660 saepe
400 1575 603 1640 necessitate
628 1573 843 1657 compellitur
871 1573 914 1639 ad
941 1573 1174 1650 vendendum,
1201 1591 1270 1638 non
1299 1591 1382 1640 vero

205 1688 340 1768 emptor
353 1683 396 1748 ad
411 1682 611 1758 emendum;
627 1681 688 1746 sed
703 1683 776 1746 haec
789 1682 875 1746 ratio
889 1700 960 1746 uon
973 1687 1026 1746 est
1037 1683 1147 1746 timna.
1188 1692 1190 1695 ·

244 1792 277 1854 2⁰
291 1790 325 1854 Si
340 1789 491 1873 graviter
505 1789 608 1855 laesus
623 1795 686 1865 est,
704 1789 765 1855 sed
779 1789 868 1854 infra
882 1789 1061 1854 dimidium
1070 1790 1154 1872 justi
1168 1791 1278 1874 pretii,
1291 1789 1385 1855 nulla

206 1897 305 1966 detur
319 1899 406 1964 actio
422 1917 465 1964 ex
477 1901 556 1983 jure
572 1898 672 1974 civili,
689 1897 800 1962 souin
815 1898 889 1963 foro
906 1901 1049 1963 externo
1064 1897 1216 1963 venditio
1232 1903 1285 1963 cst
1305 1899 1385 1962 sim-

204 2007 336 2091 pliciter
350 2008 462 2074 valide
474 2029 481 2072 :
495 2013 529 2072 et
541 2009 607 2073 hoc
619 2013 658 2071 ut
672 2007 820 2072 evitetur
833 2005 915 2071 illud
928 2007 1171 2089 gravissimrnn
1184 2005 1386 2072 malumire·
1485 2013 1492 2029 '

206 2117 353 2202 quentiae
374 2117 497 2182 litium.
514 2117 641 2182 Tamen
666 2117 701 2180 in
722 2117 797 2182 foro
820 2117 1054 2195 conscientiae,
1079 2121 1213 2200 emptor
1235 2117 1386 2198 graviter

203 2225 332 2293 laedens
347 2228 390 2293 ad
403 2227 504 2311 pretii
523 2227 693 2293 defectum
713 2227 942 2310 supplendum
958 2230 1111 2292 tenetur:
1127 2226 1176 2291 ita
1190 2243 1310 2291 omnes
1324 2225 1381 2290 GC.

203 2329 555 2420 Diximus'«·graviter
570 2357 602 2414 »3
620 2355 701 2401 nam
721 2337 749 2400 si
769 2335 864 2401 laesio
887 2336 931 2400 sit
953 2336 1088 2401 modica
1102 2341 1136 2401 et
1151 2337 1240 2401 intra
1258 2335 1384 2400 limites

204 2448 303 2531 pretii
318 2446 444 2511 summi
459 2450 493 2510 et
505 2445 624 2522 intimi,
638 2443 732 2510 nulla
745 2443 901 2510 facienda
915 2449 967 2508 est
978 2444 1158 2522 restitutio,
1171 2462 1250 2509 oum
1260 2444 1295 2508 in
1305 2461 1385 2509 con·

205 2556 367 2621 tractibus
383 2553 617 2620 omnimodam
631 2551 862 2638 {equalitatem
877 2569 1014 2617 servare
1029 2551 1087 2616 vix
1104 2551 1264 2636 possibile
1280 2553 1333 2630 sit,
1351 2557 1386 2616 et

206 2680 249 2730 ex
266 2663 441 2729 communi
461 2680 526 2726 usu
548 2661 729 2726 hominum
752 2659 827 2724 fleri
848 2665 1010 2726 censetur
1029 2661 1236 2728 condonatio
1260 2659 1385 2726 modici

206 2790 377 2838 excessus.
392 2807 432 2818 ·-
446 2769 564 2848 Quoad
577 2767 719 2835 modum
733 2768 952 2852 computandi
966 2766 1145 2836 laesionem
1159 2769 1249 2834 ultre
1263 2768 1319 2834 vel
1334 2767 1384 2832 iu-

204 2881 257 2946 tra
271 2879 459 2956 dimidium,
474 2897 545 2944 non
559 2877 770 2973 conveniunt
786 2875 852 2940 DD.

246 2985 373 3054 Tamen
382 2987 589 3073 probabilius
602 2986 637 3052 iu
647 2981 825 3050 venditore
837 2988 872 3050 et
883 2990 1036 3070 emptore
1046 2985 1201 3052 iacienda
1213 2991 1265 3052 est
1274 3003 1386 3072 aequa·

206 3095 352 3182 literper
365 3097 521 3162 ordinem
536 3094 579 3160 ed
593 3093 759 3178 pretium3
776 3093 881 3176 igitur
894 3093 989 3159 laesio
1007 3093 1096 3160 ultre
1111 3095 1289 3160 dimidium
1305 3114 1385 3161 con-

176 3214 178 3224 ‘
207 3207 307 3290 tingit
331 3205 574 3282 invenditum,
602 3205 631 3268 si
651 3223 803 3269 mercem
827 3203 1001 3268 valentem
1023 3205 1081 3268 100
1100 3205 1235 3270 francos
1259 3205 1386 3269 vendet

205 3316 357 3392 iufra503
369 3315 405 3378 in
420 3307 586 3398 emptore,
599 3313 672 3377 siin
685 3331 760 3377 rem
775 3331 850 3396 quae
862 3311 1132 3377 ‘valerettantum
1143 3314 1193 3388 50,
1210 3312 1386 3397 impendat

205 3424 281 3509 plus
294 3443 399 3508 quam
410 3425 479 3489 100.
494 3423 592 3488 Ratio
606 3423 710 3504 hujus
723 3421 902 3486 sententiae
915 3425 968 3486 est
983 3421 1075 3504 qnod
1088 3421 1317 3506 aequalitatem
1329 3423 1385 3487 ob·

207 3529 318 3598 serrat
332 3532 421 3596 inter
441 3531 653 3596 venditorem
675 3535 710 3595 et
731 3533 940 3612 emptorem;
956 3547 1058 3612 porro
1082 3529 1117 3592 in
1132 3533 1307 3595 contractu
1335 3547 1385 3594 rc-

206 3641 351 3724 ciprocu‚
364 3639 472 3724 qualis
491 3644 544 3705 est
557 3637 717 3714 venditio,
732 3635 898 3702 servanda
912 3641 966 3701 est
974 3636 1150 3720 aequalitas
1160 3636 1384 3703 absolutaseu
1423 3711 1427 3719 ⁸

207 3750 419 3816 arithmetica
432 3750 520 3814 inter
533 3748 785 3814 contrahentes.

245 3861 286 3925 3⁸·
304 3859 373 3925 Huc
398 3857 589 3923 remedium
617 3857 759 3923 actionis
786 3856 829 3922 ad
849 3857 1092 3922 rescissionem
1113 3861 1307 3922 contractus
1331 3855 1385 3922 vel
1434 3851 1436 3855 ’

207 3966 483 4050 supplementum
503 3965 602 4050 pretii
623 3965 875 4030 refundendum
891 3963 980 4028 ultra
995 3963 1183 4040 dimidium,
1210 3963 1299 4028 laesis
1315 3982 1384 4029 non

199 4075 413 4153 conceditur,
428 4075 564 4160 quando
574 4074 652 4139 huic
662 4073 827 4139 beneflcio
837 4075 926 4140 iacta
938 4079 990 4137 est
1003 4073 1221 4151 renuntiatio,
1237 4072 1291 4136 vel
1302 4073 1385 4138 dum

206 4203 367 4252 excessus
399 4191 458 4251 ent
489 4185 641 4250 deiectus
668 4186 707 4248 sst
741 4184 965 4260 condonati03
997 4182 1135 4248 tandem
1166 4183 1302 4267 qnando
1330 4201 1385 4248 res

206 4303 330 4382 emptu,
346 4317 428 4363 casu
442 4297 583 4366 fortuito
606 4301 785 4381 perempta
800 4301 862 4372 est,
887 4302 999 4360 cessat
1019 4295 1111 4380 optio
1132 4313 1172 4358 ac
1189 4293 1331 4377 proinde
1352 4299 1386 4358 et

206 4407 310 4472 actio:
324 4407 609 4472 itaoommuniter
622 4403 680 4470 GC.
698 4403 858 4489 Sequitur
880 4423 924 4468 ex
939 4403 1036 4468 dictis
1051 4403 1143 4487 quod
1163 4403 1199 4466 in
1218 4403 1385 4488 emptione
1438 4439 1440 4446 ·

200 4513 337 4600 publica
350 4519 459 4597 (vente
472 4533 541 4582 aux
551 4515 738 4596 enchercs),
754 4532 824 4580 non
835 4512 1042 4578 concedatur
1052 4511 1140 4577 actio
1153 4512 1196 4576 oh
1207 4509 1385 4576 laesionem

207 4622 295 4690 ultra
319 4623 498 4692 dimidium
517 4623 571 4692 vet
594 4623 685 4707 rste,
711 4627 786 4687 tum
808 4623 888 4708 quia
909 4621 1061 4686 vendens
1087 4625 1121 4684 et
1145 4637 1264 4685 emens
1278 4617 1383 4683 libere

206 4733 426 4802 consentiunt
441 4734 476 4798 in
489 4733 638 4816 pretinm
665 4731 756 4816 quod
768 4751 831 4816 per
849 4731 1052 4796 licitationes
1066 4729 1294 4814 constituitur,
1313 4733 1385 4790 tum

348 4863 379 4908 n.
1205 4838 1245 4902 eo
