3440 5568
354 527 414 591 664
811 541 861 587 tus
881 542 1060 589 cluourauu.

354 664 491 734 servatis,
506 675 579 735 qum,
596 659 627 718 iu
647 659 813 722 Pontifioali
829 663 964 719 Romano
984 659 1236 734 praescribuntur,
1251 659 1324 718 dum
1338 659 1370 718 iu
1391 660 1558 733 sepulcro

355 751 560 812 reconduntur
574 748 710 822 reliquia
722 753 752 808 et
762 750 977 822 superponitur
988 749 1078 824 lapis,
1095 747 1211 809 scilicet
1229 753 1264 808 ut
1277 749 1415 824 signetur
1426 753 1558 810 sancto

354 842 515 901 chrismata
537 839 691 900 conlessio
706 838 770 898 sire
785 838 968 912 sepulcrum,
986 855 1021 898 aa
1044 839 1162 898 dicatur
1179 837 1300 896 interim
1315 837 1410 896 oratio
1424 839 1555 899 Germe-

355 936 456 995 accur
474 929 740 1002 etauctoritatem
760 933 875 1002 postea,
890 928 1054 988 reconditis
1071 927 1209 1003 reliquiis
1230 942 1299 986 curn
1315 926 1412 986 tribus
1427 927 1556 1001 granis

355 1021 503 1092 thuris,ct
515 1018 707 1093 superposito
722 1019 864 1092 operculo
878 1033 913 1078 ac
930 1017 1059 1088 firmato,
1074 1017 1191 1076 dicatur
1212 1015 1305 1074 altera
1323 1016 1418 1074 oratio
1441 1017 1552 1097 Deus,

355 1111 409 1186 qai
421 1125 459 1169 cc
473 1109 606 1168 munium
618 1107 840 1169 cohabitatione
858 1113 1044 1178 saucmmm,
1058 1111 1087 1164 et
1099 1105 1175 1164 nibil
1189 1104 1281 1164 aliud.
1330 1133 1332 1138 ,

392 1199 536 1260 Sacerdos
558 1201 677 1272 laurac,
696 1197 761 1256 limi
784 1197 908 1256 dadum.
930 1196 1024 1270 episc.
1049 1197 1107 1256 vic.
1130 1209 1245 1270 gener„
1260 1194 1296 1252 ad
1317 1193 1552 1254 eliminandam

357 1301 579 1364 quamcumque
600 1286 818 1348 dubitationem
839 1287 870 1345 in
892 1291 1091 1346 sacrosancta
1111 1285 1215 1345 missa
1235 1283 1374 1344 smniddi
1400 1281 1550 1342 celebra-

356 1382 447 1451 tione,
463 1379 562 1452 ipsius
573 1393 620 1450 ep.
633 1376 755 1435 nomino
770 1379 799 1435 S.
816 1379 850 1434 ll.
867 1377 897 1435 C.
913 1375 1070 1449 sequentia
1083 1374 1177 1436 dubia
1190 1374 1348 1432 enodanda
1362 1372 1549 1446 proposuit,

358 1483 524 1529 nimirum:

395 1565 422 1614 1⁹
436 1559 534 1618 llltarc
551 1555 698 1630 portatile,
722 1555 810 1629 cujus
832 1553 1016 1628 sepulcrum,
1038 1553 1108 1612 aliis
1130 1553 1355 1612 remanentibus
1375 1567 1547 1611 consecra-

357 1647 452 1708 tionis
479 1645 628 1721 vestigiis,
648 1645 799 1704 invenitur
822 1647 850 1703 S·
873 1644 1010 1718 reliquiis
1034 1659 1174 1714 vacuum,
1198 1643 1368 1716 reputarine
1390 1641 1479 1700 debat
1495 1641 1550 1698 ita

359 1739 480 1811 penitus
498 1737 755 1795 consecrationem
773 1749 860 1794 suam
875 1733 1025 1805 amisisse,
1044 1739 1078 1792 ut
1095 1734 1163 1792 aliis
1185 1731 1326 1806 repositis
1346 1731 1377 1790 in
1393 1732 1546 1804 sepulcro

359 1826 508 1900 reliquiis,
522 1841 558 1884 eo
569 1825 613 1884 uti
627 1840 688 1884 non
704 1824 810 1884 liccat?
1360 1815 1363 1822 ⁴

393 1921 423 1972 2⁰
439 1913 515 1984 Quid
524 1914 551 1972 si
565 1913 663 1972 delato
674 1917 791 1972 mutum
800 1912 963 1986 episcopali
977 1912 1079 1988 sigillo
1094 1925 1186 1985 super
1195 1911 1366 1984 sepulcrum
1377 1910 1544 1984 hispanica

361 2017 430 2064 cara
444 2003 603 2077 impresso,
626 2001 772 2062 obserata
786 2009 886 2062 mmen
905 2003 1096 2062 inveniantur
1111 2005 1140 2060 S.
1155 2001 1311 2075 reliquiae?

395 2097 426 2150 3⁸
439 2091 517 2163 Quid
530 2093 681 2166 agendum
695 2109 714 2152 a
728 2093 892 2164 sacerdote,
906 2093 958 2167 qui
973 2092 1168 2166 reliquiarum
1183 2091 1349 2152 amissione
1368 2090 1541 2166 recognita,

359 2182 419 2241 alio
432 2181 547 2258 indiget
558 2182 644 2240 altari
658 2183 695 2241 ad
711 2197 797 2241 sacra
809 2182 962 2242 lacieuda‘l

395 2274 432 2330 m
445 2273 473 2332 S.
496 2271 600 2332 eadem
616 2273 725 2346 Congr.
741 2271 776 2330 ad
791 2271 965 2330 Vaticanum
981 2271 1161 2346 subsignata
1174 2271 1222 2332 dia
1242 2271 1272 2328 iu
1288 2269 1441 2330 ordinario
1452 2275 1540 2330 coetu

360 2359 536 2430 coadunata,
551 2359 711 2419 secretario
724 2361 880 2431 referente,
895 2375 987 2434 super
1002 2361 1148 2434 expositis
1159 2365 1276 2420 maturo
1288 2360 1427 2420 examine
1449 2360 1542 2420 insti·

361 2454 437 2520 tuto,
451 2447 677 2508 rescribendum
693 2449 809 2509 censuit
827 2469 834 2507 :

396 2539 439 2596 dd
456 2543 467 2596 l
487 2557 494 2596 :
510 2542 600 2597 Jrrxta
615 2538 673 2597 alia
687 2539 819 2610 decreta,
839 2538 975 2614 indigere
989 2553 1067 2597 nova
1081 2539 1318 2600 consecratione.
1390 2565 1393 2572 .

397 2627 472 2686 lldb
493 2646 499 2684 :
516 2627 602 2686 ulad
618 2628 799 2701 proximum,
815 2629 887 2702 quia
905 2643 965 2686 non
986 2633 1138 2688 constaret
1158 2630 1194 2689 de
1215 2628 1410 2703 reliquiarum
1428 2628 1539 2688 identi-

362 2723 422 2778 tata
435 2722 466 2776 et
477 2717 712 2778 authenticitate.

397 2809 439 2866 lld
454 2813 470 2865 3
487 2827 494 2865 :
524 2809 747 2868 Recurrendum
762 2809 797 2866 ad
819 2823 878 2881 cp„
894 2815 928 2867 ut
949 2809 986 2867 ab
1006 2809 1058 2868 illo
1078 2809 1271 2882 provideatur
1289 2808 1325 2868 de
1349 2815 1426 2866 noto
1449 2807 1539 2868 altari

363 2897 504 2972 portabili.

399 2989 494 3060 Atque
505 2987 547 3046 ita
560 2986 714 3060 rescripsit
729 2985 921 3060 definivitque
936 2988 985 3046 die
998 2991 1032 3047 23
1052 2987 1122 3047 nraii
1140 2989 1217 3046 islo.

399 3081 534 3149 Experto
549 3076 614 3134 llmi
629 3076 761 3149 episcopi
777 3079 989 3146 cenomanen,
1007 3081 1035 3136 s.
1050 3081 1083 3136 R.
1100 3079 1130 3136 C.
1147 3077 1301 3151 proposita
1318 3082 1390 3136 sunt
1409 3092 1541 3150 sequen-

365 3168 407 3225 tia
420 3165 512 3224 dubia
524 3179 578 3238 pro
591 3170 761 3238 opportuna
773 3165 972 3224 declaratione
988 3171 1017 3225 et
1030 3167 1190 3238 solutione,
1207 3167 1347 3226 nimirum
1364 3185 1372 3224 :

401 3257 484 3312 Νη
507 3253 711 3312 interdicenda
732 3253 794 3312 sint
817 3254 922 3312 altaria
943 3255 1103 3328 portatilia,
1127 3257 1153 3315 si
1171 3257 1287 3316 nullum
1308 3262 1449 3330 appareat
1468 3257 1538 3316 reli·

367 3343 507 3418 quiarum
522 3341 704 3416 sepulcrum,
728 3341 798 3400 licet
824 3343 926 3402 adsint
938 3344 1074 3418 quinque
1088 3345 1219 3405 cruces?

401 3437 430 3490 2⁰
443 3435 487 3490 An
503 3431 582 3490 idem
596 3431 756 3490 dicendum
769 3431 795 3491 si
811 3431 921 3490 existat
934 3433 1105 3506 sepulcrum
1121 3434 1236 3509 absque
1252 3435 1373 3510 sigillo‘l

399 3527 429 3580 3·
444 3521 585 3590 Tandem,
601 3535 639 3579 an
659 3521 688 3579 id
704 3521 809 3580 saltem
824 3523 1050 3595 exsequendum
1069 3525 1190 3598 quando
1211 3529 1334 3598 apparat
1353 3525 1540 3600 sepulcrum,

363 3611 417 3672 sed
433 3611 549 3670 nullum
564 3615 661 3670 exstat
673 3610 801 3684 appositi
823 3611 916 3686 sigilli
930 3613 1115 3687 vestigium?

398 3700 461 3760 Emi
480 3707 509 3758 ol
532 3699 598 3758 Rmi
613 3703 644 3758 P.
668 3703 697 3758 S.
720 3701 841 3759 tuendis
862 3701 970 3760 ritibus
995 3701 1144 3776 praepositi
1169 3703 1202 3760 in
1223 3703 1375 3762 ordinario
1395 3709 1474 3764 coelu
1500 3705 1539 3762 ad

365 3791 541 3850 Vaticanum
565 3787 743 3863 subsignata
768 3789 816 3848 die
835 3789 1011 3862 coadunati,
1040 3792 1200 3852 secretario
1223 3793 1384 3864 referente,
1412 3793 1540 3866 rescrip-

364 3894 453 3940 sere:

401 3969 443 4028 dd
458 3975 468 4026 l
492 3986 499 4026 :
515 3969 632 4028 Clarius
645 3983 678 4028 se
690 3970 826 4042 explicet.
1232 4015 1235 4022 ,

401 4061 443 4120 ild
459 4065 518 4118 tet
532 4064 564 4118 ³:
581 4061 748 4118 Dummodo
757 4060 834 4134 lapis
849 4065 1055 4133 consecratus
1067 4077 1121 4122 sen
1132 4061 1224 4120 altare
1238 4061 1375 4135 portatile
1389 4062 1540 4138 integrum

367 4149 418 4219 sit,
434 4149 463 4206 in
479 4163 514 4207 eo
526 4147 668 4208 celebrari
684 4153 792 4222 potest.
808 4150 861 4208 Ille
877 4155 906 4208 ll
925 4155 1011 4208 mart.
1027 4153 1105 4209 1837.

403 4243 479 4298 Dum
494 4238 627 4296 innotuit
650 4241 724 4296 llmo
737 4239 877 4312 episcopo
898 4242 1082 4313 Newportan.
1098 4239 1179 4313 quod
1193 4239 1225 4298 in
1239 4239 1370 4313 quodam
1381 4239 1467 4300 altari
1480 4241 1541 4300 lixo

368 4343 431 4387 suae
452 4327 593 4386 dimcesis
616 4327 692 4400 lapis
709 4342 762 4400 pro
780 4327 880 4402 sigillo
895 4329 1025 4403 sepulcri
1046 4329 1240 4404 reliquiarum
1254 4329 1423 4388 inserviens
1441 4329 1479 4390 ob
1493 4331 1541 4390 do-

368 4417 479 4475 lectum
499 4415 590 4475 calcis
614 4431 675 4489 qua
696 4417 968 4492 conglutinabatur,
994 4419 1124 4492 amplius
1144 4419 1283 4494 sepulcro
1306 4434 1367 4479 uon
1395 4419 1540 4490 haerebat,

369 4505 497 4578 ipsemet
508 4507 543 4562 ut
557 4518 620 4562 rem
640 4504 749 4565 melius
764 4507 940 4581 exploraret,
961 4509 1090 4583 lapidem
1104 4509 1206 4582 ipsum
1219 4523 1312 4568 mauu
1327 4523 1384 4568 sua
1395 4509 1497 4579 movit,
1513 4513 1543 4567 ct

370 4609 440 4653 oum
455 4593 556 4666 reipsa
576 4593 695 4653 solutus
710 4599 802 4666 esset,
826 4595 863 4654 de
886 4597 946 4656 situ
967 4596 1154 4658 sublevavit:
1177 4598 1319 4672 reliquias
1337 4601 1436 4657 mmeu
1458 4593 1542 4657 nullo

372 4681 460 4740 modo
477 4681 626 4757 tetigitvel
642 4682 775 4755 dimovit,
791 4688 821 4742 el
834 4685 940 4744 deinde
951 4685 1080 4758 lapidem
1094 4686 1238 4760 reposuit.
1253 4681 1368 4757 Quibus
1383 4685 1540 4760 expositis
