3510 5574
555 587 642 634 urana
663 583 791 636 rsnrtus
810 583 1031 635 occurramus.
1324 569 1382 636 l9b'

205 705 333 774 Tamen
361 725 432 772 non
466 712 537 774 tam
573 707 762 774 advertitur
798 705 842 772 ad
874 705 1004 770 crimen
1029 709 1148 772 contra
1177 705 1381 782 castitatem,

86 791 90 807 ¹
207 830 309 898 quam
323 815 365 880 ad
380 816 529 900 speciem
543 817 706 892 criminis,
720 835 782 882 seu
797 816 983 882 adsumam
999 814 1214 880 servandam.

243 923 275 986 Ψ
290 923 411 1004 ligitur
423 923 465 988 de
485 924 616 990 clericis
631 923 851 990 beneficiatis.
875 923 993 989 Caeteri
1015 941 1077 1006 pro
1092 921 1254 1006 qualitate
1270 921 1381 986 delicti

205 1031 368 1114 puniendi
377 1034 506 1100 suntab
515 1035 673 1118 episcopo
684 1033 828 1099 carceris
837 1052 952 1117 poena,
963 1032 1187 1116 suspensione
1199 1032 1242 1097 ab
1250 1031 1380 1108 ordine,

205 1137 412 1206 inhabilitate
423 1142 466 1208 ad
480 1142 644 1209 beneficia
656 1142 980 1219 obtinenda,aliisve
990 1142 1101 1207 modis
1108 1144 1208 1226 juxta
1219 1157 1380 1206 canones.

242 1249 276 1312 3ο
291 1249 325 1314 si
336 1256 497 1332 ageretur
512 1251 555 1316 de
570 1251 741 1334 episcopo,
759 1257 840 1316 tunc
855 1250 1067 1335 delinquens,
1092 1251 1119 1314 sl
1137 1252 1211 1332 jam
1231 1250 1383 1314 monitus

204 1357 384 1425 aconoilio
403 1359 601 1442 provinciali
620 1377 657 1424 se
680 1377 750 1425 non
769 1357 1014 1434 emendaverit,
1039 1359 1112 1440 ipso
1130 1359 1220 1422 lecto
1241 1362 1294 1422 est
1309 1375 1383 1420 sus-

204 1483 341 1548 pensus.
357 1465 415 1532 Est
426 1486 509 1550 ergo
523 1467 705 1534 discrimen
715 1468 804 1532 inter
814 1466 1014 1549 episcopum
1026 1471 1062 1532 et
1074 1471 1217 1533 caeteros
1228 1464 1381 1540 clericos,

204 1575 295 1658 quod
305 1576 604 1660 episcopus,eujus
620 1575 766 1658 dignitus
778 1579 957 1658 peccatum
972 1579 1146 1656 aggravat,
1158 1573 1300 1638 incurrit
1308 1573 1382 1658 ipso

202 1684 291 1755 lacto
306 1686 578 1769 suspensionem,
597 1686 679 1752 dum
694 1685 767 1750 baec
786 1703 889 1768 poena
904 1688 957 1748 est
975 1687 1110 1750 numm
1133 1682 1284 1748 lerendae
1307 1700 1383 1746 sen-

202 1791 318 1858 tentia
334 1793 448 1878 quoad
470 1793 556 1860 alios
572 1793 723 1860 clericos.
752 1791 786 1856 Si
801 1792 980 1876 episcopus
998 1791 1150 1858 monitus
1174 1793 1380 1876 perseveret,

202 1898 245 1965 ad
273 1900 454 1968 Summum
480 1901 679 1969 Pontlsscem
704 1901 827 1965 delerri
856 1899 967 1976 debet,
997 1899 1055 1983 qui
1082 1917 1162 1964 eum
1187 1899 1383 1982 episcopatu

201 2007 336 2089 privare
350 2015 465 2093 potest
480 2029 542 2094 pro
558 2010 719 2096 qualitate
734 2009 854 2092 culpae,
871 2013 910 2072 ut
923 2007 1042 2072 statuit
1055 2005 1202 2072 Trident.
1220 2008 1315 2086 (sess.
1331 2007 1381 2086 bb,

202 2133 231 2178 c.
248 2115 298 2193 ll,
315 2116 357 2182 de
370 2119 546 2201 Reform).
1200 2169 1205 2180 .

242 2224 268 2305 c)
283 2221 332 2288 De
341 2225 473 2307 judicio
489 2227 577 2291 crece
592 2227 718 2290 crimen
733 2223 1001 2292 colrabttauone.
1018 2225 1051 2287 l⁰
1069 2221 1178 2288 ludex
1198 2223 1234 2288 in
1253 2223 1317 2288 hoc
1330 2225 1384 2306 ju-

203 2331 289 2397 dicio
302 2331 397 2398 solus
408 2339 462 2398 est
475 2335 666 2418 episcopus,
680 2335 727 2400 ita
741 2340 789 2410 ut,
799 2331 1035 2417 iuxtaplures,
1051 2331 1198 2397 vicarius
1212 2330 1383 2414 generalis

202 2457 273 2506 non
292 2443 400 2524 possit
412 2441 577 2526 judicare,
594 2442 660 2507 nisi
672 2461 717 2506 ex
736 2441 874 2525 speciali
887 2441 1060 2508 mandato.
1077 2437 1204 2522 (Collig.
1222 2457 1265 2503 ex
1279 2439 1380 2515 Trid,

201 2546 223 2610 l.
236 2567 265 2614 c.
283 2554 318 2612 et
330 2567 383 2614 ex.
399 2567 428 2616 c.
445 2550 476 2628 2,
491 2549 533 2614 de
547 2549 647 2633 Osfie.
664 2550 740 2624 oio,
753 2550 789 2614 in
802 2549 860 2631 6⁰.)
875 2548 1119 2632 Tememjuxta
1132 2547 1229 2624 alios,
1245 2545 1278 2610 C.
1291 2545 1379 2610 Trid.

203 2655 383 2722 excludere
405 2649 554 2724 intendit
580 2657 856 2724 archidiaconum
880 2661 1025 2722 tantum.
1047 2655 1171 2720 Verum
1203 2655 1382 2738 episcopus

201 2763 256 2830 bio
267 2763 421 2848 procedit
438 2790 453 2826 u
468 2766 573 2830 etiam
587 2770 627 2830 ut
640 2764 818 2846 delegatus
831 2763 927 2829 Sedis
941 2761 1143 2846 apostolicae
1160 2782 1192 2838 »3
1219 2779 1286 2845 quo
1300 2779 1381 2827 casu
1407 2778 1411 2786 ·

201 2873 428 2956 perseipsum
442 2873 628 2957 procedere
643 2873 794 2940 deberet.

162 3063 166 3072 Ι
240 2979 272 3044 2⁰
288 2979 330 3044 Ut
340 2981 500 3064 judexed
514 2999 635 3065 poenas
648 2980 817 3064 procedat,
828 2980 1013 3066 requiritur
1025 2979 1128 3066 plena
1143 2979 1309 3062 probatio,
1325 2977 1381 3044 uel

201 3085 454 3154 exnotorietate
467 3089 556 3166 lecti,
570 3089 626 3154 vel
641 3107 703 3172 per
717 3093 821 3154 testes
835 3106 898 3152 seu
907 3087 1075 3152 viobntas
1082 3088 1378 3172 praesumptiones,

201 3200 239 3260 ut
259 3201 362 3262 antea
377 3195 541 3288 diximum
557 3213 638 3262 nam
660 3201 761 3261 certae
785 3213 894 3279 poeuae
916 3213 986 3260 non
1011 3195 1179 3260 debentur
1201 3195 1266 3258 nisi
1287 3201 1380 3258 certo

201 3303 333 3370 aenou.
1248 3286 1251 3302 ¹

238 3413 271 3476 3⁰
293 3409 489 3497 Episcopus,
511 3413 697 3496 premissis
717 3413 964 3479 monitionibus
985 3411 1198 3496 supradictis,
1223 3410 1380 3475 instituto

199 3539 362 3606 processu
377 3521 575 3598 summario,
592 3521 666 3586 sine
681 3522 825 3606 strepitu
846 3526 883 3586 et
895 3521 1006 3602 llguru
1018 3519 1147 3604 judicil,
1165 3524 1199 3584 et
1215 3517 1287 3584 sole
1303 3519 1381 3584 lacti

199 3627 342 3696 veritate
352 3629 515 3713 inspectu,
532 3627 812 3722 decerni-tpoenas
823 3627 938 3694 aTrid.
950 3631 1105 3694 statutas.
1119 3625 1255 3692 illerum
1262 3643 1381 3710 peena-

199 3755 276 3802 rum
290 3737 465 3804 exsecutio
479 3737 636 3821 impediri
646 3739 701 3802 vel
714 3737 878 3822 suspendi
888 3736 1009 3820 nequi-t
1018 3737 1052 3800 ui
1066 3733 1249 3818 cujuslibet
1265 3732 1380 3817 appel-

199 3841 335 3909 lationis
359 3844 539 3909 autetiam
559 3845 797 3928 exemptionis.
819 3843 951 3910 Etenim
973 3843 1152 3926 episeopus
1169 3839 1321 3924 procedit
1344 3845 1381 3902 ut

200 3950 378 4033 delegatus
390 3951 486 4016 Sedis
498 3951 711 4034 Apostollcae.
