3488 5564
379 574 419 638 ii
840 592 890 638 rus
911 589 1090 637 cauomcurr.

378 709 452 773 haec
464 708 634 774 sententia
647 713 803 774 remanet
816 705 1022 791 probabilior
1036 701 1320 787 (dury-Ballenni,
1338 710 1360 767 t.
1375 703 1413 780 ll,
1433 723 1466 769 n.
1482 706 1552 784 839,

378 816 449 892 ele,
468 817 556 898 eto).

418 923 466 988 De
485 925 651 1008 effectibus
672 925 955 1008 quusi-domicilii.
973 925 1058 990 Sunt
1074 923 1164 1008 quod
1180 923 1211 986 l·
1224 911 1431 998 Habitantes',
1450 941 1553 1007 quan-

381 1033 437 1096 diu
452 1031 499 1096 ibi
523 1031 684 1110 existunt,
710 1038 870 1097 tenentur
889 1032 1033 1114 legibue,
1052 1031 1186 1095 statutis
1203 1035 1238 1094 et
1251 1030 1553 1095 consuetudinibus

379 1141 468 1204 illius
483 1140 565 1216 loci;
584 1160 616 1205 v.
634 1161 667 1222 g.
686 1142 729 1206 ad
747 1141 873 1206 festum
893 1139 1144 1215 celebrandum,
1164 1139 1207 1204 ad
1221 1139 1353 1221 jejunia
1370 1137 1552 1214 servanda

380 1250 509 1314 bonum
523 1247 696 1332 publicum
717 1249 751 1311 id
770 1249 885 1330 exigit,
914 1247 1082 1332 siquidem
1099 1246 1180 1310 alias
1201 1245 1296 1321 ordo,
1314 1246 1410 1330 quies
1435 1251 1469 1310 et
1482 1265 1555 1329 par-

382 1357 468 1420 tium
481 1357 704 1422 consonantia
718 1356 934 1432 tollerentur;

420 1465 452 1527 2⁰
471 1465 657 1548 Acquirunt
678 1467 735 1547 jus
758 1463 1031 1548 parochialitatis,
1057 1465 1164 1526 itaut
1190 1462 1306 1526 omnia
1330 1465 1552 1536 sacramenta,

381 1577 522 1656 excepto
537 1571 666 1648 ordine,
683 1572 832 1655 recipere
847 1573 980 1655 possint
993 1590 1013 1636 a
1026 1571 1173 1655 parocho
1196 1569 1252 1634 vel
1269 1569 1425 1653 episcopo
1452 1569 1554 1651 hujus

379 1679 444 1745 loci
461 1701 468 1756 ;

419 1787 452 1849 3⁰
468 1787 676 1852 Probabilius
699 1787 801 1852 etiam
824 1791 970 1870 possunt
983 1787 1019 1850 in
1035 1787 1123 1851 votis
1143 1789 1178 1850 et
1191 1785 1397 1868 juramentis
1424 1784 1554 1868 dispen-

380 1895 457 1970 sari,
475 1899 509 1959 et
521 1895 645 1959 habero
662 1895 889 1978 sepulturam;
907 1913 987 1959 nam
1002 1913 1083 1959 vere
1098 1892 1294 1977 parochiani
1308 1895 1398 1956 sunt.

324 1996 327 2005 '
421 2001 471 2065 tv.
483 2003 531 2066 De
539 2003 683 2087 simplici
702 2003 919 2069 habitatione.
932 2039 970 2048 -
991 2001 1160 2082 Quaeritur
1175 2019 1220 2063 un
1235 1999 1377 2086 simplex
1390 2000 1554 2064 habitatio

381 2111 451 2173 siue
460 2110 574 2174 animo
582 2110 815 2172 commorandi
823 2109 1076 2194 permeabilem
1088 2109 1174 2172 unni
1183 2115 1329 2192 partem,
1341 2107 1493 2188 sufficiat
1509 2107 1557 2171 ud

382 2220 497 2298 forum
510 2209 697 2300 perieratim
707 2216 1026 2298 commendarant
1037 2215 1157 2280 saltem
1166 2213 1554 2298 adjusporochiolitutis

238 2338 253 2418 s
382 2325 660 2409 adipiscendum?

422 2433 521 2516 Resp.
538 2433 649 2518 Aliqui
663 2435 845 2509 affirmant,
870 2433 991 2496 saltem
1012 2432 1123 2517 quoad
1143 2429 1432 2516 parochialitatem
1448 2425 1557 2515 requi-

381 2541 481 2606 sitam
492 2541 535 2604 ad
545 2542 811 2605 matrimonium.
825 2541 907 2605 lluic
918 2541 1218 2605 sententiaeIaVere
1229 2539 1388 2602 videntur
1400 2540 1557 2622 quaedam

381 2649 626 2714 declarationes
652 2649 684 2712 S.
699 2648 865 2730 congreg.
893 2647 1015 2712 Concil.
1040 2667 1115 2731 quae
1138 2647 1217 2712 dicit
1242 2649 1293 2729 (ll
1317 2654 1415 2712 mart.
1439 2648 1554 2728 lirul:

382 2781 397 2813 u
414 2755 472 2846 Ad
479 2755 778 2840 parochz'utitutem
800 2755 1041 2839 acquirendum
1056 2774 1124 2818 nou
1138 2756 1322 2839 requiritur
1336 2756 1553 2828 domicilium,
1622 2789 1626 2794 =

380 2865 441 2926 sed
452 2864 596 2948 u'mpteu
618 2863 783 2927 dubitatio
798 2863 936 2944 srrssicit.
952 2889 966 2919 a
991 2863 1105 2926 Altera
1121 2862 1301 2926 declaratio
1324 2863 1370 2942 (ll
1385 2862 1447 2944 jul.
1466 2863 1555 2942 1767)

380 2970 506 3054 prodiit
530 2971 566 3033 in
602 2990 669 3054 qua
695 2971 861 3034 hahetur:
880 2969 957 3032 «lu
984 2970 1229 3053 acquirendum
1259 2969 1467 3034 domicilium
1494 2989 1556 3054 pro

382 3079 505 3144 effectu
527 3077 799 3161 parochialitatis,
826 3079 907 3141 satis
930 3082 982 3140 est
1003 3082 1041 3140 ut
1055 3077 1175 3142 saltem
1189 3079 1297 3160 spatio
1312 3079 1413 3142 unius
1427 3079 1555 3142 mensis

383 3187 457 3268 quis
468 3185 796 3250 habitaveritinloco
809 3185 866 3248 uhi
876 3183 1132 3250 matrimonium
1143 3183 1343 3248 celebratur.
1356 3211 1371 3242 a
1387 3185 1426 3247 Et
1436 3185 1555 3248 eadem

384 3293 609 3358 declaratione
632 3291 758 3374 legitur
779 3294 881 3357 etiem
905 3313 911 3353 :
941 3317 955 3349 α
972 3291 1022 3354 lid
1047 3291 1309 3374 parochialitatis
1325 3292 1551 3374 adeptionem,

385 3401 465 3465 satis
491 3405 543 3464 est
563 3405 600 3463 ut
615 3400 822 3464 domicilium
836 3401 938 3464 fuerit
958 3418 1018 3482 per
1034 3399 1171 3482 aliquod
1190 3403 1324 3483 tempus
1337 3401 1551 3484 acquisitum,

385 3511 486 3592 atque
511 3509 598 3572 absit
621 3508 755 3572 animus
772 3509 887 3572 statim
906 3505 1097 3582 recedendi,
1121 3526 1184 3571 neo
1196 3507 1401 3574 accidentale
1418 3527 1481 3573 neo
1499 3510 1555 3573 do-

381 3613 493 3678 losum
508 3616 561 3678 sit.
578 3639 593 3672 a

421 3721 1554 3803 Attamenhisnonohstantihus,vera,longecommunior,imocom-

380 3831 584 3894 munissima
598 3816 767 3894 sententia
778 3834 881 3909 negat
889 3829 1077 3912 simplicem
1088 3831 1342 3908 habitationem,
1358 3831 1553 3896 sineanimo

380 3938 615 4002 commorandi
629 3956 690 4020 per
702 3935 886 4000 notabilem
902 3936 982 3999 anni
996 3942 1138 4020 partem,
1156 3939 1310 4002 sulficere
1322 3939 1362 4004 ad
1379 3939 1555 4021 acquiren-

382 4045 462 4109 dum
474 4047 597 4118 iorum,
621 4045 724 4107 etiam
740 4043 851 4126 quoad
866 4044 1132 4108 matrimonium.
1147 4045 1231 4109 Nam
1241 4048 1345 4110 verba
1360 4046 1555 4110 declaratio-

381 4173 464 4217 num
479 4153 510 4216 S.
529 4151 693 4232 Gongreg.
709 4149 831 4215 Concil.
851 4151 892 4214 de
908 4151 1077 4216 domicilio
1099 4153 1155 4217 vel
1168 4154 1448 4236 quasi-domicilio
1463 4153 1554 4237 quod

380 4279 450 4324 non
470 4263 561 4326 esset
572 4264 664 4324 cerlo
678 4260 891 4343 acquisitum,
907 4259 1127 4341 intelligenda
1141 4267 1234 4336 sunt;
1252 4261 1419 4344 siquidem
1434 4262 1554 4326 eadem

380 4368 600 4450 congregatio
625 4368 674 4450 (⁰29
686 4367 760 4451 julii
785 4368 874 4450 1769)
899 4369 946 4432 ait
967 4370 1181 4449 generatim:
1204 4369 1366 4435 «Nullum
1382 4371 1554 4434 matrimo-

380 4478 475 4540 nium
502 4476 691 4540 alssrmatur
713 4477 747 4540 in
775 4477 930 4540 fraudem
951 4477 1075 4560 proprii
1103 4479 1251 4560 parochi,
1277 4498 1392 4543 coram
1406 4478 1553 4560 parocho

380 4585 518 4650 alterius
530 4583 611 4658 loci;
629 4584 693 4648 nisi
708 4584 916 4648 domicilium
927 4585 1119 4666 legitimum
1134 4587 1188 4651 vel
1205 4587 1300 4670 quasi
1314 4586 1551 4652 contraxerit.»

379 4694 465 4760 Dein
492 4695 528 4758 in
561 4693 681 4758 eadem
711 4693 935 4760 declaratione
966 4695 1063 4760 docet
1093 4715 1100 4758 :
1125 4722 1140 4752 u
1169 4696 1344 4778 Proprium
1365 4697 1551 4780 parochum
