3510 5574
379 561 440 630 nee
840 581 891 630 rus
911 579 1091 630 aaronem.

420 706 452 768 1⁰
466 705 531 772 Lex
551 705 788 771 commissario
801 709 854 772 eat
867 705 1052 770 conventio
1066 708 1114 781 ut,
1131 703 1197 768 nisi
1216 709 1351 786 emptor
1368 703 1457 768 intra
1475 719 1560 788 prae·

371 813 487 876 lixum
500 817 636 896 tempus
651 812 802 890 solverit,
817 831 873 878 res
892 813 936 877 ait
957 813 1120 896 inempta,
1144 831 1203 877 seu
1224 811 1376 876 venditio
1402 812 1447 876 sit
1468 829 1560 876 reso-

376 919 450 984 luta
466 924 501 986 et
518 919 622 986 nulla.
642 919 744 986 Juxta
754 923 813 1004 jus
829 919 911 985 Gall.
926 921 1001 1004 (art.
1018 919 1119 1004 laos),
1135 917 1299 1008 resolutio
1314 937 1385 985 non
1406 918 1559 1002 uspiano

375 1029 453 1110 jure
471 1027 584 1112 quoad
601 1027 800 1106 immobilia,
826 1028 886 1093 sed
906 1029 1091 1112 requiritur
1116 1027 1345 1113 interpellatio
1371 1027 1559 1093 venditoris

378 1135 508 1218 (gallice
519 1137 746 1220 sommatz'on).
761 1137 889 1202 Dicitur
902 1143 1040 1222 paetum
1051 1137 1138 1220 legis
1146 1137 1391 1202 commissoriae
1406 1155 1468 1201 eeu
1479 1153 1559 1200 eon-

377 1245 550 1311 ventionis
563 1247 704 1331 privatae
720 1245 762 1310 de
775 1245 1022 1312 committenda
1044 1265 1106 1311 seu
1128 1245 1335 1312 resolvenda
1346 1244 1555 1320 venditione,

376 1372 456 1419 eum
469 1353 573 1418 stiam
585 1358 725 1438 paetum
739 1353 784 1418 sit
795 1353 854 1418 lex
867 1354 1009 1437 privato.

415 1463 448 1525 ιι
464 1461 574 1528 Pretio
586 1463 677 1526 intra
688 1463 867 1546 praefixum
889 1467 1026 1547 tempus
1040 1479 1112 1528 non
1127 1461 1250 1539 soluto,
1268 1461 1427 1527 venditor
1445 1465 1559 1545 potest

364 1569 569 1662 ¹velirritare
582 1589 643 1635 seu
653 1569 823 1636 resolvere
832 1570 1079 1648 venditionem,
1089 1571 1147 1636 vel
1155 1589 1279 1654 eogere
1290 1569 1334 1636 ad
1344 1567 1557 1654 implendum

375 1683 589 1743 contractum
606 1697 667 1744 sen
682 1679 725 1744 ad
740 1678 947 1744 solutionem
960 1679 1070 1762 pretii.
1089 1679 1187 1758 Ratio
1197 1679 1298 1762 primi
1310 1684 1372 1754 est,
1388 1679 1469 1761 quia
1480 1694 1558 1742 oon-

375 1792 503 1852 tractus
518 1789 712 1871 emptionis,
726 1790 800 1871 jam
813 1789 997 1872 perlectus,
1015 1787 1156 1852 dissolvi
1169 1792 1284 1871 potest
1296 1792 1418 1850 mutuo
1427 1789 1558 1851 eontra·

374 1891 531 1956 hentium
553 1909 737 1968 consensu,
763 1896 799 1956 et
821 1891 899 1956 ideo
925 1891 1075 1956 conditio
1099 1891 1226 1974 apponi
1244 1894 1373 1974 potest,
1399 1905 1467 1972 qua
1487 1905 1558 1952 non

374 1998 525 2083 impleta,
548 2000 755 2066 dissolvatur
772 2005 977 2066 contractus.
995 1999 1092 2066 Ratio
1113 1999 1254 2065 seeundi
1276 2003 1341 2076 est,
1356 1997 1437 2083 quia
1450 1996 1554 2080 quod,

375 2116 475 2194 paeto
488 2111 576 2196 legis
590 2113 836 2180 commissoriae
852 2133 908 2179 res
927 2114 1002 2178 fleri
1017 2115 1171 2198 inempta
1184 2113 1302 2197 possit,
1320 2117 1374 2176 est
1387 2109 1559 2176 introduo-

375 2223 450 2284 tum
459 2219 495 2284 in
505 2221 660 2286 levorem
670 2221 875 2299 venditoris;
887 2239 988 2306 porro
998 2222 1259 2306 detorqueretur
1267 2221 1303 2286 in
1314 2220 1558 2286 detrimentum

373 2325 474 2406 illius,
492 2329 571 2418 siin
586 2331 662 2412 ejus
672 2328 811 2394 arbitrio
824 2349 895 2396 non
905 2329 1053 2394 essetuti
1063 2329 1140 2412 lege
1152 2328 1399 2394 oommissorla.
1415 2325 1555 2402 Deinde,

376 2454 475 2501 seeus
490 2443 624 2521 emptor
638 2455 682 2502 ex
691 2439 829 2522 propria
840 2437 940 2523 eulpa
953 2439 1095 2503 haberet
1113 2437 1345 2514 eommodum,
1365 2455 1426 2501 seu
1440 2439 1558 2520 posset

374 2563 411 2609 se
422 2543 568 2611 liberare
588 2565 608 2611 ι
623 2565 686 2612 sua
700 2544 919 2628 obligatione.

412 2654 445 2718 3⁰
460 2653 493 2717 Si
507 2653 667 2720 venditor
688 2654 792 2736 eligat
816 2655 1064 2721 resolutionem
1092 2657 1298 2730 contractus,
1324 2671 1394 2717 non
1422 2653 1556 2717 tantum

372 2779 440 2838 res,
455 2761 515 2826 sed
530 2761 634 2827 etiam
647 2763 778 2827 fruetus
790 2763 840 2828 rei
852 2763 895 2828 ad
910 2781 990 2829 eum
1005 2762 1161 2828 redeunt.
1177 2761 1227 2827 lta
1242 2760 1354 2846 quoad
1369 2759 1485 2826 omnia
1498 2761 1556 2842 jus

371 2869 468 2935 Rom.

414 2980 442 3062 e)
455 2977 611 3044 Venditis
621 2983 736 3064 potest
745 2981 848 3045 etiam
857 2981 1020 3046 celebrari
1031 2999 1110 3045 eum
1113 2987 1217 3066 pacto
1225 2981 1267 3045 de
1274 2977 1551 3044 retrovendendo.

413 3088 446 3150 ι’
461 3085 601 3152 Paetum
620 3087 886 3152 retrovendendi
908 3092 961 3152 est
976 3089 1159 3154 conventio
1176 3093 1214 3151 ut
1228 3092 1363 3172 emptor
1376 3085 1432 3150 vel
1446 3085 1555 3168 possit

372 3194 429 3260 vel
442 3194 566 3260 debeat
587 3213 662 3259 rem
681 3201 834 3279 emptam
854 3195 1043 3261 revendere
1058 3195 1240 3262 venditori.
1255 3195 1341 3259 Fieri
1360 3197 1483 3278 potest,
1500 3191 1556 3256 vel

372 3303 409 3366 in
422 3303 567 3385 gratiam
583 3303 689 3368 solius
704 3304 873 3388 emptoris,
889 3307 928 3366 ιιι
940 3303 970 3368 is
990 3322 1067 3368 eam
1082 3322 1156 3368 rem
1178 3302 1348 3368 venditori
1367 3299 1556 3366 revendere

372 3411 499 3495 possit;
516 3411 570 3476 vel
586 3411 782 3492 ingratiam
798 3409 904 3476 solius
920 3411 1115 3491 venditoris,
1131 3417 1170 3475 ut
1184 3413 1212 3476 si
1227 3410 1357 3496 petenti
1371 3427 1426 3473 res
1443 3412 1557 3490 empta

372 3519 514 3584 revendi
529 3519 669 3615 debeat;
685 3517 742 3584 vel
753 3519 789 3582 in
804 3520 951 3601 gratiam
964 3521 1151 3604 utriusque,
1164 3519 1248 3584 dum
1262 3523 1406 3601 uterque
1423 3535 1459 3580 se
1473 3513 1557 3580 obli-

372 3631 441 3708 gat,
457 3632 592 3709 emptor
606 3626 745 3712 quidem
759 3626 803 3692 ad
826 3627 1097 3704 revendendum,
1124 3627 1153 3692 si
1176 3625 1348 3692 venditori
1369 3623 1553 3709 placuerit,

371 3734 531 3800 venditor
544 3753 627 3800 vero
641 3735 685 3800 ad
699 3735 950 3812 redimendum,
964 3735 992 3799 si
1005 3735 1171 3820 placuerit
1185 3734 1331 3819 emptori
1347 3738 1448 3797 :tune
1462 3735 1556 3794 tene-

373 3847 428 3905 tur
440 3843 620 3907 restituere
632 3843 780 3926 pretium
793 3843 853 3921 rei,
865 3847 1022 3926 sumptus
1034 3847 1240 3920 eontraetus,
1254 3843 1429 3926 impensas
1440 3855 1556 3903 nenes-

372 3950 489 4026 sariaS,
506 3968 576 4015 non
589 3969 671 4016 vero
687 3949 798 4027 utiles,
816 3951 882 4014 nisi
902 3970 945 4015 ex
959 3951 1043 4034 ipsis
1058 3955 1178 4016 anetus
1203 3951 1248 4014 sit
1274 3947 1370 4014 valor
1394 3948 1444 4012 rei
1474 3967 1482 4008 ι
1509 3945 1557 4010 ita

371 4063 434 4123 art.
451 4059 530 4123 1673
549 4057 628 4124 God.
654 4059 717 4123 oiv.
739 4059 950 4143 Frequenter
971 4060 1074 4124 etiam
1099 4059 1257 4142 adjicitur
1279 4062 1426 4141 tempuS,
1457 4073 1489 4118 v.
1519 4073 1552 4135 g.

371 4169 399 4232 si
414 4169 503 4234 intra
520 4173 591 4233 tres
614 4187 723 4234 annos
744 4170 934 4235 revenditio
948 4169 1140 4234 celebretur
1154 4167 1254 4251 (ultra
1268 4164 1553 4250 quinquennium,

372 4281 434 4342 art.
449 4277 528 4341 1660
539 4276 618 4341 (lod.
630 4277 708 4354 oiv.,
718 4281 776 4360 jus
789 4277 870 4342 Gall.
883 4295 953 4343 non
969 4277 1123 4342 extendit
1132 4273 1329 4342 laenitatem
1338 4269 1551 4353 redimendi).

411 4385 444 4448 ιθ
456 4383 557 4450 Pacta
569 4385 642 4449 haeo
657 4389 738 4450 sunt
752 4385 794 4449 de
810 4405 846 4450 se
859 4386 966 4462 linita;
980 4405 1061 4452 nam
1076 4385 1164 4449 siout
1176 4383 1336 4449 venditor
1349 4384 1556 4465 potestatem

371 4493 474 4558 habet
486 4512 561 4558 rem
574 4493 729 4559 absolute
744 4493 927 4572 vendendi,
943 4495 992 4558 ita
1005 4511 1142 4577 quoque
1164 4489 1336 4556 vendendi
1359 4507 1438 4554 eum
1461 4490 1555 4552 certo

371 4599 475 4665 modo
487 4605 630 4684 etpaeto
648 4621 655 4663 :
672 4607 707 4666 et
720 4600 876 4668 similiter
891 4606 1027 4686 emptor
1039 4618 1119 4666 eum
1132 4599 1189 4666 vel
1203 4599 1277 4664 sine
1292 4597 1351 4663 tali
1363 4594 1556 4681 paotoliher

372 4713 425 4772 est
439 4709 481 4773 ad
495 4709 692 4774 emendum.
