3488 5564
532 595 618 640 LIBER
639 595 795 643 SECUNDUS
811 597 1031 642 aecumenica.

519 783 562 832 111.
580 781 675 834 Causa
687 783 767 836 mixti
782 783 832 836 tori
849 786 899 836 aut
914 796 1056 837 connexa.

236 930 269 1011 α)
285 928 427 1006 Quando
438 945 549 997 causae
565 935 645 994 sunt
660 931 758 994 mixti
773 931 848 1008 fori,
879 951 911 996 v.
925 951 959 1014 g.
976 950 1079 996 causa
1092 933 1315 998 restitutionis
1330 937 1372 999 ab

196 1038 345 1104 Ecclesia
358 1043 475 1103 contra
488 1038 613 1102 laicum
627 1040 751 1123 potitae,
774 1046 869 1106 actus
890 1041 945 1106 vel
959 1047 1151 1107 contractus
1167 1043 1256 1106 inter
1270 1042 1372 1106 laicos

196 1148 270 1210 initi
286 1152 322 1212 et
332 1150 527 1230 iuramento
540 1147 675 1224 flrmati,
698 1147 771 1212 istae
786 1168 896 1214 causae
910 1151 1053 1214 subsunt
1064 1149 1169 1234 judici
1185 1156 1254 1216 tam
1270 1151 1374 1216 eccle-

196 1257 334 1322 siastico
350 1275 451 1340 quam
466 1255 628 1334 seruari,
645 1257 694 1322 ita
707 1265 744 1322 ut
757 1263 851 1323 actor
865 1277 981 1324 coram
995 1278 1062 1350 quo
1078 1258 1192 1344 judice
1214 1260 1369 1338 voluerit,

196 1383 300 1446 agere
314 1366 438 1448 possin
455 1371 490 1430 et
503 1365 598 1430 locus
612 1366 711 1430 detur
721 1368 955 1450 praeveutioui,
968 1369 989 1430 i.
1005 1388 1033 1432 e.
1049 1369 1286 1453 quipraerenit,
1303 1387 1372 1432 non

194 1481 311 1556 potest
325 1473 471 1556 amplius
491 1475 534 1538 ab
558 1475 667 1539 altero·
683 1477 719 1540 in
741 1477 926 1559 judicando
951 1477 1118 1560 impediri.
1147 1475 1261 1542 Causa
1275 1477 1373 1540 mixti

193 1583 258 1646 fori
273 1583 445 1660 dicuntur,
471 1602 520 1648 eae
545 1603 620 1667 quae
637 1585 775 1668 quidem
798 1605 841 1649 ex
856 1591 978 1650 natura
1001 1605 1064 1650 sua
1085 1592 1165 1649 sunt
1179 1585 1370 1662 saeculares,

194 1693 254 1756 sed
279 1699 419 1777 propter
440 1695 638 1779 adjunctam
662 1695 913 1773 accidentaliter
933 1694 1130 1779 qualitatem
1152 1695 1370 1778 spiritualem,

193 1803 383 1886 respiciunt
391 1805 494 1870 etiam
500 1805 615 1868 forum
626 1803 890 1870 ecclesiasticum
904 1823 947 1867 ex
960 1802 1036 1884 lege
1049 1803 1104 1868 vel
1114 1803 1370 1868 consuetudine.

194 1909 254 1986 ita,
280 1912 311 1976 si
327 1913 469 1996 quaestio
490 1913 635 1978 civiliter
648 1919 828 1979 moveatur
845 1913 886 1977 de
907 1913 1124 1977 exsecutione
1140 1917 1374 1978 contractuum

191 2021 392 2102 juramento
403 2023 627 2099 firmatorum,
636 2023 757 2087 dicitur
767 2023 909 2106 quaestio
921 2022 1019 2086 mixti
1029 2021 1094 2086 fori
1106 2043 1112 2098 ;
1125 2021 1153 2086 si
1163 2040 1245 2086 vero
1254 2025 1374 2102 agatur

195 2129 236 2193 de
259 2130 468 2212 obligatione
490 2137 550 2197 aut
572 2131 688 2198 valore
714 2132 911 2216 juramenti,
943 2137 995 2196 est
1018 2133 1160 2216 quaestio
1188 2130 1253 2196 fori
1280 2149 1373 2194 mere

196 2239 417 2305 ecclesiastici
431 2243 514 2325 (cap.
528 2242 588 2306 ult.
604 2243 638 2304 h.
651 2247 673 2305 t.
686 2242 722 2306 in
731 2243 786 2325 6⁰).
801 2241 897 2318 item,
913 2240 1025 2326 quoad
1035 2259 1155 2306 causas
1170 2237 1373 2313 criminales,

197 2354 281 2412 suut
296 2349 453 2432 quaedam
474 2351 573 2413 mixti
587 2351 662 2428 fori,
680 2352 760 2434 quia
777 2355 959 2415 versantur
971 2351 1059 2416 circa
1071 2351 1212 2415 crimina
1227 2333 1269 2414 ab
1283 2351 1375 2413 utro-

198 2479 265 2541 que
280 2459 354 2524 foro
371 2460 540 2543 prohibita
554 2464 589 2524 et
602 2460 785 2544 punienda,
808 2481 841 2524 v.
858 2479 890 2542 g.
904 2460 1136 2537 homicidium,
1154 2459 1374 2534 adulterium3

197 2569 358 2650 quaedam
380 2575 495 2633 autem
510 2569 662 2646 crimina,
677 2589 710 2633 v.
727 2589 761 2651 g.
777 2571 928 2646 haeresis,
945 2570 1100 2647 simonia,
1118 2574 1199 2634 sunt
1208 2567 1375 2654 privative

197 2677 263 2740 fori
276 2675 511 2754 ecclesiastici;
529 2683 563 2742 et
574 2679 777 2760 generatim,
793 2679 821 2741 si
836 2683 1007 2762 quaeratur
1021 2677 1062 2742 de
1075 2675 1190 2742 valore
1201 2697 1240 2742 ac
1253 2677 1376 2742 boues-

199 2790 270 2851 tate
279 2791 428 2864 actuum,
445 2807 478 2852 v.
496 2807 529 2870 g.
546 2807 590 2853 au
604 2789 862 2855 matrimonium
877 2790 920 2852 sit
933 2787 1095 2864 validum,
1113 2789 1227 2872 sicque
1242 2807 1287 2852 an
1302 2790 1376 2869 ejus

198 2893 386 2960 violatione
418 2897 642 2964 commissum
664 2898 767 2962 fuerit
789 2897 1004 2974 adulterium,
1035 2897 1184 2978 cognitio
1209 2896 1375 2980 privative

198 3003 351 3086 pertinet
365 3003 408 3068 ad
419 3005 571 3087 judicem
585 3004 861 3070 ecclesiasticum.

241 3111 272 3193 d)
287 3110 404 3176 Gaiasae
420 3131 595 3190 connexae,
620 3133 695 3197 quae
717 3113 844 3178 scilicet
863 3113 991 3178 habent
1005 3131 1223 3178 communem
1238 3113 1378 3197 liquida·

202 3219 305 3285 tionis
320 3221 498 3298 rationem,
509 3221 557 3285 ita
567 3225 605 3284 ut
618 3239 686 3285 uua
697 3239 767 3285 non
778 3220 886 3286 soleat
898 3221 1049 3304 expediri
1060 3222 1133 3285 sine
1144 3220 1259 3296 altera,
1280 3239 1378 3302 regu-

200 3323 319 3393 lariter
331 3330 372 3392 ab
388 3348 457 3394 uuo
473 3329 662 3412 eodemque
675 3330 789 3412 judice
805 3335 885 3396 sunt
897 3329 1153 3410 cognoscenda,
1172 3334 1245 3393 tum
1256 3334 1294 3392 ut
1304 3347 1380 3412 par-

203 3443 300 3501 catur
310 3438 511 3520 sumptibus,
531 3442 604 3500 tum
619 3437 710 3500 utsit
723 3437 847 3501 certior
861 3438 1074 3501 uniformitas
1089 3437 1125 3500 in
1136 3437 1282 3519 judiciis.
1296 3436 1378 3500 Inde

204 3546 324 3628 regula
337 3546 565 3616 communiter
586 3550 722 3629 recepta
741 3567 748 3606 :
767 3543 1011 3610 «Continentia
1032 3563 1090 3607 seu
1114 3547 1281 3610 connexio
1302 3565 1379 3609 cau-

205 3673 321 3718 sarum
343 3657 487 3719 nonest
510 3652 700 3716 dividenda.
716 3677 731 3710 »
755 3653 831 3716 Haec
854 3654 1021 3716 connexio
1046 3653 1244 3732 contingere
1266 3658 1379 3734 potest

204 3762 308 3828 variis
322 3761 443 3836 modis,
460 3761 650 3842 prasertim
664 3762 695 3824 1⁰
711 3762 841 3824 ratione
855 3777 1090 3843 personarum,
1108 3767 1146 3823 nt
1159 3762 1248 3824 inter
1265 3760 1379 3844 piures

206 3868 419 3946 cohaeredes;
436 3869 468 3932 b*
482 3870 613 3933 rationo
628 3869 678 3932 rei
690 3875 930 3944 controversae,
946 3874 983 3932 ut
997 3887 1075 3932 cum
1095 3867 1137 3930 lis
1158 3874 1210 3932 est
1234 3869 1274 3931 de
1291 3871 1380 3950 eJ‘us-

208 3978 287 4041 dem
307 3977 357 4042 rei
379 3977 595 4059 possessione
626 3981 660 4040 et
686 3977 901 4060 proprietate.
927 3958 1052 4040 Ta'men
1072 3977 1100 4038 si
1119 3975 1226 4058 judex
1240 3994 1310 4039 non
1330 3995 1381 4040 so-

207 4084 355 4169 lumper
378 4104 413 4149 se
432 4085 666 4170 incompetens
681 4090 780 4161 esset,
797 4085 856 4149 sed
882 4086 984 4149 etiam
1005 4083 1201 4166 simpliciter
1224 4085 1378 4166 incapax,

209 4201 247 4258 ut
280 4193 385 4258 laicus
413 4195 501 4260 circa
537 4214 675 4260 causam
712 4195 932 4278 spiritualem,
958 4200 1038 4258 tunc
1067 4192 1161 4258 nullo
1197 4193 1301 4258 modo
1339 4194 1380 4256 de

209 4321 311 4368 causa
324 4323 477 4368 connexa
492 4321 697 4385 cognoscere
712 4308 828 4386 posset
845 4323 852 4365 :
869 4303 1012 4385 ideoque
1028 4302 1116 4366 dicta
1129 4301 1249 4382 regula
1270 4328 1285 4358 «
1298 4302 1382 4366 Cou-

210 4414 353 4478 tinentia
387 4433 497 4479 causae
534 4434 604 4480 non
630 4419 682 4478 est
714 4413 936 4489 dividenda»,
965 4413 1118 4496 procedit
1143 4411 1381 4476 tantummodo

212 4523 346 4605 quaudo
361 4541 471 4588 causae
487 4527 567 4586 sunt
581 4519 737 4606 ejusdem
750 4527 880 4586 naturae
896 4521 1080 4603 aigradus.

250 4631 551 4712 distinguebantur
571 4631 674 4695 etiam
688 4629 769 4694 olim
784 4649 895 4696 causae
917 4631 1083 4713 foedatas,
1111 4629 1152 4694 de
1175 4630 1296 4714 quibus
1313 4648 1381 4694 non

214 4739 348 4822 expedit
362 4759 472 4821 agere.
490 4741 636 4824 quiajos
651 4739 783 4806 tondale
799 4744 851 4806 est
864 4741 999 4822 penitus
1016 4739 1217 4806 obsoletum.
