3510 5574
539 631 641 676 ¹marna
662 629 788 676 rannus
809 629 1031 676 nseasrauuu.
1324 619 1384 682 ild

204 750 304 816 dictio
318 749 354 814 in
366 750 441 814 roro
456 753 609 824 externo,
622 751 657 812 et
669 746 917 813 administratio
933 748 1067 832 proprie
1081 748 1180 815 dictu.
1194 751 1384 834 Dignitates

205 863 285 926 suut
309 860 470 943 majores,
492 859 531 920 ut
553 856 777 941 episcopatus,
799 855 969 941 primatia,
989 857 1248 940 patriarchatus,
1267 865 1301 924 et
1320 861 1384 927 hac

203 967 377 1034 communi
397 965 623 1050 appellatione
637 964 893 1041 beneficiorum,
910 967 1100 1048 praesertim
1119 967 1156 1031 in
1178 969 1381 1052 paenalibus,

203 1075 445 1162 comprehendi
455 1092 524 1140 non
534 1073 656 1138 solent.
669 1072 750 1138 tlliae
764 1077 845 1140 sunt
854 1073 1017 1151 minores,
1029 1079 1068 1138 ut
1078 1075 1381 1154 archidiaconatus,

203 1185 561 1268 archipresbyteratus,
574 1181 759 1248 decanatus
772 1181 986 1260 cathedralis,
998 1182 1119 1248 saltem
1132 1183 1167 1247 in
1181 1185 1384 1268 quibusdam

204 1293 412 1378 regionibus,
427 1291 663 1377 praepositura,
680 1291 825 1366 abbatia,
843 1295 878 1355 et
891 1290 966 1356 aliae
980 1291 1170 1374 praelaturae
1191 1296 1261 1357 tam
1281 1309 1386 1358 saecu-

206 1404 294 1468 lares
307 1421 410 1488 quam
421 1400 608 1484 regulares,
621 1405 659 1464 ut
674 1400 777 1466 etiarn
792 1400 1021 1482 generalatus,
1035 1401 1310 1484 provincialatus.
1323 1403 1386 1468 No-

207 1515 298 1578 mine
317 1513 527 1597 ds'pns‘totum
543 1512 578 1575 in
598 1511 771 1594 rescriptis
786 1515 821 1574 et
834 1511 1123 1576 reservationibus
1145 1511 1331 1596 papalibus
1349 1533 1388 1577 ac

205 1621 392 1686 universim
402 1621 438 1685 in
452 1621 597 1686 materia
606 1621 731 1712 stricta
744 1620 1046 1704 interpretationis,
1056 1619 1295 1702 intelliguntur
1304 1621 1385 1686 solas

206 1731 388 1812 dignitates
402 1730 564 1794 minores.

244 1840 276 1904 2⁰
291 1837 486 1904 Secundum
500 1841 552 1904 est
567 1845 780 1922 personatus,
796 1855 858 1901 seu
878 1836 1083 1902 beneficium
1101 1837 1155 1901 cui
1177 1855 1312 1902 annexa
1334 1843 1387 1903 est

206 1948 279 2015 sola
300 1947 538 2033 praecedentia,
554 1967 586 2012 v.
604 1967 638 2029 g.
658 1947 695 2010 in
718 1947 833 2022 choro,
854 1947 890 2009 in
913 1946 1198 2029 processionibus.
1222 1945 1280 2010 Est
1303 1965 1385 2028 ergo

206 2058 463 2143 praeeminentia
488 2058 562 2121 sine
582 2055 819 2140 jurisdictione
838 2057 902 2120 fori
923 2055 1056 2121 externi
1074 2059 1108 2120 ει
1129 2057 1202 2120 sine
1225 2055 1386 2120 adminis-

206 2169 351 2234 tratione
366 2167 500 2252 proprie
521 2167 619 2232 dicta.

246 2277 278 2342 3ο
291 2277 441 2342 Tertium
457 2280 509 2340 est
524 2295 606 2340 curu
623 2293 685 2338 seu
703 2274 908 2340 heneficium
923 2276 1091 2350 curatum,
1112 2273 1167 2338 cui
1186 2291 1321 2338 annexa
1334 2279 1387 2340 est

205 2405 286 2452 cura
309 2387 501 2451 animarum
524 2388 559 2448 et
579 2383 770 2466 jurisdictio
792 2401 854 2466 pro
878 2384 953 2447 foro
977 2382 1124 2457 interno,
1143 2401 1212 2446 non
1231 2385 1384 2460 externo,

207 2515 239 2560 v.
256 2515 289 2578 g.
306 2493 476 2579 parochia,
493 2493 619 2558 vicaria
632 2496 691 2558 aut
712 2491 918 2557 commanda
939 2493 1106 2574 perpetua
1126 2489 1277 2556 ecclesiae
1290 2509 1387 2574 paro-

207 2603 334 2672 chialis.

247 2713 279 2778 4ο
301 2715 466 2791 Quartum
490 2715 543 2776 est
565 2710 718 2794 officium
740 2709 844 2796 quod,
859 2710 1017 2792 generice
1039 2713 1225 2795 sumptum,
1242 2713 1388 2792 vagatur

207 2842 268 2908 per
282 2823 443 2887 universa
456 2820 636 2896 beneflcia3
649 2819 709 2884 sed
727 2819 783 2883 hic
797 2817 951 2901 specillcc
966 2805 1129 2901 accipitur
1144 2835 1206 2901 pro
1221 2817 1386 2882 beneflcio

208 2931 261 2996 cui
277 2947 411 2996 annexa
424 2933 477 2994 est
489 2926 738 2993 administratio
757 2945 873 2992 rerum
887 2925 1204 3003 ecclesiasticarum,
1221 2926 1295 2990 siue
1318 2924 1388 2988 ulla

205 3039 442 3122 jurisdictione
462 3041 497 3101 et
515 3036 784 3120 praeeminentia,
802 3035 852 3099 uti
866 3039 919 3100 est
932 3035 1137 3100 benesscium
1157 3053 1217 3098 seu
1235 3033 1386 3100 cilicium

208 3148 402 3234 primicerii,
419 3147 568 3212 sacristae
581 3151 616 3211 et
628 3145 791 3211 custodis.

248 3261 275 3343 c)
286 3258 453 3323 Dividitur
466 3257 502 3320 in
515 3257 703 3337 electivum,
715 3257 910 3322 collativam
927 3263 961 3322 et
972 3257 1129 3321 mictum.
1142 3258 1173 3320 l·
1186 3256 1388 3322 Collativum

209 3375 262 3436 est
282 3368 374 3454 quod
393 3386 414 3432 a
431 3367 572 3450 prelato
597 3366 825 3432 ecclesiastico
847 3366 953 3432 libera
976 3367 1151 3432 confertur
1172 3370 1206 3429 et
1227 3366 1390 3448 indepen-
1487 3450 1492 3460 Ι

210 3479 329 3544 denter
343 3477 384 3541 ab
400 3475 469 3540 ulla
480 3475 755 3559 praesentatione,
769 3475 1004 3541 nominatione
1020 3479 1054 3540 et
1066 3473 1243 3540 electione.
1256 3475 1288 3536 ι’
1299 3473 1389 3537 Elec

210 3588 329 3662 tivum,
349 3584 441 3669 quod
461 3603 523 3668 per
540 3588 621 3649 vota
637 3583 885 3668 capitularium,
907 3584 1089 3650 accedente
1110 3583 1295 3668 superioris
1312 3599 1391 3647 con-

209 3695 401 3760 firmatione
422 3691 478 3757 vel
494 3691 712 3771 admissione,
734 3693 919 3776 acquiritur
935 3713 942 3755 :
961 3692 1041 3758 talia
1059 3697 1139 3757 sunt
1155 3692 1290 3776 proprie
1308 3689 1389 3755 solae

210 3802 398 3888 praelaturas
413 3802 485 3867 sive
501 3801 684 3884 dignitates
698 3799 897 3884 pastorales.
916 3801 1010 3865 Unde
1031 3805 1069 3865 ιιι
1087 3800 1291 3865 beneficium
1309 3817 1387 3881 pro-

210 3913 282 3996 prie
306 3913 350 3976 sit
371 3911 553 3978 electivum
576 3909 643 3974 duo
667 3909 918 3993 requiruntur:
943 3913 982 3974 ιιι
1003 3910 1047 3974 sit
1069 3907 1265 3993 praelatura,
1292 3912 1327 3972 et
1352 3912 1391 3970 ut

212 4020 331 4086 electio
358 4020 401 4086 ad
429 4019 514 4084 illud
538 4020 627 4084 facta
652 4037 673 4084 a
696 4019 871 4103 superiore
901 4019 1129 4085 ecclesiastico
1157 4015 1392 4084 confirmanda

211 4129 337 4194 veniat.
353 4128 536 4194 3⁰ltlixtum
549 4145 610 4192 seu
622 4131 842 4212 patronatum
858 4114 1014 4214 estquod
1026 4127 1069 4193 ad
1080 4127 1243 4212 praeviam
1257 4123 1392 4210 patroni

209 4239 510 4322 presentationem
530 4237 571 4301 ab
596 4237 755 4320 episcopo
778 4238 962 4303 confertur.
985 4237 1023 4300 ln
1048 4236 1162 4312 dubio,
1186 4235 1392 4300 beneficium

212 4348 325 4431 potius
343 4345 541 4412 collativam
560 4364 621 4410 sau
643 4345 788 4411 liberum
809 4365 884 4411 esse
907 4347 1136 4431 praesumitur,
1155 4363 1258 4429 quarn
1282 4341 1395 4408 electi·

212 4473 296 4520 vum
314 4459 373 4520 aut
393 4458 628 4540 patronatum3
647 4453 727 4538 quia
747 4453 867 4519 electio
884 4460 919 4518 et
940 4452 1161 4539 presentatio
1181 4455 1262 4515 sunt
1286 4449 1393 4534 quali-

214 4569 302 4629 tates
316 4563 542 4630 accidentales
561 4566 596 4626 ει
612 4563 812 4630 extrinsecae
835 4563 1090 4640 beneficiorum,
1106 4565 1209 4646 atque
1230 4558 1396 4644 primaevo
1491 4562 1496 4568 '

211 4673 280 4754 juri
298 4673 571 4758 praeJ‘udioantes.
1233 4689 1236 4696 ·

255 4781 466 4863 &Dividitur
479 4782 515 4846 iu
528 4779 666 4845 terruere
681 4785 716 4847 et
728 4783 902 4864 manuale,
913 4785 1016 4866 prout
1024 4779 1199 4846 confertur
1211 4777 1246 4840 in
1258 4774 1395 4840 titulum
