3498 5572
558 568 646 614 mann
666 567 794 614 rennes
815 567 1037 614 nuensmnnnr.
1091 582 1092 586 =
1278 625 1280 633 y
1329 551 1387 616 ru

210 689 272 762 est,
289 685 370 770 quia
389 685 550 770 territorii
564 687 724 770 princeps
738 703 809 769 pree
824 686 984 750 omnibus
998 685 1073 750 aliis
1088 685 1209 752 incolis
1223 685 1391 752 interesse

208 795 329 878 behem
352 797 505 860 attamen
530 793 624 860 nullo
643 797 721 877 jure
742 795 844 860 venia
857 793 1020 878 principis
1039 795 1199 876 exigitur.
1220 794 1253 860 θ’
1265 793 1399 866 Verum

209 920 253 966 ex
265 901 373 968 altera
385 907 494 985 parte,
513 902 715 984 gravamina
729 919 750 966 a
763 901 1070 966 contradictoribus
1085 903 1241 986 opposita
1256 907 1393 969 tenetur

209 1010 388 1093 episcopus
402 1010 563 1074 exhibere
573 1009 742 1090 religiosis
754 1009 962 1074 erectionem
973 1009 1172 1073 monasterii
1181 1010 1389 1092 petentibus,

209 1121 247 1180 ut
266 1135 302 1180 se
321 1116 505 1182 defendere
520 1116 655 1199 possint
673 1135 681 1179 :
702 1117 751 1180 ita
769 1116 801 1180 S.
827 1115 906 1180 Pius
924 1115 962 1190 V,
984 1117 1145 1180 inconst.
1166 1115 1245 1181 Etsi
1262 1119 1392 1182 mendi·

208 1225 370 1288 euntium.
395 1223 579 1307 Episcopus
600 1223 769 1306 judicium
784 1223 874 1286 terre
899 1227 1013 1306 potest
1040 1223 1082 1288 de
1104 1224 1332 1307 oppositione,
1353 1242 1392 1289 ac

207 1329 350 1416 proinde
367 1331 396 1396 si
410 1331 612 1412 gravamina
625 1332 761 1414 objecta
783 1335 901 1395 essent
923 1329 1044 1408 iutilia,
1065 1335 1101 1396 et
1116 1329 1250 1396 nullum
1271 1350 1392 1416 reapse

207 1440 390 1504 inferretur
405 1439 651 1524 praJudioium,
674 1439 846 1504 conterret
867 1437 1052 1514 licentiam,
1073 1438 1231 1520 neglecta
1253 1441 1390 1526 opposi-

212 1547 314 1612 tione.

245 1653 439 1720 Notandum
461 1661 514 1720 est
535 1656 628 1740 quod
649 1673 849 1737 gravamen,
866 1673 887 1720 a
908 1655 1029 1720 vicinis
1043 1655 1213 1738 religiosis
1229 1657 1389 1742 oincien-

209 1762 302 1837 dum,
315 1763 418 1828 debet
429 1781 505 1827 esse
520 1763 682 1840 notabile,
700 1768 735 1828 et
748 1764 784 1826 in
797 1763 863 1828 hoc
876 1765 1069 1846 praesertim
1083 1765 1283 1840 consistere,
1299 1765 1392 1850 quod

206 1871 241 1934 in
257 1875 390 1954 quaestu
406 1869 704 1954 eleemosynarum
719 1871 878 1934 etliberis
887 1870 1117 1936 oblationibus
1131 1872 1208 1938 talis
1221 1873 1282 1936 ssat
1294 1873 1393 1936 dimi-

205 1981 313 2058 nutio,
330 1985 369 2044 ut
393 1979 543 2062 religiosi
566 1979 856 2044 monasteriorum
879 1979 1186 2046 contradicentium
1201 1982 1388 2045 sustentari

206 2088 434 2172 nonpossint,
451 2087 586 2152 etiamsi
609 2105 776 2150 numerus
796 2105 917 2153 eorum
932 2086 976 2151 ad
995 2088 1035 2151 m
1049 2088 1093 2151 sit
1111 2085 1284 2152 reductus.
1303 2087 1387 2152 nliae

206 2197 357 2260 rationes
379 2200 461 2258 sunt
478 2195 659 2260 diminutio
680 2212 868 2260 concursus
890 2193 934 2258 ad
958 2195 1084 2272 divina,
1101 2194 1158 2259 vel
1172 2195 1389 2261 scholastico-

208 2321 296 2379 rum,
313 2307 377 2366 etc.
394 2303 506 2368 Prima
519 2301 643 2368 militat
657 2301 848 2385 prasertim
861 2302 898 2366 in
913 2302 1090 2366 ordinibus
1104 2303 1387 2368 mendicantium.

244 2410 277 2472 3⁰
297 2409 441 2473 Necesse
465 2414 517 2474 est
539 2413 578 2473 ut
601 2410 637 2473 in
659 2428 751 2474 novo
778 2410 988 2474 monasterio
1014 2409 1178 2491 erigendo
1204 2409 1387 2474 duodecim

129 2535 131 2540 ·
207 2515 329 2580 saltem
343 2534 499 2600 personna
515 2518 700 2582 sustentari
721 2517 868 2582 valeant.
895 2518 1099 2582 Monasteria
1116 2518 1209 2582 enim
1222 2535 1293 2582 non
1309 2523 1391 2581 sunt

207 2624 269 2688 rite
283 2625 470 2688 constituta
492 2623 540 2689 ita
557 2629 596 2688 ut
619 2623 798 2708 privilegio
824 2624 1053 2707 exemptionis
1075 2626 1244 2700 truantur,
1268 2625 1334 2688 nisi
1354 2625 1391 2688 in

205 2733 288 2814 ipsis
312 2731 435 2797 saltem
456 2731 638 2796 duodecim
661 2730 812 2812 religiosi
837 2737 1106 2808 commorentur,
1131 2737 1170 2796 ut
1189 2737 1324 2797 constat
1346 2751 1390 2796 ex

207 2840 344 2904 decreto
358 2839 432 2904 lun.
450 2839 479 2904 ll
496 2839 540 2904 Ut
552 2840 725 2924 lupercis.
746 2839 830 2904 Nam
849 2843 1040 2903 conventus
1056 2857 1178 2904 omnes
1194 2840 1298 2904 erecti
1312 2844 1391 2923 poet

206 2947 297 3011 diem
317 2949 354 3012 tt
368 2951 445 3031 jun.
469 2949 559 3026 1695,
580 2949 726 3012 subsunt
737 2947 967 3030 jurisdictioni
989 2949 1150 3034 episcopi,
1177 2949 1205 3011 si
1220 2967 1291 3012 non
1310 2966 1390 3013 con·

207 3059 299 3120 stant
309 3056 352 3121 ad
360 3057 475 3120 minus
483 3055 664 3121 duodecim
671 3055 851 3136 religiosis.
863 3055 956 3137 (Vide
965 3055 1171 3137 Dedngelis,
1180 3055 1256 3118 inb.
1269 3061 1291 3119 t.
1300 3075 1334 3120 n.
1344 3057 1388 3139 3).

244 3164 277 3228 4ο
289 3163 440 3230 Tandem
450 3165 635 3250 requiritur
650 3169 699 3238 ut,
716 3164 919 3246 interposita
932 3163 1087 3245 legitima
1101 3162 1330 3248 appellatione
1345 3165 1389 3229 ad

206 3271 238 3340 S.
260 3272 396 3350 Sedem,
412 3273 550 3336 interim
563 3270 648 3336 nihil
661 3272 856 3337 innovetur.

245 3379 322 3443 Hac
337 3381 453 3445 omnia
463 3381 634 3446 habentur
647 3380 683 3444 in
697 3381 808 3445 citatis
822 3385 932 3446 coust.
952 3380 1056 3446 Glem.
1073 3379 1144 3444 Vlll
1160 3386 1194 3446 et
1208 3381 1285 3448 Urb.
1303 3381 1385 3447 Vlll.

246 3488 272 3568 c)
289 3487 454 3568 Quadam
476 3487 580 3552 dubio
604 3487 767 3554 solvendo
789 3496 968 3552 occentent
988 3491 1075 3553 circa
1090 3489 1253 3554 stertentes
1268 3489 1387 3556 dicta:

206 3597 239 3660 l⁰
253 3595 521 3662 Constitutioues
534 3597 704 3681 praedictae
717 3615 788 3662 non
800 3597 962 3662 videntur
976 3599 1164 3677 servandae,
1182 3601 1210 3664 si
1225 3605 1388 3682 ageretur

206 3711 340 3771 tantum
362 3707 404 3770 de
425 3706 624 3771 monasterii
648 3705 879 3789 ampliatione,
905 3705 1128 3774 translatione
1143 3707 1199 3773 vel
1221 3709 1386 3774 destructi

206 3815 468 3880 reaeditlcatione
486 3835 493 3878 :
509 3815 558 3880 ita
574 3814 752 3898 respondit
764 3815 796 3878 S.
811 3814 933 3896 Congr.
950 3816 1057 3900 Episo.
1075 3821 1110 3880 et
1129 3817 1213 3899 Reg.
1237 3819 1275 3882 le
1295 3824 1382 3904 sept.

206 3923 284 3988 1687
299 3923 400 4006 (apud
414 3921 610 4004 Monaoelli).
631 3922 730 3987 Ratio
751 3928 814 3999 est,
832 3925 912 4007 quia
928 3923 1002 3988 hoec
1025 3942 1095 3988 non
1111 3924 1270 3990 dicuntur
1292 3943 1384 3991 nova

207 4030 373 4106 fundatio,
391 4031 432 4096 de
448 4049 515 4115 qua
531 4030 604 4095 sola
615 4030 728 4111 agitur
739 4030 775 4093 in
789 4031 1089 4096 constitutionibus
1100 4030 1156 4095 SS.
1169 4031 1383 4097 Pontificum.

207 4138 333 4203 Tamen
343 4139 378 4202 in
390 4137 511 4203 ultimo
525 4156 618 4216 casu,
636 4155 697 4202 seu
705 4138 741 4202 in
753 4137 848 4202 totali
862 4137 1136 4214 reedificatione,
1147 4156 1234 4222 opus
1251 4143 1304 4203 est
1319 4139 1387 4204 dis-

208 4245 369 4311 tinetione
382 4267 388 4309 :
407 4247 435 4310 si
447 4248 491 4311 ob
501 4246 809 4330 temporislepsum
820 4246 972 4328 religiosi
985 4264 1048 4311 sna
1060 4249 1140 4332 jura
1153 4245 1383 4322 inhabitandi,

206 4354 422 4419 ministrandi
443 4359 656 4419 sacramenta
680 4359 715 4418 et
735 4353 818 4420 alias
841 4354 1034 4418 functiones
1059 4353 1240 4418 exercendi
1263 4353 1386 4418 emise-

206 4467 298 4540 runt,
314 4461 570 4546 requirerentur
588 4461 823 4527 solemnitates
844 4467 879 4525 et
892 4479 1082 4526 consensus
1097 4461 1248 4545 episcopi
1263 4482 1271 4538 ;
1286 4479 1385 4527 εεεεε

207 4569 236 4632 si
250 4569 467 4634 retinuerunt
473 4572 532 4653 jus
544 4569 588 4635 ad
601 4569 873 4635 inhabitandum.

247 4675 279 4739 Ψ
293 4675 349 4740 Aa
372 4675 442 4740 brec
467 4683 541 4739 toto
563 4677 742 4760 disciplina
764 4675 1026 4760 comprehendat
1049 4679 1153 4744 etiam
1177 4679 1385 4744 monasteria
