3498 5572
565 547 652 614 tiara
673 565 798 614 rannus
816 567 1036 613 nrcaararrun.
1330 547 1391 610 tto
1479 529 1486 544 ’

213 684 508 765 congregationes.
526 683 633 766 Igitur
647 683 705 768 qui
717 685 806 750 banc
819 685 926 751 vitam
944 685 1159 768 profitentur,
1177 684 1255 748 vitae
1272 685 1389 748 activas

214 798 248 856 et
261 791 536 875 contemplativa
551 791 728 876 aequaliter
739 793 862 858 intenti
877 798 967 857 sunt.

252 899 345 964 Inter
358 900 444 972 istos
458 905 528 966 tres
543 900 665 965 modos
679 900 829 978 vivendi,
837 900 908 966 vita
918 899 1183 984 contemplativa
1197 904 1250 964 est
1264 897 1390 982 simpli-

213 1010 297 1074 citer
310 1008 477 1074 melioret
490 1008 672 1092 perfectior
687 1027 789 1092 quam
802 1007 876 1074 sola
889 1009 1009 1085 activa,
1019 1010 1119 1091 juxta
1133 1009 1238 1072 verba
1252 1005 1388 1072 Christi:

215 1119 417 1203 «Optimam
436 1123 570 1202 partem
590 1117 693 1200 elegit
712 1118 815 1184 Maria
830 1144 845 1176 a
868 1119 968 1201 (Luc,
986 1141 1017 1194 x,
1033 1118 1098 1201 lb).
1113 1117 1261 1202 Utraque
1274 1121 1389 1180 tamen

212 1227 394 1310 perfectior·
406 1230 459 1290 est
472 1226 543 1291 vita
554 1226 673 1301 mixta,
690 1230 729 1290 ut
741 1225 971 1290 communiter
988 1229 1109 1289 notant
1126 1224 1293 1298 doctores,
1311 1223 1391 1306 quia

213 1339 267 1398 est
286 1334 358 1400 vita
375 1331 610 1416 apostolorum
625 1338 660 1398 et
672 1334 779 1416 ipsius
801 1332 921 1397 Christi
938 1331 1084 1407 Domini,
1102 1331 1160 1416 qui
1181 1331 1293 1395 omnis
1314 1347 1390 1412 per-

210 1442 367 1507 fectionis
381 1442 458 1507 idea
473 1446 508 1506 et
522 1441 697 1526 exemplar
716 1441 1003 1524 perfectissimum
1026 1445 1088 1504 est.
1105 1438 1233 1503 Deinde
1255 1437 1391 1518 religio·

211 1569 273 1616 nes
298 1569 373 1634 quae
398 1549 506 1614 vitam
528 1549 672 1614 mixtam
692 1553 863 1624 exercent,
885 1548 919 1614 vi
938 1547 1085 1612 instituti
1105 1546 1158 1610 sui
1177 1545 1248 1610 Deo
1268 1549 1391 1610 vacant

212 1657 315 1722 simul
327 1662 361 1722 et
372 1657 529 1741 proximo
543 1661 683 1741 propter
696 1657 816 1722 Deum.

252 1765 282 1848 b)
296 1763 467 1846 Religiosa
483 1765 649 1841 instituta,
667 1763 696 1828 si
717 1763 877 1830 historice
901 1767 1107 1847 spectentur,
1125 1761 1228 1826 dividi
1249 1765 1391 1845 possent

207 1875 308 1956 juxta
324 1871 475 1940 diversas
491 1871 637 1956 epochas
653 1872 689 1935 in
703 1872 815 1936 varias
830 1871 956 1936 classes
974 1891 982 1933 ι
999 1872 1030 1934 ιο
1043 1870 1079 1935 in
1095 1869 1265 1953 prioribus
1281 1868 1390 1932 Eccle-

212 1981 270 2044 siae
285 1980 418 2045 saeculis
430 1981 577 2046 habetur
589 1979 846 2045 monachismus
857 1977 1052 2046 orientalis:
1068 1977 1206 2060 quidam
1218 1976 1387 2053 homines,

211 2093 249 2152 ut
269 2089 400 2154 rabiem
422 2087 670 2172 persecutionis
692 2086 912 2162 declinarent,
940 2086 1076 2150 deserta
1102 2083 1178 2150 loca
1204 2085 1388 2167 petierunt,

210 2195 490 2280 contemplationi
514 2195 638 2260 divinae
661 2194 761 2260 unice
782 2193 923 2270 addicti;
938 2191 1017 2257 ideo
1043 2192 1123 2277 quia
1145 2191 1182 2256 iu
1205 2191 1388 2257 solitudine

211 2303 391 2384 degebant,
401 2301 560 2387 appellati
576 2285 657 2366 sunt
670 2299 830 2370 moncelz·
842 2319 904 2365 seu
918 2300 1072 2376 solitarii,
1083 2299 1173 2364 inter
1188 2317 1274 2383 quos
1287 2299 1389 2382 primi
1493 2321 1498 2328 ·

211 2416 456 2476 enumerantur
470 2411 501 2474 S.
517 2409 642 2475 Paulus
655 2409 799 2474 eremita
813 2412 848 2474 et
859 2407 891 2472 S.
907 2407 1086 2473 Antonius.
1102 2407 1225 2472 Postea
1240 2406 1272 2470 S.
1289 2405 1389 2471 Paco-

210 2517 300 2582 mius
318 2519 424 2584 vitam
446 2535 666 2583 communem
683 2515 863 2581 instituere
885 2515 997 2598 eoepit,
1016 2518 1051 2579 et
1063 2511 1272 2580 monasteria
1286 2512 1389 2578 aediss·

209 2644 303 2704 care;
317 2627 400 2692 hino
417 2626 587 2690 distinctio
609 2623 858 2689 monachorum
881 2623 917 2688 in
942 2621 1165 2689 anachoretas
1190 2639 1251 2685 seu
1273 2639 1388 2686 ooeno·
1439 2664 1442 2670 ,

208 2733 307 2810 bitas,
320 2738 355 2798 et
367 2734 539 2798 eremitas.
548 2732 677 2796 Domus
691 2730 952 2807 caenobitarom,
969 2729 1165 2794 ooenobium
1179 2747 1241 2792 seu
1253 2746 1388 2792 monas·

210 2841 334 2905 terium
348 2840 437 2906 dicta
454 2845 516 2904 est.
534 2838 572 2902 ln
583 2839 647 2903 hac
660 2837 770 2921 prima
785 2837 924 2920 epocha,
942 2837 1013 2900 vita
1025 2834 1192 2918 regularis
1207 2835 1272 2899 luit
1288 2835 1387 2900 unice

209 2949 482 3033 contemplativa.
501 2947 770 3032 spiritualismns
794 2949 1042 3013 monachorum
1063 2945 1240 3030 oppositus
1260 2949 1323 3022 cst,
1341 2945 1389 3010 ita

210 3058 411 3141 disponente
439 3057 656 3122 Providentia
682 3055 758 3134 Dei,
778 3061 852 3120 tum
873 3054 1117 3120 materialismo
1138 3071 1289 3138 pagano,
1311 3059 1386 3117 tum

209 3166 431 3248 gliscentibus
444 3167 644 3232 haeresibus.

249 3277 281 3338 ιο
304 3275 340 3339 ln
365 3275 522 3359 sequenti
544 3275 686 3358 epocha,
719 3275 751 3338 S.
774 3273 977 3338 Benedictus
999 3273 1210 3339 monasteria
1229 3269 1387 3336 fundavit

209 3391 244 3450 et
257 3385 432 3450 monachis
448 3385 518 3449 suis
534 3384 627 3448 dedit
640 3383 808 3466 regulam,
826 3402 901 3467 quae
923 3383 1051 3448 mansit
1071 3383 1107 3446 in
1130 3400 1193 3446 sua
1213 3380 1388 3465 primitiva

208 3493 441 3577 formansque
461 3492 504 3559 ad
526 3493 690 3558 saeculum
708 3511 850 3558 nonum.
876 3491 946 3557 Hoc
966 3497 1132 3575 tempore,
1157 3493 1285 3555 exorta
1306 3494 1387 3552 sunt

209 3601 324 3684 plures
345 3602 632 3683 congregationes
661 3621 668 3664 :
694 3599 943 3676 cluniacensis,
971 3597 1253 3675 Gamaldulensis,
1284 3596 1387 3662 Vallis

105 3737 106 3742 ¹
207 3707 392 3785 Umbrosae,
409 3709 650 3786 (isterciensis,
667 3715 746 3787 etc,
762 3727 836 3793 quae
851 3707 1007 3790 regulam
1019 3707 1277 3772 Benedictinam
1291 3707 1384 3770 varie

208 3815 387 3880 flexerunt.
405 3817 531 3882 Omnes
548 3818 605 3882 isti
619 3817 771 3898 religiosi
792 3818 960 3882 vacabant
974 3817 1078 3880 etiam
1093 3813 1383 3898 contemplationi,

209 3929 307 3986 etex
330 3924 496 4001 instituto,
520 3924 734 3990 meditationi
755 3923 1022 4006 Scripturarum;
1039 3923 1291 3998 addicebantur,
1315 3941 1385 3986 non

209 4034 343 4094 tantum
363 4031 653 4116 contemplationi,
676 4031 862 4096 sedetiam
883 4029 1024 4108 cultura.
1046 4029 1276 4106 scientiarum,
1297 4029 1386 4093 litte·

207 4154 323 4202 rarum
345 4143 379 4202 ct
398 4139 536 4217 artium,
557 4157 703 4222 quarum
724 4138 939 4204 conservatio
957 4137 1067 4202 ordini
1090 4137 1309 4202 Benedictino
1330 4136 1386 4200 de-

207 4245 317 4309 betur.
396 4261 401 4274 ·

246 4353 317 4417 3οΑ
331 4353 455 4420 saeculo
469 4375 501 4419 rr
515 4356 559 4422 ad
571 4353 734 4422 saeoulurn
747 4373 811 4430 xvr,
825 4353 934 4418 exorti
950 4355 1030 4416 sunt
1043 4352 1234 4436 prasertim
1247 4351 1384 4418 ordines

187 4511 190 4518 ,
206 4461 486 4528 mendicantium.
509 4461 684 4528 Sancitum
698 4462 810 4528 luerat
838 4461 874 4524 in
894 4458 1046 4525 conciliis
1059 4459 1278 4524 Lateranensi
1294 4459 1335 4524 IV
1350 4465 1384 4523 et

206 4567 426 4650 lugdunensi
443 4569 471 4634 ll
487 4573 526 4652 (c.
544 4571 631 4636 unic.
647 4571 688 4635 de
702 4571 808 4656 Relip.
825 4567 928 4650 dom.)
944 4571 983 4632 ut
995 4584 1098 4632 nemo
1112 4585 1239 4632 novam
1249 4566 1384 4647 religio-

207 4695 287 4740 nem
307 4677 468 4754 inveniat,
486 4678 546 4742 sed
568 4697 672 4744 unam
693 4680 736 4745 da
751 4676 944 4763 approbatis
962 4679 1125 4738 assumat.
1142 4674 1268 4740 Tamen
1283 4673 1384 4756 pluri-
