3488 5564
828 549 880 598 tus
903 551 1083 600 CANONlCUU.

785 770 943 833 suerio
973 772 1125 836 PRIMA.

882 925 930 978 De
946 925 1030 979 dolo.

639 1103 658 1152 t.
677 1103 716 1152 De
730 1099 834 1152 natura
847 1101 877 1153 et
891 1099 1029 1154 dlvlslone
1044 1100 1100 1154 doli
1116 1099 1145 1154 ln
1160 1111 1272 1166 genere.

409 1238 442 1318 o)
456 1233 529 1300 Doli
545 1245 671 1324 nomen
696 1234 786 1318 apud
799 1234 1063 1319 jurisconsultos
1089 1241 1142 1300 est
1164 1233 1422 1316 significationis
1442 1230 1547 1297 emhi-

369 1360 458 1424 guae,
475 1359 555 1406 nam
569 1341 717 1406 sumitur
729 1343 765 1406 in
779 1343 907 1408 honam
922 1348 957 1406 et
970 1343 1006 1406 in
1021 1342 1147 1407 malam
1161 1347 1305 1426 partem.
1322 1339 1546 1404 llolushonus

368 1449 461 1514 idem
485 1453 537 1513 eet
559 1467 599 1514 ac
627 1447 856 1535 solertiaque
884 1451 961 1534 quis
988 1449 1202 1514 machinatur
1227 1447 1355 1532 aliquid
1382 1447 1547 1512 adversus

368 1557 484 1622 hostes
504 1561 539 1622 et
554 1556 715 1632 latrones,
739 1558 930 1640 praeeertim
944 1557 1109 1641 publicos,
1126 1562 1164 1620 ut
1176 1555 1314 1621 fraudes
1329 1573 1450 1622 eorum
1464 1573 1547 1638 prae-

367 1665 484 1731 veniat
507 1669 542 1729 et
564 1664 732 1730 excludat.
757 1663 862 1730 Dolus
877 1664 987 1730 malus
1004 1669 1058 1730 est
1077 1664 1190 1729 omnis
1210 1662 1386 1740 calliditas,
1402 1661 1544 1740 fallacia,

367 1771 424 1837 vel
444 1771 650 1837 machinatio
674 1771 717 1836 ad
739 1771 1089 1848 circumveniendum,
1105 1771 1293 1837 fallendum
1308 1771 1365 1836 vel
1378 1771 1547 1854 decipien-

368 1880 451 1944 dum
465 1879 611 1944 alterum
627 1879 787 1944 adhihite.
805 1878 975 1944 Calliditas
991 1879 1216 1944 committitur
1231 1881 1267 1944 in
1285 1879 1439 1954 tacendo,
1455 1877 1547 1944 lalla-

368 1989 420 2052 eia
433 1989 468 2052 in
484 1987 695 2065 mentiendo,
708 1993 744 2052 et
757 1987 962 2055 machinatio
977 1989 1013 2052 iu
1029 1988 1186 2054 iaciendo
1208 2006 1269 2052 seu
1291 1988 1327 2052 in
1350 2005 1464 2071 opere.
1489 1985 1546 2050 llic

369 2097 482 2179 agitur
496 2097 538 2160 de
554 2096 633 2162 dolo
648 2095 750 2162 malo.

410 2204 516 2270 Dolus
536 2223 619 2287 ergo
644 2205 759 2270 dillert
781 2205 824 2269 ah
840 2205 1032 2286 ignorantia
1046 2211 1081 2270 et
1103 2225 1230 2280 errore,
1257 2223 1333 2290 quae
1348 2203 1548 2270 naturaliter

368 2315 583 2396 contingunt,
613 2313 695 2378 dnm
726 2312 826 2378 dolus
846 2331 890 2377 cx
911 2313 1040 2378 malitia
1061 2315 1233 2398 provenit;
1261 2313 1375 2378 dillert
1394 2313 1498 2377 etiam
1528 2331 1548 2376 e

369 2423 479 2506 culpa,
496 2421 662 2506 quiahaec
677 2421 750 2485 sine
773 2420 888 2485 animo
913 2419 1051 2486 lallendi
1075 2421 1309 2496 committitur,
1339 2419 1437 2484 dolus
1466 2437 1546 2484 vero

369 2531 558 2597 intentione
573 2527 775 2612 decipiendi.

410 2639 439 2721 d)
452 2637 556 2703 Dolus
567 2636 689 2712 malus,
707 2655 767 2700 seu
781 2635 977 2722 simpliciter
987 2635 1072 2712 talis,
1083 2642 1136 2700 est
1149 2634 1275 2721 duplex
1292 2656 1299 2700 :
1314 2655 1424 2710 cernas,
1439 2635 1495 2720 qui
1511 2641 1548 2698 ut

370 2743 446 2811 telis
460 2745 727 2828 praesumptione
739 2745 827 2828 juris
841 2745 1002 2819 hahetur;
1012 2751 1254 2830 praetemptare,
1275 2763 1377 2828 quem
1398 2743 1549 2827 prudens

367 2855 475 2938 judex
490 2871 533 2918 ex
545 2851 752 2935 coniecturis
763 2857 798 2916 et
812 2851 944 2917 indiciis
960 2852 1117 2926 desumit,
1128 2851 1206 2916 licet
1217 2852 1504 2935 islaeoonjeeturae
1515 2855 1549 2914 et

369 2962 493 3027 indicia
505 2979 576 3025 non
592 2960 661 3024 sint
684 2959 720 3023 in
737 2963 814 3043 jure
838 2977 1001 3044 expressa
1016 2964 1178 3042 tanquam
1193 2958 1311 3024 dolum
1324 2958 1545 3023 continentia.
1581 3021 1584 3034 ,

370 3070 452 3134 llinc
474 3071 516 3133 ah
535 3068 610 3134 aliis
632 3069 680 3132 sic
701 3067 863 3132 delinitur
876 3073 1020 3152 uterque
1034 3066 1132 3132 dolus
1148 3088 1155 3130 :
1172 3086 1275 3132 verus
1289 3067 1381 3132 idem
1395 3071 1488 3132 esset
1509 3083 1548 3130 ac

371 3179 469 3245 dolus
481 3178 581 3263 plene
594 3179 775 3263 prohatus;
789 3183 823 3242 et
836 3183 1076 3262 praesumptus,
1095 3177 1231 3262 quando
1245 3177 1379 3244 indiciis
1393 3176 1549 3262 probahi-

370 3291 459 3354 llhus
471 3292 604 3352 tantum
620 3287 797 3350 evincitur.

410 3399 437 3482 c)
451 3396 555 3462 Dolus
569 3395 775 3460 considerari
792 3401 906 3479 potest
917 3397 952 3461 in
965 3398 1194 3463 contractibus
1212 3396 1268 3462 vel
1281 3397 1315 3461 ln
1331 3395 1405 3462 aliis
1418 3397 1548 3460 actlhus

369 3507 540 3582 humanis,
568 3511 603 3569 ct
623 3506 659 3570 in
678 3505 825 3588 judiciis,
849 3526 907 3571 seu
924 3513 1025 3590 prout
1044 3509 1207 3573 miscetur
1226 3507 1459 3582 contumacia;
1481 3524 1547 3590 quo

371 3633 452 3680 casu
467 3615 524 3678 vix
541 3613 654 3678 differt
665 3631 685 3677 a
697 3614 922 3678 contumacia.
937 3613 1089 3680 Breviter
1103 3621 1236 3680 tantum
1253 3633 1395 3697 agemus
1411 3613 1453 3680 de
1470 3612 1547 3678 dolo

372 3721 407 3786 ln
419 3722 659 3797 contractibus,
676 3720 756 3804 quia
772 3721 813 3786 de
828 3722 1057 3786 contractibus
1070 3723 1244 3806 speciatim
1258 3722 1368 3786 lusius
1379 3722 1415 3786 in
1431 3721 1488 3784 lih.
1505 3719 1548 3782 lll

372 3829 631 3914 disputabimus.

762 3983 793 4034 11.
810 3981 897 4036 oclus
910 3981 941 4034 in
956 3981 1158 4036 contractibus.

413 4127 445 4209 α)
467 4123 571 4190 Dolus
587 4129 640 4189 est
653 4123 780 4207 duplex
796 4145 803 4188 :
819 4125 1062 4202 substantiolis,
1078 4126 1135 4209 qul
1150 4125 1254 4190 allicit
1271 4126 1380 4208 ipsam
1395 4129 1549 4192 substan·

373 4234 454 4299 tiam
468 4239 672 4308 contractus,
697 4233 846 4298 maxime
871 4235 906 4297 in
924 4234 998 4317 ipsa
1012 4235 1165 4312 materia,
1181 4239 1220 4298 nt
1235 4235 1262 4298 si
1277 4235 1408 4300 vendas
1422 4237 1549 4301 vitrum

370 4360 433 4427 pro
450 4361 603 4424 gemma3
626 4341 854 4421 occidentalis,
878 4343 936 4425 qui
949 4348 1108 4407 versatur
1120 4342 1209 4408 circa
1223 4343 1403 4428 qualitates
1417 4351 1452 4409 et
1465 4347 1550 4410 acci-

371 4451 487 4516 dentia
506 4455 710 4526 contractus,
734 4456 773 4514 ut
792 4451 822 4515 sl
841 4452 916 4534 quis
935 4452 1100 4517 venderet
1114 4453 1234 4517 vinum
1247 4453 1475 4518 meridianum
1486 4473 1549 4536 pro

371 4557 616 4641 Burdigalensi,
648 4555 704 4622 vel
731 4557 872 4622 duceret
902 4557 1052 4640 puellam
1080 4577 1277 4644 pauperem,
1312 4567 1438 4644 putans
1472 4579 1550 4625 eam

373 4687 448 4734 csse
463 4667 613 4731 divitem.
