3510 5574
833 587 884 638 lus
904 583 1085 633 GANONIGUH.

729 985 1003 1082 sueonos
1042 985 1195 1110 rsus

469 1193 526 1242 DE
550 1191 833 1242 cntrmoonunt
858 1191 1016 1242 Pnorls
1039 1191 1094 1242 m
1118 1191 1453 1242 commortuus

413 1537 498 1606 Nora
509 1519 550 1603 Ι1·.
560 1533 743 1602 dctumest
752 1537 789 1601 in
796 1536 1068 1622 praecedentibus
1078 1535 1186 1602 titulis
1201 1537 1242 1603 de
1253 1535 1365 1602 causis
1374 1537 1551 1632 beneficia-

371 1646 470 1722 libus,
486 1663 547 1710 seu
562 1645 604 1711 de
617 1643 819 1710 clericorum
834 1645 1098 1728 obligationibus
1111 1645 1301 1728 respective
1315 1643 1359 1711 ad
1374 1645 1549 1720 beneficia,

371 1759 406 1818 et
418 1754 491 1820 baec
504 1773 583 1838 pars
598 1753 698 1819 titulo
713 1755 755 1820 de
770 1773 887 1820 rerum
909 1753 1215 1820 ecclesiasticarum
1235 1753 1440 1820 alienatione
1460 1752 1552 1818 licita

370 1861 426 1926 vel
448 1861 564 1929 illicita
581 1861 760 1930 clauditur.
776 1863 814 1928 ln
832 1863 993 1948 praesenti
1017 1867 1114 1948 parte
1136 1867 1300 1929 tractatur
1320 1861 1361 1928 de
1385 1862 1494 1946 pactis
1517 1867 1552 1926 et

369 1973 599 2036 contractibus
609 1971 822 2038 clericorum.

409 2079 494 2146 Nori
506 2081 549 2145 2⁰.
561 2079 639 2146 llaec
652 2081 796 2148 materia
809 2081 851 2148 de
865 2083 974 2166 pactis
987 2087 1023 2148 el
1035 2081 1266 2148 contractibus
1280 2081 1464 2165 exponitur
1478 2083 1552 2144 tum

369 2189 406 2252 in
425 2187 502 2253 libri
521 2189 623 2272 primi
642 2188 741 2255 titulo
760 2189 886 2267 XXXV,
905 2189 946 2254 de
965 2189 1091 2271 Paetis,
1113 2193 1188 2254 tum
1206 2190 1242 2254 ln
1258 2188 1324 2254 hoc
1344 2187 1445 2253 tertio
1465 2186 1551 2251 libro

370 2295 504 2360 atitulo
524 2293 595 2360 xlv
616 2296 660 2361 ad
679 2295 790 2362 xxiv.
813 2295 851 2361 ln
872 2297 972 2363 titulo
993 2297 1035 2362 de
1052 2295 1177 2377 Portis,
1193 2295 1306 2380 agitur
1327 2295 1369 2361 de
1389 2295 1496 2379 pactis
1518 2299 1552 2358 et

370 2404 600 2469 contractibus
619 2405 655 2468 in
675 2422 814 2486 genere,
831 2401 913 2469 dum
927 2405 963 2469 in
975 2403 1042 2472 hoc
1061 2403 1148 2472 libro
1168 2409 1362 2470 contractus
1383 2404 1419 2468 in
1439 2401 1550 2486 specie

369 2511 639 2576 considerantur.
651 2511 895 2577 Verumtamen
908 2512 1094 2578 canonistas
1109 2517 1162 2576 sat
1178 2513 1408 2577 communiter
1418 2511 1454 2575 in
1468 2527 1551 2594 prae·

371 2619 460 2683 senti
474 2619 572 2684 titulo
591 2619 672 2684 dant
689 2620 926 2685 tractationem
945 2620 986 2685 de
1005 2619 1234 2686 contractibus
1252 2621 1288 2684 in
1302 2637 1440 2701 genere,
1454 2622 1549 2683 ante-

372 2727 528 2812 quamde
542 2727 771 2794 contractibus
783 2728 819 2792 in
834 2727 945 2811 specie
956 2745 1058 2812 agere
1071 2725 1243 2810 incipiant.
1257 2727 1323 2791 Sed
1336 2725 1549 2810 dispositioni

372 2839 407 2898 et
427 2834 538 2900 ordini
562 2835 714 2919 corporis
733 2836 822 2919 juris
847 2837 996 2902 strictius
1018 2834 1228 2912 iuhaerendo,
1249 2852 1393 2917 agemus
1417 2839 1549 2900 tantum

372 2941 414 3006 de
428 2944 658 3008 contractibus
672 2943 709 3008 in
723 2943 852 3028 specie;
871 2943 953 3021 imo,
971 2943 1051 3027 quia
1068 2944 1105 3008 in
1123 2941 1296 3025 theologis
1312 2941 1433 3008 moreti
1450 2941 1551 3006 datur·

371 3049 525 3133 specialis
552 3056 714 3116 tractatus
737 3051 780 3117 de
803 3051 1048 3128 contractibus,
1075 3051 1205 3116 tamin
1231 3069 1358 3133 genere
1388 3068 1491 3135 quam
1514 3049 1549 3112 in

371 3159 494 3242 specie,
508 3177 550 3224 ea
563 3165 697 3225 tuntum
710 3159 945 3243 expendemus
960 3177 1036 3244 quae
1050 3160 1161 3242 magis
1176 3159 1457 3225 desideranturiu
1467 3163 1552 3224 trac·

371 3270 443 3331 tatu
465 3265 673 3349 theologico,
692 3267 748 3333 vel
770 3287 845 3352 quse
866 3267 910 3332 ed
931 3269 1178 3334 correctionem
1197 3267 1285 3350 juris
1307 3265 1416 3332 civilis
1436 3263 1549 3331 Gallici

370 3372 518 3438 traderet
542 3377 599 3457 jus
627 3375 840 3440 canonicum.
873 3373 1040 3440 Caeterum
1062 3375 1217 3440 mactatio
1249 3373 1290 3438 de
1320 3373 1549 3439 contractibus

369 3481 483 3563 potius
495 3483 553 3564 Jus
566 3481 664 3548 civile
680 3499 784 3566 quam
799 3481 1067 3548 ecclesiasticum
1084 3481 1232 3566 respicit.

764 3843 1003 3918 TITULUS
1043 3843 1153 3918 XIV.

815 4015 853 4059 ns
874 4015 1029 4062 resonans
1048 3997 1100 4080 (1).

662 4308 681 4360 1.
700 4308 739 4360 lis
754 4308 857 4362 netues
870 4307 991 4372 procerit
1006 4309 1036 4361 et
1049 4307 1252 4373 perrenorum.

409 4435 441 4516 o)
456 4435 503 4498 Dc
514 4435 661 4496 nomine.
677 4432 871 4496 Precorium
887 4439 921 4496 et
929 4435 1093 4516 precariae
1113 4451 1133 4497 a
1148 4433 1304 4516 precibus
1328 4434 1383 4500 vel
1398 4453 1418 4500 a
1431 4435 1547 4502 charta

370 4559 445 4625 quas
460 4541 651 4624 precatoris
663 4539 863 4616 declaratur,
881 4559 1008 4605 nomen
1026 4540 1205 4624 accipiunt.
1223 4539 1415 4606 precarium
1431 4547 1544 4608 tamen

402 4719 437 4782 (tt
451 4716 488 4766 De
502 4715 555 4766 illis
569 4715 657 4779 egitur
671 4715 699 4766 in
714 4715 849 4777 Pandora,
866 4713 916 4765 boc
930 4716 969 4766 tit.
