3498 5572
543 631 631 680 risen
653 633 778 681 rannus
799 632 1020 680 nncnsrsuux.
1312 615 1374 682 tce

189 748 309 815 aerario
329 749 464 834 publico
487 751 628 816 fuerunt
644 754 840 830 constituta,
857 756 893 816 et
906 751 985 818 ideo
1001 751 1044 816 ad
1057 750 1227 836 principes
1241 757 1374 836 spectat

191 876 311 924 eorum
331 877 428 934 cura;
445 859 504 923 sed
519 861 690 944 praecipua
702 861 793 939 ¹ratio
806 866 869 936 est,
887 861 967 944 quia
984 860 1059 924 istae
1075 859 1198 924 domus
1213 864 1295 925 sunt
1309 861 1373 926 sub

191 965 328 1049 speciali
343 985 465 1048 regum
478 969 702 1051 protectione,
716 970 837 1034 etideo
848 969 1067 1053 privilegium
1080 967 1163 1034 illud
1176 987 1238 1032 seu
1253 985 1375 1052 excep·

189 1075 237 1139 tio
251 1093 321 1140 non
337 1073 439 1140 debet
452 1075 597 1158 intelligi
615 1077 656 1142 de
673 1078 833 1142 omnibus
848 1077 1018 1160 supremis
1033 1075 1292 1159 imperantibus,
1309 1075 1372 1142 sed

191 1182 302 1248 solum
317 1183 358 1248 de
374 1183 440 1247 illis
455 1185 512 1269 qui
523 1185 661 1249 titulum
671 1187 762 1266 regis
771 1191 898 1268 gerunt
910 1206 917 1249 :
929 1186 977 1250 ita
988 1185 1191 1249 secretarius
1202 1183 1234 1248 S.
1247 1183 1371 1266 Gongr.

191 1289 291 1356 Cone.
308 1293 343 1356 fn
358 1291 617 1376 Senopalliensf,
635 1293 674 1358 18
689 1293 769 1358 maii
784 1293 875 1357 1826.
890 1291 1017 1357 Tamen
1033 1310 1076 1355 ex
1091 1291 1246 1374 pluribus
1263 1291 1375 1356 decla·

191 1399 380 1463 rationibus
390 1397 422 1463 S.
438 1397 560 1481 Congr.
575 1399 688 1478 Gonu,
702 1418 787 1484 quas
799 1401 905 1464 refert
917 1398 1216 1482 Giraldus(Adaot.
1228 1397 1373 1464 eddius-

191 1507 293 1588 cdut„
310 1509 358 1572 tit.
386 1507 428 1572 de
450 1508 557 1594 Retiq.
574 1509 689 1592 dom),
712 1509 871 1594 episcopo
887 1511 1099 1592 competeret
1120 1509 1179 1591 jus
1209 1506 1370 1589 exigendi

191 1616 341 1680 rationes
356 1617 672 1693 administrationis,
688 1617 810 1682 saltem
823 1619 879 1682 ubi
894 1619 989 1682 favet
1003 1615 1228 1682 consuetudo.

229 1725 262 1787 9⁰
276 1723 309 1786 Si
334 1725 370 1788 iu
392 1724 614 1808 hospitalium
634 1725 836 1790 fundatione
859 1729 999 1790 cautum
1021 1725 1066 1788 sit
1087 1729 1215 1788 utnon
1239 1723 1375 1790 subsint

192 1831 361 1916 episcopo,
376 1831 507 1897 valeret
520 1832 670 1897 conditio
681 1853 688 1896 :
698 1833 746 1897 ite
759 1851 921 1916 expresse
933 1831 1119 1898 declaravit
1131 1831 1255 1897 c.'lrid.
1267 1832 1307 1916 (s.
1320 1831 1372 1908 22,

191 1957 220 2004 1.
246 1941 282 2018 9,
307 1939 348 2004 de
370 1939 472 2022 flet).
494 1939 669 2005 tamensi
696 1939 991 2005 administratores
1015 1944 1132 2004 essent
1156 1937 1374 2021 negligentes

192 2049 441 2133 adimplendas
462 2049 658 2114 voluntates
674 2053 889 2126 testatorum,
906 2053 1023 2133 posset
1037 2050 1218 2133 episcopus
1234 2047 1373 2128 exigere

192 2157 353 2236 rationes,
364 2157 769 2222 utdocentcommuniter
778 2157 844 2222 DD.
855 2155 939 2234 imo,
950 2175 1087 2240 semper
1093 2175 1173 2221 cum
1183 2153 1257 2221 eliis
1269 2153 1375 2238 depu-

192 2267 271 2331 tatis
286 2267 493 2331 intervenire
508 2269 622 2349 potest
641 2265 832 2350 episcopus,
849 2267 953 2331 etiam
969 2265 1105 2350 quando
1122 2281 1284 2348 expresse
1296 2280 1374 2328 cau-

192 2379 267 2438 tum
290 2379 343 2439 est
364 2373 455 2457 quod
479 2373 629 2438 rationes
653 2373 837 2439 reddendae
863 2391 934 2438 non
956 2377 1037 2437 sunt
1059 2371 1250 2448 ordinario;
1272 2387 1372 2436 secus

192 2486 307 2546 tamen
317 2483 346 2546 si
356 2481 539 2546 adderetur
556 2501 562 2544 :
581 2507 597 2540 α
614 2500 725 2565 neque
736 2500 815 2546 cum
831 2482 980 2566 episcopi
994 2481 1218 2546 interventu»
1231 2477 1274 2560 (S.
1288 2477 1372 2545 Con·

192 2607 287 2670 greg.
303 2588 402 2653 Cone.
420 2589 455 2652 in
470 2585 657 2672 Euputtn,
678 2589 810 2654 11111.
826 2587 927 2671 1633).

231 2698 263 2761 3⁰
285 2695 586 2760 Confraternitates
606 2695 773 2761 laicorum
797 2701 919 2761 erectae
934 2697 969 2759 in
986 2695 1137 2760 ecclesiis
1157 2694 1370 2777 regularium

192 2809 431 2889 exemptorum
462 2803 593 2868 visitari
615 2809 762 2888 possunt
790 2805 825 2868 in
851 2804 892 2868 iis
917 2822 994 2889 quae
1018 2801 1371 2881 administrationem,

191 2931 298 2977 onera
312 2909 494 2995 implenda,
509 2911 707 2994 respiciunt,
721 2929 856 2976 necnon
864 2911 1011 2995 capellas
1025 2915 1059 2976 et
1069 2909 1188 2976 altaria
1200 2911 1237 2976 in
1250 2909 1374 2976 iisdem

191 3019 342 3084 ecclesiis
352 3017 561 3100 regularium
573 3018 764 3083 existentia.
782 3017 848 3084 Sed
859 3018 1089 3083 haecvisitatio
1098 3017 1258 3100 restringi
1273 3017 1376 3084 debet
1423 3005 1427 3010 ’

189 3127 233 3192 ed
248 3147 290 3192 ea
308 3127 474 3192 duntaxat
489 3145 564 3210 quse
579 3125 898 3192 confraternitatum
914 3125 1248 3190 administrationem
1269 3125 1375 3211 respi-

188 3235 303 3300 ciunt:
318 3236 366 3299 ita
380 3233 564 3299 declaravit
578 3233 611 3298 S.
629 3233 750 3315 Congr.
768 3231 881 3310 Cone,
900 3233 954 3298 die
971 3234 1012 3298 93
1021 3236 1097 3317 jun.
1114 3233 1203 3298 1629.

229 3343 283 3407 lli.
311 3343 458 3410 Mutatio
487 3341 726 3407 destinationis
750 3341 944 3408 domorum.
977 3343 1009 3406 1ο
1042 3341 1228 3426 Episcopus
1252 3343 1375 3427 nequit

189 3455 323 3515 mutare
337 3451 373 3514 in
387 3451 493 3516 alium
504 3449 690 3516 usumloca
703 3449 875 3532 religiosa,
887 3453 926 3512 ut
935 3453 1070 3514 constat
1081 3467 1125 3513 ex
1139 3447 1242 3514 Clam.
1256 3449 1290 3513 i·
1300 3451 1334 3515 h.
1347 3455 1371 3515 t.

180 3543 226 3624 ¹et
237 3577 265 3623 c.
280 3559 367 3622 Trid.
386 3560 424 3642 (s.
440 3561 491 3638 25,
508 3579 536 3625 c.
554 3560 584 3636 8,
603 3559 644 3624 de
660 3560 760 3642 Rufi).
777 3558 905 3623 Tamen
919 3557 1086 3642 excipitur
1100 3575 1200 3623 casus
1216 3575 1284 3644 quo
1299 3558 1376 3626 loca

189 3667 247 3733 illa
261 3685 332 3732 non
347 3673 489 3752 possent
503 3669 676 3734 deservire
692 3667 750 3733 tali
765 3668 843 3732 usui
857 3667 901 3731 ad
921 3685 1024 3751 quem
1043 3665 1206 3749 deputata
1219 3669 1301 3731 sunt
1317 3686 1325 3730 :
1339 3665 1375 3732 id

191 3793 352 3858 expresse
364 3775 514 3840 declarat
525 3795 554 3840 c.
572 3775 659 3840 Trid.
675 3775 755 3858 (loco
771 3775 839 3858 cit.)
853 3773 967 3858 quoad
980 3772 1163 3856 hospitalia
1182 3773 1226 3840 ad
1239 3779 1374 3840 certum

190 3901 301 3964 genus
315 3884 541 3960 intirmorum,
557 3885 830 3967 peregrinorum,
848 3885 928 3958 111.,
946 3881 974 3946 si
989 3881 1025 3946 in
1037 3881 1113 3948 loco
1128 3881 1187 3948 ubi
1202 3883 1268 3950 sita
1280 3887 1372 3960 sunt,

191 3989 320 4054 similes
335 4009 493 4074 personae
513 4009 584 4055 non
600 3990 679 4054 sint.

231 4097 263 4160 9⁰
276 4097 460 4182 Episcopus
473 4098 683 4163 monasteria
693 4097 904 4179 regidarium
920 4098 1040 4182 nequit
1054 4098 1159 4162 etiam
1173 4103 1375 4166 convertere

191 4205 227 4268 in
249 4204 393 4287 collegia
413 4205 615 4271 clericorum
639 4205 866 4283 secularium,
889 4224 1001 4290 neque
1024 4205 1185 4272 ecclesias
1200 4205 1378 4288 regulares

190 4314 226 4377 in
239 4311 504 4391 saeculares,nisi
518 4331 600 4378 casu
611 4332 679 4398 quo
689 4314 830 4398 reperiri
841 4331 912 4380 non
924 4317 1068 4398 possent
1082 4311 1235 4395 religiosi
1252 4315 1377 4400 quihus

190 4419 249 4485 illa
263 4421 472 4485 monasteria
490 4419 760 4485 reicrmarentur
782 4425 817 4486 et
835 4426 1086 4486 restauraretur
1108 4420 1285 4506 disciplina
1308 4421 1374 4489 col-

192 4527 288 4611 lapsa
304 4548 311 4591 :
325 4528 374 4592 ita
388 4546 550 4611 expresse
562 4546 635 4612 cap.
652 4529 720 4592 oh.
734 4533 757 4593 t.
772 4528 838 4593 Sed
851 4529 888 4593 in
899 4529 965 4594 hoc
979 4527 1100 4592 ultimo
1115 4547 1209 4607 casu,
1220 4529 1276 4608 hic
1289 4531 1375 4599 ordo

192 4635 382 4699 servandus
396 4639 449 4700 est
465 4657 472 4699 :
491 4636 616 4700 tentari
627 4635 729 4702 debet
741 4637 940 4702 reformatio
950 4653 1012 4719 per
1024 4635 1204 4717 religiosos
1218 4637 1376 4720 ejusdem

190 4743 400 4820 monasterii,
417 4744 472 4808 vel
487 4743 609 4810 saltem
631 4746 787 4828 ejusdem
812 4744 962 4820 ordinis;
981 4743 1105 4808 deinde
1119 4763 1181 4828 per
1193 4744 1373 4826 religiosos
