3504 5568
352 495 412 559 ddi
538 545 546 553 .
814 515 865 561 rus
884 515 1064 564 canonicus.

353 649 427 696 can.
438 631 479 694 16
493 629 637 709 Placuit,
653 635 688 695 et
701 649 775 696 can.
790 631 831 695 al
843 634 886 697 de
901 633 1065 713 Canacen,
1082 635 1158 700 dist.
1174 639 1204 700 1.
1214 637 1285 704 lmo
1297 641 1450 704 nonnulli
1466 641 1522 704 CC.

317 747 320 754 ’
352 741 474 820 putant
486 738 552 803 hoc
564 757 639 802 essa
655 738 696 802 de
712 740 901 805 substantia
918 743 1200 820 consecrationis;
1224 745 1284 809 sed
1308 745 1364 810 alii
1384 755 1522 829 negant,

352 843 431 910 licet
452 846 488 908 in
505 846 568 910 hac
590 845 770 910 collatione
789 846 1008 930 reliquiarum
1026 867 1168 930 gravem
1185 859 1372 934 agnoscant
1397 855 1526 938 obliga-

353 954 483 1019 tionem
496 973 558 1036 pro
574 955 731 1037 episcopo
746 956 967 1020 consecranti.
983 956 1020 1020 In
1035 959 1130 1040 praxi
1144 977 1226 1040 ergo
1247 980 1387 1028 necesse
1412 969 1464 1028 est
1487 971 1526 1029 ut
1600 1015 1604 1027 .

351 1067 524 1146 ponantur
535 1062 698 1146 reliquiae.

391 1171 424 1234 4⁰
438 1171 631 1236 Notandum
648 1175 700 1234 est
720 1171 811 1254 quod
836 1169 977 1237 ecclesia
1003 1176 1204 1269 auctoritate
1227 1177 1376 1260 episcopi
1400 1185 1522 1255 erecta,

352 1284 466 1362 potest
481 1279 677 1363 simpliciter
691 1281 842 1345 bmaedici
853 1300 866 1361 ;
889 1273 1100 1347 consecratio
1129 1286 1220 1348 enim
1246 1303 1317 1350 uon
1341 1289 1526 1371 requiritur

351 1387 417 1451 nisi
431 1389 543 1472 quoad
558 1388 716 1454 ecclesias
725 1388 936 1454 cathedrales
952 1394 986 1453 et
991 1390 1212 1472 parochiales,
1226 1395 1265 1456 ut
1278 1398 1379 1459 antea
1393 1397 1525 1459 monui-

350 1513 439 1570 mus,
457 1515 499 1559 ex
513 1491 766 1579 prescriptione
776 1495 900 1560 Bened.
910 1495 982 1558 11111
996 1497 1032 1561 in
1046 1515 1140 1562 conc.
1155 1499 1266 1577 Rom,
1283 1503 1333 1566 tit.
1347 1501 1440 1578 XXV,
1453 1517 1480 1566 c.
1494 1506 1522 1566 1.

392 1602 457 1667 Sed
473 1603 635 1668 differunt
645 1603 854 1668 consecratio
870 1609 904 1668 et
917 1604 1119 1681 benedictio,
1136 1623 1206 1670 non
1225 1607 1339 1672 solum
1359 1611 1396 1672 in
1410 1609 1476 1674 ritu
1491 1618 1525 1675 et

352 1713 573 1787 ceremoniis,
593 1713 655 1776 sed
668 1711 771 1776 ctiam
783 1712 819 1774 in
831 1712 955 1776 effectu
968 1732 975 1774 :
992 1713 1072 1796 quia
1085 1716 1295 1780 consecratio
1313 1717 1456 1782 inhaeret
1469 1737 1524 1802 pa-

352 1822 503 1896 rietibus,
515 1821 636 1904 quibus
647 1819 776 1895 dirutis,
795 1821 901 1904 perit;
916 1826 1063 1888 econtra
1071 1819 1262 1888 benedictio
1275 1825 1419 1890 inheret
1432 1829 1524 1908 pavi-

351 1933 480 2004 mento,
498 1933 533 1993 et
555 1928 674 1992 dirutis
697 1930 892 2012 parictibus,
919 1935 1046 2006 manet,
1072 1931 1137 1994 nisi
1158 1932 1300 2000 ecclesia
1323 1933 1523 1998 auctoritate

354 2037 502 2119 episcopi
520 2037 642 2100 suisset
664 2036 785 2112 diruta,
815 2036 887 2101 aine
908 2055 967 2120 spe
987 2037 1282 2106 reaedificationis:
1304 2041 1352 2106 ita
1372 2059 1524 2114 commu-

352 2143 441 2210 niter
454 2144 519 2210 bb.

686 2319 716 2368 V.
735 2318 775 2366 be
790 2314 941 2368 iteratione
961 2315 1192 2370 consecrationis.
1318 2357 1322 2363 .

392 2481 424 2562 a)
439 2477 652 2560 Regularitcr
665 2477 779 2542 iterari
793 2495 863 2542 non
876 2481 1000 2560 potest,
1016 2482 1198 2544 utconstat
1207 2499 1250 2544 ex
1264 2481 1367 2544 variis
1376 2479 1524 2545 textibus

348 2589 446 2673 juris,
461 2605 494 2650 v.
511 2605 544 2666 g.
562 2605 605 2649 ex
619 2603 691 2668 cap.
708 2585 728 2648 6
741 2585 774 2648 h.
793 2585 856 2660 tit,
866 2589 902 2648 ei
916 2602 1087 2650 consensu
1100 2587 1165 2650 Db.
1176 2587 1304 2651 Deinde
1318 2588 1525 2653 sufficienter

351 2694 520 2776 colligitur
534 2713 576 2757 ex
591 2697 712 2757 natura
726 2693 785 2767 rei,
798 2693 878 2774 qnia
891 2694 1101 2758 consecratio
1121 2699 1173 2758 est
1197 2695 1369 2778 deputatio
1391 2697 1433 2761 ad
1455 2697 1524 2761 cul-

352 2811 426 2868 tum
443 2804 484 2868 de
500 2819 536 2866 se
550 2805 765 2886 perpetuum,
782 2819 851 2865 non
867 2817 965 2865 secus
979 2819 1018 2866 ac
1038 2803 1132 2882 ordo.
1150 2802 1276 2867 Tamen
1301 2809 1381 2868 sunt
1407 2821 1524 2888 excep-

350 2913 479 2977 tiones:

390 3023 422 3083 1⁰
438 3019 472 3083 Si
485 3021 520 3082 in
533 3017 789 3082 consecratione
805 3033 875 3081 non
889 3017 1117 3084 fuitadhibita
1131 3019 1244 3083 debita
1256 3020 1399 3084 iormaa
1413 3019 1524 3083 Ponti-

350 3128 438 3193 flcali
452 3127 605 3191 Romano
621 3125 817 3208 prescripta
836 3145 843 3186 :
865 3126 944 3208 quia
962 3125 1088 3209 aliquid
1113 3144 1182 3192 non
1195 3127 1269 3190 ilcri
1292 3126 1347 3191 vel
1369 3145 1438 3192 non
1459 3128 1521 3191 rite

348 3237 421 3300 fleri
435 3236 529 3320 paria
544 3238 633 3299 sunt.

387 3346 420 3408 2⁰
436 3343 469 3408 Si
485 3345 700 3426 ignoraretur
715 3343 769 3407 vel
783 3344 1003 3420 dubitaretur,
1020 3363 1064 3408 an
1086 3344 1227 3410 ecclesia
1242 3349 1440 3410 consecrata
1452 3347 1524 3410 iue-

344 3454 411 3530 rit3
428 3453 507 3536 quia
519 3452 729 3516 consecratio
751 3453 963 3530 estfactum,
990 3457 1025 3521 et
1046 3453 1123 3518 ideo
1131 3470 1202 3517 non
1215 3454 1443 3536 presumitur,
1461 3455 1522 3517 aad

350 3561 486 3644 probari
503 3561 604 3624 debet
618 3581 625 3622 :
641 3559 733 3624 idem
747 3562 818 3625 iere
839 3561 1020 3626 dicendum
1041 3565 1093 3626 est
1116 3579 1155 3626 ao
1174 3562 1215 3626 de
1238 3562 1417 3627 iteratione
1443 3563 1522 3646 bap-

350 3669 452 3731 tismi.
470 3667 649 3752 speciatim
664 3671 872 3732 consecratio
881 3671 1044 3751 probatur
1052 3670 1125 3732 sive
1138 3687 1181 3732 ex
1189 3670 1436 3744 instrumentis,
1449 3671 1520 3734 sive

352 3793 395 3838 ex
405 3775 679 3858 inscriptionibus
702 3776 738 3838 in
760 3775 901 3842 ecclesia
918 3776 1027 3852 iactis,
1051 3777 1122 3840 sive
1146 3795 1189 3841 ax
1207 3777 1362 3840 crucibus
1387 3795 1462 3860 quae
1484 3779 1521 3840 in

350 3883 536 3965 parietibus
551 3881 690 3966 depictae
704 3889 933 3960 remanerent,
952 3883 1069 3967 quales
1082 3884 1157 3948 sscri
1172 3881 1285 3948 solent
1298 3883 1381 3948 dum
1403 3901 1522 3949 conse-

350 3996 464 4055 cratur
477 3991 628 4068 ecclesia,
646 3993 718 4056 sive
733 3993 835 4058 etiam
860 4011 902 4056 ex
923 3993 1024 4057 unico
1049 3995 1136 4056 teate
1159 3991 1296 4067 oculari,
1322 3993 1378 4056 vel
1405 3993 1518 4066 etiem,

346 4102 446 4180 juxta
461 4098 599 4175 multos,
619 4099 799 4164 auriculari
821 4121 827 4162 :
845 4100 924 4184 quia
940 4101 975 4164 in
993 4119 1029 4164 re
1049 4117 1124 4184 quae
1143 4099 1229 4164 nulli
1247 4099 1347 4164 affert
1364 4099 1523 4183 praejudi-

347 4206 449 4284 cium,
466 4207 671 4290 imperfecte
685 4207 904 4290 probationes
918 4207 1100 4272 suissciunt.
1120 4207 1361 4271 Deficientibus
1374 4207 1428 4270 his
1448 4225 1523 4288 pro-

347 4313 541 4378 bationibus
556 4319 590 4377 et
608 4314 823 4396 conjecturie,
842 4314 984 4379 ccclesia
1006 4313 1047 4378 de
1070 4333 1161 4379 novo
1183 4314 1373 4378 consecrari
1396 4313 1518 4377 debet:

347 4421 395 4484 ita
410 4422 638 4484 communiter
648 4421 713 4484 bb.
730 4421 796 4486 Sed
811 4401 1021 4486 cathedrales
1036 4421 1183 4505 antiquae
1204 4421 1239 4486 in
1263 4421 1366 4485 dubio
1380 4439 1522 4485 consen-

350 4533 407 4591 tur
425 4534 643 4604 consecrate,
661 4529 832 4594 etdicenti
856 4531 1064 4596 contrarium
1091 4531 1303 4595 incumberet
1331 4548 1419 4594 onus
1446 4547 1520 4613 prc-

351 4635 464 4700 bandi.
537 4677 543 4694 .
