3488 5568
354 555 415 628 5⁴90
815 573 865 626 ros
886 573 1066 628 canonicos.

354 693 497 759 cationis
523 713 667 759 censura
686 697 795 760 fertur
807 701 926 762 contra
947 695 1116 762 violantes
1141 695 1235 760 illam
1250 695 1530 759 immunitatem:

356 801 387 866 l·
399 801 570 866 Articulus
587 803 605 864 'l
623 802 713 866 inter
731 803 922 886 specialiter
935 807 1138 880 reservatas,
1156 803 1461 867 excommunicat«
1477 817 1534 865 co

355 915 477 994 gentes
493 909 565 975 sive
586 909 711 990 directe
727 911 799 976 sive
814 911 977 978 indirecte
996 911 1129 996 judices
1142 911 1246 978 laicos
1260 911 1303 976 ad
1324 908 1533 976 trahendum

355 1020 399 1084 ad
413 1037 514 1083 suum
529 1018 677 1084 tribrmal
689 1037 854 1104 personas
868 1019 1112 1085 ecclesiasticas
1128 1023 1251 1104 prater
1264 1017 1445 1084 canonicas
1465 1015 1533 1081 dis-

355 1127 564 1214 positiones;
589 1127 673 1192 item
693 1127 835 1192 edentes
856 1127 952 1210 leges
974 1126 1030 1202 sel
1050 1127 1187 1193 decreta
1200 1133 1320 1194 contra
1336 1126 1532 1192 libertatem

356 1241 416 1302 aut
431 1239 511 1320 jura
529 1234 685 1302 Ecclesia
701 1261 729 1298 e.

281 1347 285 1356 '
396 1346 428 1410 Ψ
442 1343 611 1410 Articulus
635 1346 656 1409 2
677 1345 767 1410 inter
787 1345 992 1428 generaliter
1013 1351 1216 1424 reservatas,
1241 1349 1444 1430 sequentem
1465 1345 1534 1412 fert

357 1454 746 1520 excommunicationem
768 1460 887 1520 contra
901 1480 917 1512 s
942 1454 1110 1520 violentas
1125 1473 1258 1531 manns,
1275 1455 1439 1520 suadente
1461 1454 1533 1520 dia-

357 1564 455 1641 bolo,
485 1563 677 1648 injicientes
700 1565 736 1628 in
760 1563 899 1630 clericos
922 1564 978 1631 vel
997 1565 1174 1649 utriusque
1197 1583 1300 1629 sexus
1322 1563 1530 1639 monachos,

358 1672 508 1758 exceptis
523 1672 635 1756 quoad
649 1672 955 1738 reservationem...
972 1699 988 1732 »

397 1783 430 1846 3⁰
444 1781 528 1846 lluic
541 1780 858 1866 articuloccnjaagi
867 1781 969 1850 debet
979 1782 1179 1860 articqusd,
1192 1783 1249 1866 qui
1260 1781 1533 1848 excommunica-

359 1891 487 1956 tionem
503 1888 639 1974 speciali
653 1887 756 1954 modo
774 1895 985 1955 reservatam
997 1892 1066 1956 lert
1078 1896 1200 1970 ,comm
1224 1916 1240 1948 «
1264 1907 1385 1955 omnes
1406 1889 1534 1954 interli-

358 2000 497 2076 cientes,
518 1997 726 2080 mutilantes,
746 1999 987 2082 percutientes,
1013 2005 1237 2078 carcerantes,
1263 1999 1455 2066 detinentes
1477 1995 1534 2061 vel

358 2107 527 2174 hostiliter
537 2107 799 2192 insequentesS.
812 2109 850 2173 ll.
863 2108 897 2172 E.
909 2109 1108 2187 cardinales,
1120 2109 1337 2193 patriarchas,
1354 2106 1534 2190 archiepis-

352 2233 474 2300 copos,
490 2215 678 2300 episcopos,
694 2215 857 2300 Sedisque
872 2216 1072 2302 Apostolicae
1086 2217 1219 2300 legatos
1234 2216 1290 2280 vel
1305 2215 1456 2290 nuutios,
1473 2217 1535 2278 aut

360 2343 420 2390 eos
434 2343 455 2390 a
469 2325 540 2389 suis
555 2324 767 2403 dioecesibus,
783 2325 971 2404 territoriis,
987 2326 1087 2392 terris
1097 2345 1158 2391 seu
1172 2325 1332 2390 dominiis
1345 2323 1532 2408 eJicientes,

360 2453 494 2500 necnon
518 2454 560 2500 ea
578 2435 781 2501 mandantes
803 2435 860 2500 vel
880 2441 953 2502 rata
972 2436 1156 2512 habentes,
1185 2454 1247 2500 seu
1269 2436 1471 2518 prestantes
1497 2430 1536 2494 in

361 2544 409 2608 eis
428 2541 604 2619 auxilium,
618 2543 799 2608 consilium
812 2542 870 2608 vel
881 2546 1037 2610 favorem
1053 2569 1080 2606 e.

401 2651 431 2732 d)
446 2649 539 2716 Circa
551 2651 804 2718 immunitatem
815 2652 955 2732 realem,
976 2652 1049 2717 haec
1062 2656 1143 2716 sunt
1153 2652 1306 2717 notanda
1323 2669 1331 2712 :

402 2762 434 2823 1ο
447 2759 572 2824 Praeter
592 2759 834 2842 gravissimum
852 2767 1030 2845 peccatum
1044 2761 1210 2848 sacrilegii
1224 2765 1259 2826 et
1270 2758 1445 2843 injustitiae
1461 2773 1529 2840 quo

361 2865 496 2933 laeditur
513 2867 579 2933 loci
598 2870 757 2934 sanctitas
780 2876 815 2933 et
833 2869 980 2935 violatur
997 2873 1055 2954 jus
1079 2869 1170 2956 qnod
1192 2866 1339 2934 Ecclesia
1359 2865 1463 2931 habet
1489 2865 1534 2930 ad

363 2975 616 3043 defendendum
635 2995 744 3054 reum,
767 2977 950 3042 violatores
965 2977 1134 3061 ejusmodi
1148 2977 1222 3061 ipso
1243 2975 1332 3041 iacto
1352 2974 1534 3038 incurrunt

362 3085 761 3152 excommunicationem.
771 3087 847 3152 llaec
855 3105 959 3172 poena
967 3091 1153 3152 renovatur
1161 3085 1197 3150 in
1207 3089 1315 3151 const.
1332 3082 1535 3169 Apostolicae

363 3193 462 3260 Sedis
475 3193 584 3273 Piilll,
597 3199 658 3260 art.
668 3195 698 3272 5,
709 3199 743 3260 et
754 3194 812 3260 illa
822 3195 1127 3260 excommunicatio
1138 3196 1374 3260 estreservata
1380 3191 1537 3256 Romano

363 3301 528 3370 Pontifici.

402 3413 436 3478 θ’
455 3413 524 3494 Qui
541 3411 744 3480 contradunt
764 3415 820 3480 cel
841 3435 909 3481 non
930 3415 1024 3482 illam
1040 3413 1208 3502 punam?
1226 3411 1321 3477 lllam
1336 3425 1534 3476 excommu-

364 3521 569 3589 nicationem
583 3525 761 3591 incurrunt
780 3531 853 3592 tum
873 3529 1034 3611 jubentes
1054 3526 1193 3604 dolare,
1220 3529 1258 3588 nt
1279 3543 1312 3588 v.
1334 3541 1368 3604 g.
1388 3520 1536 3605 judices,

365 3631 419 3696 vel
434 3632 537 3698 duces
548 3633 712 3700 militares
728 3635 784 3718 qui
800 3641 966 3718 oogerunt
982 3633 1143 3700 officiales
1157 3633 1213 3698 vel
1227 3630 1353 3696 milites
1367 3629 1410 3694 ad
1426 3633 1539 3694 extra·

363 3737 515 3804 handum
537 3759 651 3820 reum,
676 3747 750 3806 tum
770 3742 952 3820 violantes,
976 3741 1097 3808 saltem
1117 3759 1187 3807 non
1211 3740 1334 3816 coacti,
1363 3736 1424 3802 sed
1448 3753 1536 3800 ausu

363 3848 554 3926 temerario,
563 3867 687 3934 nempe
699 3851 755 3935 qui
767 3851 914 3916 scienter
923 3851 1156 3918 etvoluntarie
1167 3849 1282 3931 legem
1294 3850 1535 3922 contemnunt,

335 4007 339 4018 .
365 3953 532 4020 violantes
547 3958 605 4039 jus
619 3957 715 4042 asyli.

404 4065 436 4128 3·
449 4063 660 4132 Excusantnr
677 4067 818 4151 proinde
841 4069 883 4134 alr
904 4087 945 4134 ea
959 4067 1311 4136 excommunicatione
1325 4065 1536 4150 ignorantes,

365 4177 479 4238 coacte
502 4178 710 4240 attentantes
731 4177 919 4255 extrahere,
944 4178 1069 4243 ellectu
1083 4197 1154 4243 non
1168 4183 1306 4253 sccuto;
1329 4189 1478 4257 namque
1501 4171 1539 4236 in

364 4286 472 4347 const.
487 4279 604 4368 Apost.
628 4283 727 4349 Seds's
740 4283 909 4368 legimus:
933 4311 948 4344 o
974 4285 1230 4352 Immunitatem
1248 4284 1332 4369 asyli
1358 4281 1540 4350 ecclesias·

367 4390 433 4469 tici,
450 4409 534 4458 ausu
551 4394 741 4470 temerario,
757 4393 885 4460 violare
896 4395 1057 4478 jubentes
1071 4400 1131 4460 aut
1145 4392 1323 4460 nolentes.
1343 4417 1358 4450 o
