3504 5566
538 613 623 658 LIBER
644 613 798 662 SECUNDUS
816 615 1035 662 brumanton.

598 801 629 850 11.
647 801 687 853 be
701 799 837 865 quailtate
850 801 977 856 testium

240 949 434 1016 Generatim
446 953 552 1016 testes
566 954 751 1015 censentur
761 949 903 1026 habiles,
914 951 981 1015 nisi
994 953 1183 1035 probentur
1197 952 1374 1030 inhabiles,

199 1077 281 1124 nam
305 1058 455 1124 edictum
470 1059 512 1124 de
533 1059 678 1124 testibus
700 1057 962 1142 prohibitorium
985 1063 1038 1124 est
1060 1059 1096 1125 in
1114 1060 1259 1126 materia
1275 1079 1377 1142 gene-

199 1167 316 1232 raliter
336 1165 532 1250 permissa:
557 1166 662 1247 igitur
676 1165 820 1250 quisque
844 1166 880 1231 in
906 1171 1030 1232 testem
1044 1167 1230 1250 productus
1244 1167 1375 1232 admitti

199 1274 311 1350 debet,
332 1274 440 1339 donee
449 1274 613 1358 probetur
626 1273 719 1356 quod
730 1278 844 1338 carcat
859 1273 1021 1356 qualitate
1036 1277 1208 1358 quamius
1222 1274 1376 1340 naturale

198 1383 254 1448 vel
267 1383 453 1466 positivum
466 1381 601 1446 intesta
617 1380 732 1463 exigit.

239 1491 272 1572 o)
287 1491 337 1554 De
353 1490 433 1572 jure
456 1478 611 1553 naturali
629 1489 796 1556 inhabiles
816 1495 897 1553 suni
911 1490 959 1554 illi
973 1508 1094 1557 omnes
1109 1493 1167 1577 qui
1181 1495 1298 1558 carent
1313 1511 1377 1557 usu

199 1597 363 1664 rationis:
381 1597 589 1672 utiniantes,
612 1601 778 1674 amentes,
799 1599 948 1680 periente
964 1598 1059 1675 ebrii,
1075 1599 1206 1676 furiosi,
1232 1601 1297 1666 nisi
1321 1602 1377 1666 ha-

198 1707 304 1770 beant
323 1704 436 1770 lucida
455 1703 645 1770 intervalla.
667 1703 736 1770 lioc
750 1705 959 1770 sufficienter
972 1710 1161 1772 constater
1183 1707 1298 1774 indole
1313 1711 1378 1773 tas·

199 1812 345 1890 limonii,
365 1813 456 1896 quod
472 1816 525 1877 est
537 1816 634 1878 actus
646 1814 829 1890 humanus,
846 1814 916 1880 imo
926 1816 1095 1899 judicium
1109 1816 1322 1900 exquisitius.

241 1920 271 2002 b)
284 1921 333 1984 De
340 1919 420 2003 jure
426 1922 574 2006 positivo
589 1919 755 1996 Romano,
771 1925 876 1986 testes
890 1923 1084 2008 simpliciter
1096 1923 1321 2007 probibentur
1335 1943 1378 1989 ex

200 2029 322 2112 triplici
336 2029 445 2112 capite
465 2048 472 2091 :
500 2029 532 2092 i⁰
544 2027 593 2092 Ex
607 2029 742 2110 defectu
755 2031 879 2109 etates,
893 2031 1099 2114 impuberes,
1118 2031 1175 2116 qui
1190 2032 1226 2096 in
1241 2031 1378 2114 quibus·

198 2157 347 2222 cumque
362 2137 474 2202 causis
495 2142 565 2202 tam
587 2137 742 2202 civilibus
760 2157 863 2222 quam
876 2139 1107 2205 criminalibus
1127 2144 1295 2216 arcentur,
1312 2141 1377 2204 nisi

198 2253 322 2331 agatur
336 2246 378 2312 de
393 2247 533 2312 crimine
542 2245 634 2312 laesae
644 2248 845 2331 majestatis.
856 2248 899 2311 tt
910 2248 979 2332 juri
990 2248 1144 2314 Romano
1152 2249 1310 2313 dissentit
1320 2251 1378 2331 jus

200 2354 299 2430 Gall.;
323 2354 415 2419 istud
434 2355 527 2420 enim
545 2359 651 2420 testas
665 2355 814 2421 admittit
829 2373 888 2420 ecs
903 2355 961 2439 qui
977 2373 1085 2422 annos
1100 2357 1139 2420 lb
1162 2343 1232 2420 no'n
1256 2356 1377 2440 attige-

197 2467 280 2528 runt
295 2463 347 2544 (i).

238 2572 273 2635 2⁰
286 2569 343 2636 iic
362 2571 443 2636 citio
463 2571 620 2653 corpores,
645 2572 736 2647 caeci,
760 2570 854 2635 surdi
877 2575 912 2636 et
924 2572 1021 2636 muti.
1043 2571 1170 2638 Tamen
1190 2571 1270 2636 caeci
1284 2573 1379 2636 testi·

199 2679 356 2746 monium
368 2679 449 2744 dare
464 2682 609 2762 possunt
625 2677 667 2743 de
690 2679 732 2742 iis
747 2697 823 2762 quae
838 2677 998 2744 viderunt
1012 2683 1091 2744 ante
1109 2679 1308 2757 caecitatem,
1322 2679 1378 2744 vel

198 2787 392 2864 audierunt,
414 2792 598 2871 postquam
612 2786 719 2851 oculis
733 2787 922 2869 capiuntur.
939 2785 1058 2863 Quoad
1072 2785 1214 2852 aiteram
1230 2787 1378 2871 speciem

198 2893 411 2970 inhabilium,
426 2893 539 2976 agilam
553 2893 595 2958 de
607 2893 649 2956 iis
662 2893 719 2978 qni
734 2897 815 2958 sunt
830 2893 932 2958 simul
946 2893 1040 2958 surdi
1054 2898 1090 2958 el
1102 2893 1200 2968 muti,
1217 2911 1295 2958 cum
1310 2894 1379 2958 cvi-

199 3001 285 3067 dens
300 3003 345 3066 sit
359 3002 501 3066 surdum
514 3019 616 3085 posse
631 3000 747 3065 videre
770 3005 804 3065 et
818 3021 861 3065 ex
876 3001 1042 3084 scriptura
1055 3017 1262 3082 cognoscere
1277 3002 1378 3066 inter-

198 3109 414 3190 rogationem
425 3108 560 3192 judicis.

238 3216 272 3279 3·
286 3215 334 3278 Ex
349 3216 483 3280 deiectu
510 3215 591 3280 fidei
606 3235 667 3282 seu
691 3217 807 3300 probae
822 3217 912 3292 vitae,
939 3216 1107 3281 inhabiles
1130 3221 1211 3281 sunt
1232 3217 1378 3282 infames

199 3323 431 3406 iniamiajuris
442 3323 485 3408 (3)
494 3322 549 3388 vel
560 3323 640 3390 iacti
652 3323 737 3407 (can.
746 3324 783 3386 ii
795 3323 956 3405 infames,
967 3325 1049 3407 iiiii),
1062 3325 1208 3408 pecunia
1215 3323 1375 3407 corrupti,

199 3431 496 3507 excommunicati,
521 3431 706 3508 criminosi,
726 3431 875 3498 accusati
893 3431 936 3496 dc
950 3431 1090 3496 crimine
1105 3431 1281 3496 infamiam
1295 3431 1380 3496 irro-

199 3542 303 3622 gante
319 3539 359 3621 (c.
373 3539 414 3604 36
427 3539 461 3604 h.
476 3539 513 3620 t.)
527 3539 567 3620 (3)
580 3558 588 3615 ;
602 3539 646 3604 ob
658 3540 848 3623 periculum
861 3539 1087 3624 corruptionis
1102 3545 1261 3606 arcentur
1275 3539 1379 3606 etiam

199 3665 356 3732 personae
371 3664 447 3730 quae
463 3649 564 3730 juxta
576 3647 861 3712 consuetudinem
874 3647 1028 3713 locorum
1045 3647 1214 3714 habentur
1227 3652 1267 3711 ut
1279 3647 1375 3712 viles.

241 3757 270 3838 c)
292 3755 491 3820 indocilitas
511 3754 696 3820 secundum
715 3754 808 3838 quid.
836 3753 1027 3838 Aliquando
1042 3771 1198 3838 parsonae
1214 3772 1289 3839 quae
1308 3772 1378 3818 non

198 3861 411 3948 repelluntur
434 3861 640 3947 simpliciter,
665 3862 701 3928 in
721 3863 822 3928 certis
844 3863 955 3928 causis
979 3863 1152 3928 tesliilcari
1176 3867 1376 3947 nequeunt:

199 3973 231 4036 1⁰
248 3971 355 4036 biinor
364 3971 406 4034 30
419 3970 518 4036 annis
528 3970 565 4033 in
574 3987 678 4036 causa
690 3971 867 4046 criminali,
880 3971 951 4036 imo
962 3971 1041 4036 etin
1055 3989 1159 4036 causa
1175 3969 1263 4034 civili
1279 3969 1378 4035 valde

197 4077 306 4144 ardua
321 4099 329 4141 :
345 4079 393 4143 ita
403 4080 462 4162 jus
476 4077 573 4144 Rom.
591 4078 646 4143 cui
660 4077 817 4144 dissentit
827 4081 885 4162 jus
901 4077 995 4154 Gall,
1014 4083 1167 4162 utsupra
1182 4077 1341 4142 vidimus.

239 4185 272 4249 2·
286 4185 403 4250 Clerici
417 4192 451 4250 et
464 4185 615 4268 religiosi
628 4186 664 4250 in
677 4203 782 4253 cansa
792 4185 969 4268 sanguinis
984 4187 1023 4268 (c.
1041 4186 1081 4250 ii
1093 4187 1127 4250 b.
1143 4191 1181 4262 t.,
1198 4186 1286 4269 eto).

239 4293 272 4358 3ο
284 4293 472 4360 Feminade
480 4296 558 4378 jure
570 4294 778 4360 canonicoin
787 4293 1018 4360 criminalibus
1032 4292 1251 4358 criminaliter
1262 4293 1375 4369 motis,

197 4419 269 4467 non
283 4419 366 4466 vero
380 4401 416 4465 in
430 4401 585 4466 civilibus
601 4403 684 4485 (can.
700 4403 718 4466 7
733 4401 921 4480 Mulierem,
934 4401 984 4478 33,
1000 4421 1031 4486 q.
1044 4402 1074 4478 5,
1088 4405 1122 4466 et
1135 4417 1164 4465 c.
1181 4401 1219 4466 10
1228 4399 1269 4464 de
1281 4399 1373 4466 Veri.

231 4587 266 4652 (i)
281 4586 345 4638 God.
359 4599 433 4652 proc.
448 4587 511 4653 cir„
527 4591 577 4642 ert.
591 4589 647 4640 333.

230 4667 264 4730 (2)
279 4667 359 4730 ibid,
371 4671 421 4722 art.
435 4671 490 4721 28³.

230 4749 264 4812 (3)
281 4747 347 4798 ibid.
