<?xml version="1.0" encoding="UTF-8"?>
<!DOCTYPE html PUBLIC "-//W3C//DTD XHTML 1.0 Transitional//EN"
    "http://www.w3.org/TR/xhtml1/DTD/xhtml1-transitional.dtd">
<html xmlns="http://www.w3.org/1999/xhtml" xml:lang="en" lang="en">
 <head>
  <title>
</title>
<meta http-equiv="Content-Type" content="text/html;charset=utf-8" />
  <meta name='ocr-system' content='tesseract 3.04.00' />
  <meta name='ocr-capabilities' content='ocr_page ocr_carea ocr_par ocr_line ocrx_word'/>
</head>
<body>
  <div class='ocr_page' id='page_1' title='image "./juscanonicumjux00grangoog_0688.png"; bbox 0 0 3440 5568; ppageno 0'>
   <div class='ocr_carea' id='block_1_1' title="bbox 385 587 1098 656">
    <p class='ocr_par' dir='ltr' id='par_1_1' title="bbox 385 587 1098 656">
     <span class='ocr_line' id='line_1_1' title="bbox 385 587 1098 656; baseline 0.001 -4"><span class='ocrx_word' id='word_1_1' title='bbox 385 587 445 652; x_wconf 80' lang='lat' dir='ltr'><strong>litt</strong></span> <span class='ocrx_word' id='word_1_2' title='bbox 845 609 896 656; x_wconf 86' lang='lat' dir='ltr'><strong>ros</strong></span> <span class='ocrx_word' id='word_1_3' title='bbox 917 609 1098 656; x_wconf 82' lang='lat' dir='ltr'><strong>craomcuu.</strong></span> 
     </span>
    </p>
   </div>
   <div class='ocr_carea' id='block_1_2' title="bbox 383 725 1558 1072">
    <p class='ocr_par' dir='ltr' id='par_1_2' title="bbox 383 725 1558 1072">
     <span class='ocr_line' id='line_1_2' title="bbox 386 725 1557 801; baseline 0 -17"><span class='ocrx_word' id='word_1_4' title='bbox 386 739 476 784; x_wconf 89' lang='lat' dir='ltr'><strong>suum</strong></span> <span class='ocrx_word' id='word_1_5' title='bbox 493 731 663 799; x_wconf 83' lang='lat' dir='ltr'>reponatur,</span> <span class='ocrx_word' id='word_1_6' title='bbox 679 739 797 801; x_wconf 79' lang='lat' dir='ltr'><strong>semper</strong></span> <span class='ocrx_word' id='word_1_7' title='bbox 814 741 883 786; x_wconf 90' lang='lat' dir='ltr'><strong>cum</strong></span> <span class='ocrx_word' id='word_1_8' title='bbox 898 727 999 788; x_wconf 85' lang='lat' dir='ltr'><strong>eadem</strong></span> <span class='ocrx_word' id='word_1_9' title='bbox 1014 725 1238 788; x_wconf 89' lang='lat' dir='ltr'><strong>benedicendus</strong></span> <span class='ocrx_word' id='word_1_10' title='bbox 1256 732 1301 786; x_wconf 89' lang='lat' dir='ltr'><strong>cst</strong></span> <span class='ocrx_word' id='word_1_11' title='bbox 1315 727 1445 800; x_wconf 90' lang='lat' dir='ltr'><strong>populus</strong></span> <span class='ocrx_word' id='word_1_12' title='bbox 1461 728 1507 801; x_wconf 80' lang='lat' dir='ltr'><strong>(ll.</strong></span> <span class='ocrx_word' id='word_1_13' title='bbox 1525 729 1557 784; x_wconf 92' lang='lat' dir='ltr'><strong>in</strong></span> 
     </span>
     <span class='ocr_line' id='line_1_3' title="bbox 383 815 1558 890; baseline 0.001 -17"><span class='ocrx_word' id='word_1_14' title='bbox 383 816 565 888; x_wconf 82' lang='lat' dir='ltr'><strong>repositione</strong></span> <span class='ocrx_word' id='word_1_15' title='bbox 587 821 685 875; x_wconf 88' lang='lat' dir='ltr'><strong>autem</strong></span> <span class='ocrx_word' id='word_1_16' title='bbox 706 831 742 876; x_wconf 91' lang='lat' dir='ltr'><strong>ac</strong></span> <span class='ocrx_word' id='word_1_17' title='bbox 763 817 955 889; x_wconf 87' lang='lat' dir='ltr'><strong>processione</strong></span> <span class='ocrx_word' id='word_1_18' title='bbox 977 817 1173 890; x_wconf 87' lang='lat' dir='ltr'><strong>reliquiarum</strong></span> <span class='ocrx_word' id='word_1_19' title='bbox 1198 818 1231 874; x_wconf 83' lang='lat' dir='ltr'><strong>fl.</strong></span> <span class='ocrx_word' id='word_1_20' title='bbox 1253 818 1289 874; x_wconf 89' lang='lat' dir='ltr'><strong>ii.</strong></span> <span class='ocrx_word' id='word_1_21' title='bbox 1312 817 1347 874; x_wconf 84' lang='lat' dir='ltr'><strong>V.</strong></span> <span class='ocrx_word' id='word_1_22' title='bbox 1368 815 1558 889; x_wconf 86' lang='lat' dir='ltr'><strong>aliorumque</strong></span> 
     </span>
     <span class='ocr_line' id='line_1_4' title="bbox 385 904 1558 981; baseline 0.001 -18"><span class='ocrx_word' id='word_1_23' title='bbox 385 910 569 978; x_wconf 85' lang='lat' dir='ltr'><strong>sanctorum,</strong></span> <span class='ocrx_word' id='word_1_24' title='bbox 584 905 731 980; x_wconf 90' lang='lat' dir='ltr'><strong>impertiri</strong></span> <span class='ocrx_word' id='word_1_25' title='bbox 745 906 866 980; x_wconf 84' lang='lat' dir='ltr'><strong>quidem</strong></span> <span class='ocrx_word' id='word_1_26' title='bbox 877 912 976 981; x_wconf 89' lang='lat' dir='ltr'><strong>potest</strong></span> <span class='ocrx_word' id='word_1_27' title='bbox 989 905 1157 965; x_wconf 84' lang='lat' dir='ltr'><strong>benedictio</strong></span> <span class='ocrx_word' id='word_1_28' title='bbox 1171 919 1240 966; x_wconf 87' lang='lat' dir='ltr'><strong>oum</strong></span> <span class='ocrx_word' id='word_1_29' title='bbox 1255 904 1346 979; x_wconf 89' lang='lat' dir='ltr'><strong>ipsis;</strong></span> <span class='ocrx_word' id='word_1_30' title='bbox 1360 904 1442 964; x_wconf 92' lang='lat' dir='ltr'><strong>nulla</strong></span> <span class='ocrx_word' id='word_1_31' title='bbox 1456 911 1558 964; x_wconf 70' lang='lat' dir='ltr'><strong>amen</strong></span> 
     </span>
     <span class='ocr_line' id='line_1_5' title="bbox 385 995 1148 1072; baseline 0.003 -18"><span class='ocrx_word' id='word_1_32' title='bbox 385 995 470 1056; x_wconf 87' lang='lat' dir='ltr'><strong>adest</strong></span> <span class='ocrx_word' id='word_1_33' title='bbox 483 995 627 1072; x_wconf 76' lang='lat' dir='ltr'><strong>obligatio</strong></span> <span class='ocrx_word' id='word_1_34' title='bbox 641 997 689 1070; x_wconf 78' lang='grc'><strong>(1).</strong></span> <span class='ocrx_word' id='word_1_35' title='bbox 703 996 747 1071; x_wconf 82' lang='grc' dir='ltr'><strong>(Ρ.</strong></span> <span class='ocrx_word' id='word_1_36' title='bbox 763 1011 781 1056; x_wconf 88' lang='lat' dir='ltr'><strong>a</strong></span> <span class='ocrx_word' id='word_1_37' title='bbox 795 999 900 1072; x_wconf 83' lang='lat' dir='ltr'><strong>carpo,</strong></span> <span class='ocrx_word' id='word_1_38' title='bbox 915 997 1148 1064; x_wconf 72' lang='lat' dir='ltr'><strong>Caranonriziei</strong></span> 
     </span>
    </p>
   </div>
   <div class='ocr_carea' id='block_1_3' title="bbox 830 1357 1112 1455">
    <p class='ocr_par' dir='ltr' id='par_1_3' title="bbox 830 1357 1112 1455">
     <span class='ocr_line' id='line_1_6' title="bbox 830 1357 1112 1455; baseline 0 -1"><span class='ocrx_word' id='word_1_39' title='bbox 830 1357 1007 1455; x_wconf 80' lang='lat' dir='ltr'><strong>seculo</strong></span> <span class='ocrx_word' id='word_1_40' title='bbox 1043 1381 1112 1454; x_wconf 87' lang='lat' dir='ltr'><strong>rx.</strong></span> 
     </span>
    </p>
   </div>
   <div class='ocr_carea' id='block_1_4' title="bbox 539 1559 1399 1608">
    <p class='ocr_par' dir='ltr' id='par_1_4' title="bbox 539 1559 1399 1608">
     <span class='ocr_line' id='line_1_7' title="bbox 539 1559 1399 1608; baseline -0.002 -3"><span class='ocrx_word' id='word_1_41' title='bbox 539 1559 582 1605; x_wconf 78' lang='lat' dir='ltr'><strong>DE</strong></span> <span class='ocrx_word' id='word_1_42' title='bbox 609 1561 753 1608; x_wconf 75' lang='lat' dir='ltr'><strong>ieiunio</strong></span> <span class='ocrx_word' id='word_1_43' title='bbox 779 1561 1052 1608; x_wconf 68' lang='lat' dir='ltr'><strong>ecclesiastico</strong></span> <span class='ocrx_word' id='word_1_44' title='bbox 1078 1561 1122 1607; x_wconf 74' lang='grc' dir='ltr'><strong>ΕΤ</strong></span> <span class='ocrx_word' id='word_1_45' title='bbox 1147 1561 1399 1608; x_wconf 73' lang='grc' dir='ltr'><strong>ΑΒΒῊΝΕΝΤῙΑ.</strong></span> 
     </span>
    </p>
   </div>
   <div class='ocr_carea' id='block_1_5' title="bbox 676 1883 1266 1938">
    <p class='ocr_par' dir='ltr' id='par_1_5' title="bbox 676 1883 1266 1938">
     <span class='ocr_line' id='line_1_8' title="bbox 676 1883 1266 1938; baseline 0 -2"><span class='ocrx_word' id='word_1_46' title='bbox 676 1883 927 1938; x_wconf 78' lang='lat' dir='ltr'><strong>Deoiaratlonee</strong></span> <span class='ocrx_word' id='word_1_47' title='bbox 942 1885 975 1936; x_wconf 78' lang='grc' dir='ltr'><strong>Β.</strong></span> <span class='ocrx_word' id='word_1_48' title='bbox 992 1883 1266 1938; x_wconf 63' lang='lat' dir='ltr'><strong>poenitentiario.</strong></span> 
     </span>
    </p>
   </div>
   <div class='ocr_carea' id='block_1_6' title="bbox 380 2013 1560 4506">
    <p class='ocr_par' dir='ltr' id='par_1_6' title="bbox 384 2013 1554 2268">
     <span class='ocr_line' id='line_1_9' title="bbox 422 2013 1554 2088; baseline 0 -18"><span class='ocrx_word' id='word_1_49' title='bbox 422 2019 448 2072; x_wconf 89' lang='grc'><strong>1.</strong></span> <span class='ocrx_word' id='word_1_50' title='bbox 473 2017 576 2074; x_wconf 84' lang='lat' dir='ltr'><strong>Utrum</strong></span> <span class='ocrx_word' id='word_1_51' title='bbox 605 2015 635 2072; x_wconf 93' lang='lat' dir='ltr'><strong>in</strong></span> <span class='ocrx_word' id='word_1_52' title='bbox 658 2013 766 2075; x_wconf 91' lang='lat' dir='ltr'><strong>diebus</strong></span> <span class='ocrx_word' id='word_1_53' title='bbox 792 2014 899 2088; x_wconf 76' lang='lat' dir='ltr'><strong>ieiunii</strong></span> <span class='ocrx_word' id='word_1_54' title='bbox 926 2015 1020 2088; x_wconf 88' lang='lat' dir='ltr'><strong>possit</strong></span> <span class='ocrx_word' id='word_1_55' title='bbox 1047 2015 1154 2074; x_wconf 89' lang='lat' dir='ltr'><strong>inverti</strong></span> <span class='ocrx_word' id='word_1_56' title='bbox 1184 2021 1304 2088; x_wconf 89' lang='lat' dir='ltr'><strong>tempus</strong></span> <span class='ocrx_word' id='word_1_57' title='bbox 1341 2013 1554 2082; x_wconf 84' lang='lat' dir='ltr'><strong>comestionis,</strong></span> 
     </span>
     <span class='ocr_line' id='line_1_10' title="bbox 384 2103 1553 2170; baseline -0.003 -6"><span class='ocrx_word' id='word_1_58' title='bbox 384 2105 532 2164; x_wconf 91' lang='lat' dir='ltr'><strong>sumendo</strong></span> <span class='ocrx_word' id='word_1_59' title='bbox 559 2105 721 2164; x_wconf 85' lang='lat' dir='ltr'><strong>serotinam</strong></span> <span class='ocrx_word' id='word_1_60' title='bbox 745 2105 990 2164; x_wconf 77' lang='lat' dir='ltr'><strong>refectiunculam</strong></span> <span class='ocrx_word' id='word_1_61' title='bbox 1012 2105 1091 2164; x_wconf 89' lang='lat' dir='ltr'><strong>infra</strong></span> <span class='ocrx_word' id='word_1_62' title='bbox 1112 2105 1215 2162; x_wconf 90' lang='lat' dir='ltr'><strong>boram</strong></span> <span class='ocrx_word' id='word_1_63' title='bbox 1235 2109 1269 2163; x_wconf 87' lang='lat' dir='ltr'><strong>ld</strong></span> <span class='ocrx_word' id='word_1_64' title='bbox 1282 2107 1313 2162; x_wconf 92' lang='lat' dir='ltr'><strong>et</strong></span> <span class='ocrx_word' id='word_1_65' title='bbox 1332 2107 1361 2161; x_wconf 92' lang='lat' dir='ltr'><strong>ll</strong></span> <span class='ocrx_word' id='word_1_66' title='bbox 1380 2103 1553 2170; x_wconf 90' lang='lat' dir='ltr'><strong>matutinas,</strong></span> 
     </span>
     <span class='ocr_line' id='line_1_11' title="bbox 384 2193 1309 2268; baseline -0.002 -16"><span class='ocrx_word' id='word_1_67' title='bbox 384 2195 542 2267; x_wconf 91' lang='lat' dir='ltr'><strong>prandium</strong></span> <span class='ocrx_word' id='word_1_68' title='bbox 554 2209 625 2253; x_wconf 88' lang='lat' dir='ltr'><strong>vero</strong></span> <span class='ocrx_word' id='word_1_69' title='bbox 640 2193 805 2254; x_wconf 82' lang='lat' dir='ltr'><strong>differendo</strong></span> <span class='ocrx_word' id='word_1_70' title='bbox 820 2195 855 2253; x_wconf 88' lang='lat' dir='ltr'><strong>ad</strong></span> <span class='ocrx_word' id='word_1_71' title='bbox 868 2201 884 2252; x_wconf 87' lang='lat' dir='ltr'><strong>i</strong></span> <span class='ocrx_word' id='word_1_72' title='bbox 897 2202 926 2252; x_wconf 92' lang='lat' dir='ltr'><strong>et</strong></span> <span class='ocrx_word' id='word_1_73' title='bbox 941 2199 956 2251; x_wconf 83' lang='lat' dir='ltr'><strong>a</strong></span> <span class='ocrx_word' id='word_1_74' title='bbox 971 2195 1074 2253; x_wconf 88' lang='lat' dir='ltr'><strong>horam</strong></span> <span class='ocrx_word' id='word_1_75' title='bbox 1087 2194 1309 2268; x_wconf 78' lang='lat' dir='ltr'><strong>vespertinam?</strong></span> 
     </span>
    </p>

    <p class='ocr_par' dir='ltr' id='par_1_7' title="bbox 384 2283 1555 2449">
     <span class='ocr_line' id='line_1_12' title="bbox 420 2283 1555 2358; baseline -0.001 -16"><span class='ocrx_word' id='word_1_76' title='bbox 420 2289 507 2358; x_wconf 87' lang='lat' dir='ltr'><strong>ilesp.</strong></span> <span class='ocrx_word' id='word_1_77' title='bbox 532 2289 564 2342; x_wconf 80' lang='grc'><strong>19</strong></span> <span class='ocrx_word' id='word_1_78' title='bbox 585 2285 649 2358; x_wconf 85' lang='lat' dir='ltr'><strong>jan.</strong></span> <span class='ocrx_word' id='word_1_79' title='bbox 672 2286 765 2344; x_wconf 78' lang='lat' dir='ltr'><strong>itti:</strong></span> <span class='ocrx_word' id='word_1_80' title='bbox 795 2285 825 2342; x_wconf 89' lang='lat' dir='ltr'><strong>Si</strong></span> <span class='ocrx_word' id='word_1_81' title='bbox 846 2283 1028 2343; x_wconf 88' lang='lat' dir='ltr'><strong>inversionis</strong></span> <span class='ocrx_word' id='word_1_82' title='bbox 1044 2284 1222 2358; x_wconf 80' lang='lat' dir='ltr'><strong>supradictae</strong></span> <span class='ocrx_word' id='word_1_83' title='bbox 1246 2283 1433 2342; x_wconf 89' lang='lat' dir='ltr'><strong>rationabilis</strong></span> <span class='ocrx_word' id='word_1_84' title='bbox 1455 2283 1555 2356; x_wconf 73' lang='lat' dir='ltr'><strong>dique</strong></span> 
     </span>
     <span class='ocr_line' id='line_1_13' title="bbox 384 2373 1554 2449; baseline -0.003 -15"><span class='ocrx_word' id='word_1_85' title='bbox 384 2381 479 2434; x_wconf 83' lang='lat' dir='ltr'><strong>exstet</strong></span> <span class='ocrx_word' id='word_1_86' title='bbox 492 2389 595 2446; x_wconf 89' lang='lat' dir='ltr'><strong>causa,</strong></span> <span class='ocrx_word' id='word_1_87' title='bbox 610 2376 789 2448; x_wconf 84' lang='lat' dir='ltr'><strong>poenitentes</strong></span> <span class='ocrx_word' id='word_1_88' title='bbox 801 2375 853 2449; x_wconf 90' lang='lat' dir='ltr'><strong>qui</strong></span> <span class='ocrx_word' id='word_1_89' title='bbox 867 2376 924 2436; x_wconf 90' lang='lat' dir='ltr'><strong>hoc</strong></span> <span class='ocrx_word' id='word_1_90' title='bbox 935 2390 1016 2433; x_wconf 88' lang='lat' dir='ltr'><strong>more</strong></span> <span class='ocrx_word' id='word_1_91' title='bbox 1028 2381 1164 2445; x_wconf 89' lang='lat' dir='ltr'><strong>utuntur,</strong></span> <span class='ocrx_word' id='word_1_92' title='bbox 1176 2389 1236 2433; x_wconf 89' lang='lat' dir='ltr'><strong>non</strong></span> <span class='ocrx_word' id='word_1_93' title='bbox 1249 2389 1318 2434; x_wconf 89' lang='lat' dir='ltr'><strong>asse</strong></span> <span class='ocrx_word' id='word_1_94' title='bbox 1329 2373 1554 2448; x_wconf 87' lang='lat' dir='ltr'><strong>inquietandos.</strong></span> 
     </span>
    </p>

    <p class='ocr_par' dir='ltr' id='par_1_8' title="bbox 380 2461 1556 2715">
     <span class='ocr_line' id='line_1_14' title="bbox 418 2461 1556 2538; baseline -0.005 -15"><span class='ocrx_word' id='word_1_95' title='bbox 418 2469 446 2523; x_wconf 80' lang='lat' dir='ltr'><strong>i.</strong></span> <span class='ocrx_word' id='word_1_96' title='bbox 462 2467 599 2523; x_wconf 89' lang='lat' dir='ltr'><strong>Utrum...</strong></span> <span class='ocrx_word' id='word_1_97' title='bbox 623 2465 753 2537; x_wconf 92' lang='lat' dir='ltr'><strong>permitti</strong></span> <span class='ocrx_word' id='word_1_98' title='bbox 769 2463 867 2536; x_wconf 92' lang='lat' dir='ltr'><strong>possit</strong></span> <span class='ocrx_word' id='word_1_99' title='bbox 882 2464 923 2538; x_wconf 85' lang='lat' dir='ltr'><strong>(ln</strong></span> <span class='ocrx_word' id='word_1_100' title='bbox 947 2464 1070 2538; x_wconf 82' lang='lat' dir='ltr'><strong>regione</strong></span> <span class='ocrx_word' id='word_1_101' title='bbox 1084 2463 1272 2535; x_wconf 80' lang='lat' dir='ltr'><strong>cenadiensil</strong></span> <span class='ocrx_word' id='word_1_102' title='bbox 1289 2469 1322 2522; x_wconf 92' lang='lat' dir='ltr'><strong>ut</strong></span> <span class='ocrx_word' id='word_1_103' title='bbox 1337 2477 1434 2532; x_wconf 88' lang='lat' dir='ltr'><strong>mane,</strong></span> <span class='ocrx_word' id='word_1_104' title='bbox 1450 2461 1556 2520; x_wconf 90' lang='lat' dir='ltr'><strong>diebus</strong></span> 
     </span>
     <span class='ocr_line' id='line_1_15' title="bbox 380 2551 1555 2627; baseline -0.002 -17"><span class='ocrx_word' id='word_1_105' title='bbox 380 2553 499 2626; x_wconf 78' lang='lat' dir='ltr'><strong>jeiunii,</strong></span> <span class='ocrx_word' id='word_1_106' title='bbox 515 2567 606 2625; x_wconf 90' lang='lat' dir='ltr'><strong>parva</strong></span> <span class='ocrx_word' id='word_1_107' title='bbox 619 2554 784 2627; x_wconf 88' lang='lat' dir='ltr'><strong>quantitate</strong></span> <span class='ocrx_word' id='word_1_108' title='bbox 799 2553 1070 2612; x_wconf 84' lang='lat' dir='ltr'><strong>sumaturcafaeum</strong></span> <span class='ocrx_word' id='word_1_109' title='bbox 1080 2559 1132 2612; x_wconf 87' lang='lat' dir='ltr'><strong>aut</strong></span> <span class='ocrx_word' id='word_1_110' title='bbox 1145 2552 1331 2612; x_wconf 89' lang='lat' dir='ltr'><strong>cbocolatum</strong></span> <span class='ocrx_word' id='word_1_111' title='bbox 1348 2567 1417 2611; x_wconf 90' lang='lat' dir='ltr'><strong>cum</strong></span> <span class='ocrx_word' id='word_1_112' title='bbox 1428 2551 1555 2610; x_wconf 83' lang='lat' dir='ltr'><strong>frustula</strong></span> 
     </span>
     <span class='ocr_line' id='line_1_16' title="bbox 383 2643 496 2715; baseline 0.009 -15"><span class='ocrx_word' id='word_1_113' title='bbox 383 2643 496 2715; x_wconf 87' lang='lat' dir='ltr'><strong>panisi</strong></span> 
     </span>
    </p>

    <p class='ocr_par' dir='ltr' id='par_1_9' title="bbox 384 2733 1556 2882">
     <span class='ocr_line' id='line_1_17' title="bbox 420 2733 1556 2808; baseline 0.002 -18"><span class='ocrx_word' id='word_1_114' title='bbox 420 2734 449 2790; x_wconf 80' lang='lat' dir='ltr'><strong>S.</strong></span> <span class='ocrx_word' id='word_1_115' title='bbox 473 2735 505 2791; x_wconf 86' lang='lat' dir='ltr'><strong>P.</strong></span> <span class='ocrx_word' id='word_1_116' title='bbox 525 2733 679 2806; x_wconf 88' lang='lat' dir='ltr'><strong>respondit</strong></span> <span class='ocrx_word' id='word_1_117' title='bbox 697 2751 704 2792; x_wconf 92' lang='lat'>:</span> <span class='ocrx_word' id='word_1_118' title='bbox 728 2737 785 2792; x_wconf 82' lang='lat' dir='ltr'><strong>lios</strong></span> <span class='ocrx_word' id='word_1_119' title='bbox 800 2735 852 2807; x_wconf 88' lang='lat' dir='ltr'><strong>qui</strong></span> <span class='ocrx_word' id='word_1_120' title='bbox 868 2735 956 2792; x_wconf 89' lang='lat' dir='ltr'><strong>taiern</strong></span> <span class='ocrx_word' id='word_1_121' title='bbox 973 2749 1062 2794; x_wconf 88' lang='lat' dir='ltr'><strong>usum</strong></span> <span class='ocrx_word' id='word_1_122' title='bbox 1077 2741 1259 2808; x_wconf 88' lang='lat' dir='ltr'><strong>sequuntur,</strong></span> <span class='ocrx_word' id='word_1_123' title='bbox 1279 2749 1339 2793; x_wconf 93' lang='lat' dir='ltr'><strong>non</strong></span> <span class='ocrx_word' id='word_1_124' title='bbox 1359 2749 1427 2795; x_wconf 90' lang='lat' dir='ltr'><strong>esse</strong></span> <span class='ocrx_word' id='word_1_125' title='bbox 1441 2733 1556 2808; x_wconf 90' lang='lat' dir='ltr'><strong>inquie-</strong></span> 
     </span>
     <span class='ocr_line' id='line_1_18' title="bbox 384 2822 893 2882; baseline 0.008 -4"><span class='ocrx_word' id='word_1_126' title='bbox 384 2822 499 2882; x_wconf 90' lang='lat' dir='ltr'><strong>tandos.</strong></span> <span class='ocrx_word' id='word_1_127' title='bbox 515 2823 567 2880; x_wconf 84' lang='lat' dir='ltr'><strong>iiie</strong></span> <span class='ocrx_word' id='word_1_128' title='bbox 579 2829 608 2881; x_wconf 78' lang='grc'><strong>11</strong></span> <span class='ocrx_word' id='word_1_129' title='bbox 625 2824 796 2882; x_wconf 85' lang='lat' dir='ltr'><strong>novembris</strong></span> <span class='ocrx_word' id='word_1_130' title='bbox 813 2828 893 2882; x_wconf 80' lang='grc'><strong>1813.</strong></span> 
     </span>
    </p>

    <p class='ocr_par' dir='ltr' id='par_1_10' title="bbox 384 2911 1559 3252">
     <span class='ocr_line' id='line_1_19' title="bbox 419 2911 1559 2986; baseline 0 -18"><span class='ocrx_word' id='word_1_131' title='bbox 419 2915 446 2968; x_wconf 80' lang='lat'><strong>³.</strong></span> <span class='ocrx_word' id='word_1_132' title='bbox 462 2911 666 2969; x_wconf 89' lang='lat' dir='ltr'><strong>infirmitatem</strong></span> <span class='ocrx_word' id='word_1_133' title='bbox 687 2917 716 2969; x_wconf 90' lang='lat' dir='ltr'><strong>et</strong></span> <span class='ocrx_word' id='word_1_134' title='bbox 729 2911 810 2970; x_wconf 89' lang='lat' dir='ltr'><strong>aliud</strong></span> <span class='ocrx_word' id='word_1_135' title='bbox 826 2913 1038 2986; x_wconf 86' lang='lat' dir='ltr'><strong>quodcumque</strong></span> <span class='ocrx_word' id='word_1_136' title='bbox 1061 2913 1237 2974; x_wconf 80' lang='lat' dir='ltr'><strong>rationabile</strong></span> <span class='ocrx_word' id='word_1_137' title='bbox 1251 2913 1508 2986; x_wconf 87' lang='lat' dir='ltr'><strong>impedimentum,</strong></span> <span class='ocrx_word' id='word_1_138' title='bbox 1522 2911 1559 2969; x_wconf 89' lang='lat' dir='ltr'><strong>de</strong></span> 
     </span>
     <span class='ocr_line' id='line_1_20' title="bbox 384 2999 1553 3076; baseline 0.001 -19"><span class='ocrx_word' id='word_1_139' title='bbox 384 2999 542 3072; x_wconf 87' lang='lat' dir='ltr'><strong>utriusque</strong></span> <span class='ocrx_word' id='word_1_140' title='bbox 556 3000 664 3057; x_wconf 89' lang='lat' dir='ltr'><strong>medici</strong></span> <span class='ocrx_word' id='word_1_141' title='bbox 679 3001 825 3070; x_wconf 91' lang='lat' dir='ltr'><strong>consilio,</strong></span> <span class='ocrx_word' id='word_1_142' title='bbox 841 3015 902 3058; x_wconf 94' lang='lat' dir='ltr'><strong>non</strong></span> <span class='ocrx_word' id='word_1_143' title='bbox 923 3015 992 3059; x_wconf 90' lang='lat' dir='ltr'><strong>vero</strong></span> <span class='ocrx_word' id='word_1_144' title='bbox 1005 3001 1118 3076; x_wconf 89' lang='lat' dir='ltr'><strong>gulam,</strong></span> <span class='ocrx_word' id='word_1_145' title='bbox 1131 3003 1295 3072; x_wconf 89' lang='lat' dir='ltr'><strong>avaritiam,</strong></span> <span class='ocrx_word' id='word_1_146' title='bbox 1314 3001 1377 3061; x_wconf 88' lang='lat' dir='ltr'><strong>sive</strong></span> <span class='ocrx_word' id='word_1_147' title='bbox 1391 3005 1553 3076; x_wconf 83' lang='lat' dir='ltr'><strong>generatim</strong></span> 
     </span>
     <span class='ocr_line' id='line_1_21' title="bbox 384 3089 1557 3166; baseline 0.003 -20"><span class='ocrx_word' id='word_1_148' title='bbox 384 3103 584 3161; x_wconf 80' lang='lat' dir='ltr'><strong>expensarum</strong></span> <span class='ocrx_word' id='word_1_149' title='bbox 610 3089 831 3162; x_wconf 89' lang='lat' dir='ltr'><strong>compendium,</strong></span> <span class='ocrx_word' id='word_1_150' title='bbox 854 3091 985 3155; x_wconf 82' lang='lat' dir='ltr'><strong>eximere</strong></span> <span class='ocrx_word' id='word_1_151' title='bbox 1008 3107 1135 3165; x_wconf 86' lang='lat' dir='ltr'><strong>possea</strong></span> <span class='ocrx_word' id='word_1_152' title='bbox 1158 3097 1305 3166; x_wconf 89' lang='lat' dir='ltr'><strong>praecepto</strong></span> <span class='ocrx_word' id='word_1_153' title='bbox 1325 3092 1514 3152; x_wconf 81' lang='lat' dir='ltr'><strong>abstinentiae</strong></span> <span class='ocrx_word' id='word_1_154' title='bbox 1528 3091 1557 3148; x_wconf 90' lang='lat' dir='ltr'><strong>in</strong></span> 
     </span>
     <span class='ocr_line' id='line_1_22' title="bbox 384 3176 921 3252; baseline 0.007 -18"><span class='ocrx_word' id='word_1_155' title='bbox 384 3176 491 3236; x_wconf 91' lang='lat' dir='ltr'><strong>diebus</strong></span> <span class='ocrx_word' id='word_1_156' title='bbox 508 3177 702 3238; x_wconf 89' lang='lat' dir='ltr'><strong>esurialibus.</strong></span> <span class='ocrx_word' id='word_1_157' title='bbox 717 3185 749 3237; x_wconf 85' lang='grc'><strong>19</strong></span> <span class='ocrx_word' id='word_1_158' title='bbox 760 3181 823 3252; x_wconf 83' lang='lat' dir='ltr'><strong>jan.</strong></span> <span class='ocrx_word' id='word_1_159' title='bbox 843 3184 921 3240; x_wconf 81' lang='grc'><strong>1831.</strong></span> 
     </span>
    </p>

    <p class='ocr_par' dir='ltr' id='par_1_11' title="bbox 384 3267 1560 3611">
     <span class='ocr_line' id='line_1_23' title="bbox 419 3267 1559 3343; baseline 0.002 -17"><span class='ocrx_word' id='word_1_160' title='bbox 419 3271 447 3326; x_wconf 82' lang='lat' dir='ltr'><strong>l.</strong></span> <span class='ocrx_word' id='word_1_161' title='bbox 470 3271 513 3324; x_wconf 78' lang='lat' dir='ltr'><strong>in</strong></span> <span class='ocrx_word' id='word_1_162' title='bbox 527 3267 557 3326; x_wconf 95' lang='lat' dir='ltr'><strong>in</strong></span> <span class='ocrx_word' id='word_1_163' title='bbox 576 3267 817 3343; x_wconf 90' lang='lat' dir='ltr'><strong>quadragesima,</strong></span> <span class='ocrx_word' id='word_1_164' title='bbox 835 3285 904 3329; x_wconf 92' lang='lat' dir='ltr'><strong>cum</strong></span> <span class='ocrx_word' id='word_1_165' title='bbox 922 3269 1129 3342; x_wconf 75' lang='lat' dir='ltr'><strong>patrifamilias</strong></span> <span class='ocrx_word' id='word_1_166' title='bbox 1140 3269 1267 3330; x_wconf 88' lang='lat' dir='ltr'><strong>facultas</strong></span> <span class='ocrx_word' id='word_1_167' title='bbox 1281 3269 1321 3328; x_wconf 88' lang='lat' dir='ltr'><strong>sit</strong></span> <span class='ocrx_word' id='word_1_168' title='bbox 1331 3269 1439 3328; x_wconf 87' lang='lat' dir='ltr'><strong>edendi</strong></span> <span class='ocrx_word' id='word_1_169' title='bbox 1456 3283 1559 3328; x_wconf 87' lang='lat' dir='ltr'><strong>carnes</strong></span> 
     </span>
     <span class='ocr_line' id='line_1_24' title="bbox 384 3355 1560 3432; baseline -0.001 -18"><span class='ocrx_word' id='word_1_170' title='bbox 384 3361 414 3414; x_wconf 89' lang='lat' dir='ltr'><strong>et</strong></span> <span class='ocrx_word' id='word_1_171' title='bbox 427 3355 505 3415; x_wconf 89' lang='lat' dir='ltr'><strong>idem</strong></span> <span class='ocrx_word' id='word_1_172' title='bbox 520 3373 580 3416; x_wconf 91' lang='lat' dir='ltr'><strong>non</strong></span> <span class='ocrx_word' id='word_1_173' title='bbox 603 3359 701 3431; x_wconf 90' lang='lat' dir='ltr'><strong>possit</strong></span> <span class='ocrx_word' id='word_1_174' title='bbox 715 3359 761 3416; x_wconf 90' lang='lat' dir='ltr'><strong>vel</strong></span> <span class='ocrx_word' id='word_1_175' title='bbox 782 3359 858 3416; x_wconf 91' lang='lat' dir='ltr'><strong>nolit</strong></span> <span class='ocrx_word' id='word_1_176' title='bbox 872 3359 932 3418; x_wconf 92' lang='lat' dir='ltr'><strong>duo</strong></span> <span class='ocrx_word' id='word_1_177' title='bbox 956 3374 1059 3432; x_wconf 89' lang='lat' dir='ltr'><strong>parare</strong></span> <span class='ocrx_word' id='word_1_178' title='bbox 1074 3359 1217 3432; x_wconf 90' lang='lat' dir='ltr'><strong>prandia,</strong></span> <span class='ocrx_word' id='word_1_179' title='bbox 1240 3359 1366 3417; x_wconf 84' lang='lat' dir='ltr'><strong>alterum</strong></span> <span class='ocrx_word' id='word_1_180' title='bbox 1381 3358 1516 3417; x_wconf 89' lang='lat' dir='ltr'><strong>earnium</strong></span> <span class='ocrx_word' id='word_1_181' title='bbox 1531 3363 1560 3414; x_wconf 90' lang='lat' dir='ltr'><strong>et</strong></span> 
     </span>
     <span class='ocr_line' id='line_1_25' title="bbox 384 3447 1559 3523; baseline -0.001 -19"><span class='ocrx_word' id='word_1_182' title='bbox 384 3447 510 3504; x_wconf 87' lang='lat' dir='ltr'><strong>alterurn</strong></span> <span class='ocrx_word' id='word_1_183' title='bbox 520 3447 607 3520; x_wconf 84' lang='lat' dir='ltr'><strong>juxta</strong></span> <span class='ocrx_word' id='word_1_184' title='bbox 620 3447 809 3506; x_wconf 88' lang='lat' dir='ltr'><strong>abstinentiae</strong></span> <span class='ocrx_word' id='word_1_185' title='bbox 821 3448 917 3522; x_wconf 89' lang='lat' dir='ltr'><strong>legem</strong></span> <span class='ocrx_word' id='word_1_186' title='bbox 934 3449 1043 3523; x_wconf 87' lang='lat' dir='ltr'><strong>(italice</strong></span> <span class='ocrx_word' id='word_1_187' title='bbox 1057 3448 1213 3508; x_wconf 88' lang='lat' dir='ltr'><strong>dicebatur</strong></span> <span class='ocrx_word' id='word_1_188' title='bbox 1227 3447 1258 3507; x_wconf 83' lang='lat' dir='ltr'><strong>di</strong></span> <span class='ocrx_word' id='word_1_189' title='bbox 1272 3447 1398 3522; x_wconf 77' lang='lat' dir='ltr'><strong>magro),</strong></span> <span class='ocrx_word' id='word_1_190' title='bbox 1420 3447 1559 3506; x_wconf 83' lang='lat' dir='ltr'><strong>filiifami-</strong></span> 
     </span>
     <span class='ocr_line' id='line_1_26' title="bbox 385 3535 1395 3611; baseline 0.001 -18"><span class='ocrx_word' id='word_1_191' title='bbox 385 3535 442 3594; x_wconf 89' lang='lat' dir='ltr'><strong>lias</strong></span> <span class='ocrx_word' id='word_1_192' title='bbox 457 3537 616 3610; x_wconf 79' lang='lat' dir='ltr'><strong>caeterique</strong></span> <span class='ocrx_word' id='word_1_193' title='bbox 624 3537 757 3611; x_wconf 75' lang='lat' dir='ltr'><strong>eiusdem</strong></span> <span class='ocrx_word' id='word_1_194' title='bbox 772 3539 894 3596; x_wconf 90' lang='lat' dir='ltr'><strong>servitio</strong></span> <span class='ocrx_word' id='word_1_195' title='bbox 909 3537 1017 3597; x_wconf 89' lang='lat' dir='ltr'><strong>addicti</strong></span> <span class='ocrx_word' id='word_1_196' title='bbox 1034 3539 1155 3610; x_wconf 90' lang='lat' dir='ltr'><strong>possint</strong></span> <span class='ocrx_word' id='word_1_197' title='bbox 1169 3553 1274 3596; x_wconf 90' lang='lat' dir='ltr'><strong>carnes</strong></span> <span class='ocrx_word' id='word_1_198' title='bbox 1286 3538 1395 3596; x_wconf 87' lang='lat' dir='ltr'><strong>ederet</strong></span> 
     </span>
    </p>

    <p class='ocr_par' dir='ltr' id='par_1_12' title="bbox 383 3624 1559 4056">
     <span class='ocr_line' id='line_1_27' title="bbox 420 3624 1559 3702; baseline -0.001 -19"><span class='ocrx_word' id='word_1_199' title='bbox 420 3629 508 3699; x_wconf 82' lang='lat' dir='ltr'><strong>Resp.</strong></span> <span class='ocrx_word' id='word_1_200' title='bbox 527 3625 644 3698; x_wconf 79' lang='lat' dir='ltr'><strong>fijan.</strong></span> <span class='ocrx_word' id='word_1_201' title='bbox 670 3630 738 3684; x_wconf 81' lang='grc'><strong>1731</strong></span> <span class='ocrx_word' id='word_1_202' title='bbox 758 3645 765 3683; x_wconf 94' lang='lat'><strong>:</strong></span> <span class='ocrx_word' id='word_1_203' title='bbox 786 3629 880 3686; x_wconf 88' lang='lat' dir='ltr'><strong>Posse</strong></span> <span class='ocrx_word' id='word_1_204' title='bbox 899 3628 1040 3700; x_wconf 91' lang='lat' dir='ltr'><strong>personis</strong></span> <span class='ocrx_word' id='word_1_205' title='bbox 1067 3641 1135 3702; x_wconf 84' lang='lat' dir='ltr'><strong>quae</strong></span> <span class='ocrx_word' id='word_1_206' title='bbox 1155 3631 1229 3685; x_wconf 89' lang='lat' dir='ltr'><strong>sunt</strong></span> <span class='ocrx_word' id='word_1_207' title='bbox 1249 3628 1279 3684; x_wconf 91' lang='lat' dir='ltr'><strong>in</strong></span> <span class='ocrx_word' id='word_1_208' title='bbox 1296 3631 1440 3699; x_wconf 76' lang='lat' dir='ltr'><strong>potestate</strong></span> <span class='ocrx_word' id='word_1_209' title='bbox 1457 3624 1559 3698; x_wconf 91' lang='lat' dir='ltr'><strong>patris-</strong></span> 
     </span>
     <span class='ocr_line' id='line_1_28' title="bbox 385 3714 1558 3792; baseline -0.004 -18"><span class='ocrx_word' id='word_1_210' title='bbox 385 3715 527 3786; x_wconf 82' lang='lat' dir='ltr'><strong>familias,</strong></span> <span class='ocrx_word' id='word_1_211' title='bbox 542 3717 589 3774; x_wconf 90' lang='lat' dir='ltr'><strong>cui</strong></span> <span class='ocrx_word' id='word_1_212' title='bbox 611 3717 689 3775; x_wconf 89' lang='lat' dir='ltr'><strong>facta</strong></span> <span class='ocrx_word' id='word_1_213' title='bbox 712 3723 758 3774; x_wconf 91' lang='lat' dir='ltr'><strong>est</strong></span> <span class='ocrx_word' id='word_1_214' title='bbox 781 3716 915 3792; x_wconf 90' lang='lat' dir='ltr'><strong>legitima</strong></span> <span class='ocrx_word' id='word_1_215' title='bbox 934 3716 1061 3776; x_wconf 89' lang='lat' dir='ltr'><strong>facultas</strong></span> <span class='ocrx_word' id='word_1_216' title='bbox 1083 3717 1189 3775; x_wconf 82' lang='lat' dir='ltr'><strong>edendi</strong></span> <span class='ocrx_word' id='word_1_217' title='bbox 1208 3731 1330 3786; x_wconf 80' lang='lat' dir='ltr'><strong>carnee,</strong></span> <span class='ocrx_word' id='word_1_218' title='bbox 1360 3715 1491 3788; x_wconf 90' lang='lat' dir='ltr'><strong>permitti</strong></span> <span class='ocrx_word' id='word_1_219' title='bbox 1516 3714 1558 3771; x_wconf 93' lang='lat' dir='ltr'><strong>uti</strong></span> 
     </span>
     <span class='ocr_line' id='line_1_29' title="bbox 386 3803 1557 3880; baseline -0.002 -18"><span class='ocrx_word' id='word_1_220' title='bbox 386 3803 461 3862; x_wconf 88' lang='lat' dir='ltr'><strong>cibis</strong></span> <span class='ocrx_word' id='word_1_221' title='bbox 485 3805 694 3876; x_wconf 90' lang='lat' dir='ltr'><strong>patrifamilias</strong></span> <span class='ocrx_word' id='word_1_222' title='bbox 709 3805 851 3876; x_wconf 91' lang='lat' dir='ltr'><strong>indultis,</strong></span> <span class='ocrx_word' id='word_1_223' title='bbox 875 3805 991 3880; x_wconf 77' lang='lat' dir='ltr'><strong>adiecta</strong></span> <span class='ocrx_word' id='word_1_224' title='bbox 1014 3806 1186 3864; x_wconf 89' lang='lat' dir='ltr'><strong>conditione</strong></span> <span class='ocrx_word' id='word_1_225' title='bbox 1204 3806 1241 3865; x_wconf 90' lang='lat' dir='ltr'><strong>de</strong></span> <span class='ocrx_word' id='word_1_226' title='bbox 1263 3819 1323 3863; x_wconf 93' lang='lat' dir='ltr'><strong>non</strong></span> <span class='ocrx_word' id='word_1_227' title='bbox 1340 3803 1557 3877; x_wconf 89' lang='lat' dir='ltr'><strong>permiscendis</strong></span> 
     </span>
     <span class='ocr_line' id='line_1_30' title="bbox 385 3891 1559 3968; baseline -0.001 -18"><span class='ocrx_word' id='word_1_228' title='bbox 385 3891 476 3951; x_wconf 90' lang='lat' dir='ltr'><strong>licitis</strong></span> <span class='ocrx_word' id='word_1_229' title='bbox 496 3899 585 3966; x_wconf 89' lang='lat' dir='ltr'><strong>atque</strong></span> <span class='ocrx_word' id='word_1_230' title='bbox 605 3892 772 3951; x_wconf 89' lang='lat' dir='ltr'><strong>interdictis</strong></span> <span class='ocrx_word' id='word_1_231' title='bbox 795 3893 905 3968; x_wconf 81' lang='lat' dir='ltr'><strong>apulie,</strong></span> <span class='ocrx_word' id='word_1_232' title='bbox 925 3894 1008 3953; x_wconf 88' lang='lat' dir='ltr'><strong>etde</strong></span> <span class='ocrx_word' id='word_1_233' title='bbox 1029 3895 1119 3954; x_wconf 91' lang='lat' dir='ltr'><strong>unica</strong></span> <span class='ocrx_word' id='word_1_234' title='bbox 1132 3894 1317 3954; x_wconf 90' lang='lat' dir='ltr'><strong>comestione</strong></span> <span class='ocrx_word' id='word_1_235' title='bbox 1336 3893 1367 3952; x_wconf 93' lang='lat' dir='ltr'><strong>in</strong></span> <span class='ocrx_word' id='word_1_236' title='bbox 1380 3893 1438 3964; x_wconf 89' lang='lat' dir='ltr'><strong>die,</strong></span> <span class='ocrx_word' id='word_1_237' title='bbox 1455 3893 1493 3952; x_wconf 91' lang='lat' dir='ltr'><strong>iis</strong></span> <span class='ocrx_word' id='word_1_238' title='bbox 1507 3892 1559 3964; x_wconf 85' lang='lat' dir='ltr'><strong>qui</strong></span> 
     </span>
     <span class='ocr_line' id='line_1_31' title="bbox 383 3981 683 4056; baseline 0 -16"><span class='ocrx_word' id='word_1_239' title='bbox 383 3981 519 4056; x_wconf 77' lang='lat' dir='ltr'><strong>ieiunare</strong></span> <span class='ocrx_word' id='word_1_240' title='bbox 535 3986 683 4040; x_wconf 90' lang='lat' dir='ltr'><strong>tenentur.</strong></span> 
     </span>
    </p>

    <p class='ocr_par' dir='ltr' id='par_1_13' title="bbox 386 4070 1560 4506">
     <span class='ocr_line' id='line_1_32' title="bbox 421 4070 1559 4145; baseline 0.001 -19"><span class='ocrx_word' id='word_1_241' title='bbox 421 4075 448 4126; x_wconf 87' lang='lat'><strong>5.</strong></span> <span class='ocrx_word' id='word_1_242' title='bbox 464 4070 541 4127; x_wconf 80' lang='lat' dir='ltr'><strong>invi</strong></span> <span class='ocrx_word' id='word_1_243' title='bbox 554 4071 764 4144; x_wconf 89' lang='lat' dir='ltr'><strong>responsionis</strong></span> <span class='ocrx_word' id='word_1_244' title='bbox 775 4074 803 4130; x_wconf 89' lang='lat' dir='ltr'><strong>S.</strong></span> <span class='ocrx_word' id='word_1_245' title='bbox 819 4071 1410 4145; x_wconf 73' lang='lat' dir='ltr'><strong>poenitentialiahisoevcrbieconceptae</strong></span> <span class='ocrx_word' id='word_1_246' title='bbox 1422 4089 1429 4129; x_wconf 93' lang='lat'>:</span> <span class='ocrx_word' id='word_1_247' title='bbox 1442 4074 1559 4128; x_wconf 82' lang='lat' dir='ltr'><strong>«Posse</strong></span> 
     </span>
     <span class='ocr_line' id='line_1_33' title="bbox 386 4159 1560 4234; baseline -0.001 -17"><span class='ocrx_word' id='word_1_248' title='bbox 386 4159 525 4231; x_wconf 89' lang='lat' dir='ltr'><strong>personis</strong></span> <span class='ocrx_word' id='word_1_249' title='bbox 543 4174 610 4231; x_wconf 81' lang='lat' dir='ltr'><strong>quae</strong></span> <span class='ocrx_word' id='word_1_250' title='bbox 628 4165 699 4218; x_wconf 89' lang='lat' dir='ltr'><strong>sunt</strong></span> <span class='ocrx_word' id='word_1_251' title='bbox 720 4162 750 4218; x_wconf 94' lang='lat' dir='ltr'><strong>in</strong></span> <span class='ocrx_word' id='word_1_252' title='bbox 772 4167 914 4234; x_wconf 88' lang='lat' dir='ltr'><strong>potestate</strong></span> <span class='ocrx_word' id='word_1_253' title='bbox 933 4161 1174 4234; x_wconf 87' lang='lat' dir='ltr'><strong>patrisfamilias,</strong></span> <span class='ocrx_word' id='word_1_254' title='bbox 1195 4162 1244 4220; x_wconf 88' lang='lat' dir='ltr'><strong>cni</strong></span> <span class='ocrx_word' id='word_1_255' title='bbox 1271 4163 1348 4222; x_wconf 88' lang='lat' dir='ltr'><strong>facta</strong></span> <span class='ocrx_word' id='word_1_256' title='bbox 1368 4167 1416 4218; x_wconf 92' lang='lat' dir='ltr'><strong>est</strong></span> <span class='ocrx_word' id='word_1_257' title='bbox 1430 4159 1560 4234; x_wconf 88' lang='lat' dir='ltr'><strong>legitima</strong></span> 
     </span>
     <span class='ocr_line' id='line_1_34' title="bbox 387 4249 1559 4325; baseline -0.004 -18"><span class='ocrx_word' id='word_1_258' title='bbox 387 4249 512 4310; x_wconf 88' lang='lat' dir='ltr'><strong>facultas</strong></span> <span class='ocrx_word' id='word_1_259' title='bbox 532 4251 639 4310; x_wconf 91' lang='lat' dir='ltr'><strong>edendi</strong></span> <span class='ocrx_word' id='word_1_260' title='bbox 659 4267 776 4322; x_wconf 79' lang='lat' dir='ltr'><strong>carneS,</strong></span> <span class='ocrx_word' id='word_1_261' title='bbox 798 4253 927 4324; x_wconf 88' lang='lat' dir='ltr'><strong>permitti</strong></span> <span class='ocrx_word' id='word_1_262' title='bbox 950 4253 994 4310; x_wconf 88' lang='lat' dir='ltr'><strong>uti</strong></span> <span class='ocrx_word' id='word_1_263' title='bbox 1011 4252 1087 4311; x_wconf 91' lang='lat' dir='ltr'><strong>cibis</strong></span> <span class='ocrx_word' id='word_1_264' title='bbox 1101 4251 1309 4325; x_wconf 89' lang='lat' dir='ltr'><strong>patrifamilias</strong></span> <span class='ocrx_word' id='word_1_265' title='bbox 1323 4251 1460 4320; x_wconf 88' lang='lat' dir='ltr'><strong>induitis,</strong></span> <span class='ocrx_word' id='word_1_266' title='bbox 1474 4257 1559 4307; x_wconf 73' lang='lat' dir='ltr'><strong>ete.»</strong></span> 
     </span>
     <span class='ocr_line' id='line_1_35' title="bbox 386 4339 1560 4416; baseline 0 -20"><span class='ocrx_word' id='word_1_267' title='bbox 386 4339 608 4412; x_wconf 89' lang='lat' dir='ltr'><strong>-dispensato</strong></span> <span class='ocrx_word' id='word_1_268' title='bbox 628 4341 853 4414; x_wconf 88' lang='lat' dir='ltr'><strong>patrefamilias,</strong></span> <span class='ocrx_word' id='word_1_269' title='bbox 875 4341 1003 4416; x_wconf 89' lang='lat' dir='ltr'><strong>intelligi</strong></span> <span class='ocrx_word' id='word_1_270' title='bbox 1022 4341 1149 4401; x_wconf 89' lang='lat' dir='ltr'><strong>debeant</strong></span> <span class='ocrx_word' id='word_1_271' title='bbox 1167 4341 1335 4414; x_wconf 91' lang='lat' dir='ltr'><strong>dispensati</strong></span> <span class='ocrx_word' id='word_1_272' title='bbox 1355 4341 1444 4398; x_wconf 89' lang='lat' dir='ltr'><strong>etiam</strong></span> <span class='ocrx_word' id='word_1_273' title='bbox 1464 4339 1560 4398; x_wconf 79' lang='lat' dir='ltr'><strong>cauri</strong></span> 
     </span>
     <span class='ocr_line' id='line_1_36' title="bbox 387 4429 681 4506; baseline -0.007 -16"><span class='ocrx_word' id='word_1_274' title='bbox 387 4429 520 4506; x_wconf 81' lang='lat' dir='ltr'><strong>ejusdem</strong></span> <span class='ocrx_word' id='word_1_275' title='bbox 539 4431 681 4490; x_wconf 84' lang='lat' dir='ltr'><strong>familiaet</strong></span> 
     </span>
    </p>
   </div>
   <div class='ocr_carea' id='block_1_7' title="bbox 387 4619 1560 4840">
    <p class='ocr_par' dir='ltr' id='par_1_14' title="bbox 387 4619 1560 4840">
     <span class='ocr_line' id='line_1_37' title="bbox 419 4619 1560 4687; baseline -0.002 -15"><span class='ocrx_word' id='word_1_276' title='bbox 419 4623 455 4686; x_wconf 85' lang='grc'><strong>(1)</strong></span> <span class='ocrx_word' id='word_1_277' title='bbox 473 4621 500 4672; x_wconf 89' lang='lat' dir='ltr'><strong>S.</strong></span> <span class='ocrx_word' id='word_1_278' title='bbox 515 4621 545 4671; x_wconf 86' lang='lat' dir='ltr'><strong>it.</strong></span> <span class='ocrx_word' id='word_1_279' title='bbox 561 4621 588 4672; x_wconf 87' lang='lat' dir='ltr'><strong>G.</strong></span> <span class='ocrx_word' id='word_1_280' title='bbox 606 4623 635 4672; x_wconf 81' lang='lat' dir='ltr'><strong>lt</strong></span> <span class='ocrx_word' id='word_1_281' title='bbox 649 4625 715 4686; x_wconf 89' lang='lat' dir='ltr'><strong>sept.</strong></span> <span class='ocrx_word' id='word_1_282' title='bbox 731 4622 838 4687; x_wconf 68' lang='grc' dir='ltr'><strong>1136,ιή</strong></span> <span class='ocrx_word' id='word_1_283' title='bbox 852 4621 967 4686; x_wconf 74' lang='lat' dir='ltr'><strong>linirem,</strong></span> <span class='ocrx_word' id='word_1_284' title='bbox 981 4622 1015 4673; x_wconf 90' lang='lat' dir='ltr'><strong>ad</strong></span> <span class='ocrx_word' id='word_1_285' title='bbox 1030 4625 1054 4686; x_wconf 97' lang='grc'><strong>1,</strong></span> <span class='ocrx_word' id='word_1_286' title='bbox 1069 4625 1095 4674; x_wconf 90' lang='lat' dir='ltr'><strong>et</strong></span> <span class='ocrx_word' id='word_1_287' title='bbox 1104 4621 1134 4674; x_wconf 84' lang='lat' dir='ltr'><strong>at</strong></span> <span class='ocrx_word' id='word_1_288' title='bbox 1149 4621 1211 4671; x_wconf 86' lang='lat' dir='ltr'><strong>maii</strong></span> <span class='ocrx_word' id='word_1_289' title='bbox 1222 4621 1291 4682; x_wconf 84' lang='lat' dir='ltr'><strong>ltili,</strong></span> <span class='ocrx_word' id='word_1_290' title='bbox 1304 4619 1332 4669; x_wconf 84' lang='lat' dir='ltr'><strong>in</strong></span> <span class='ocrx_word' id='word_1_291' title='bbox 1347 4633 1400 4671; x_wconf 80' lang='lat' dir='ltr'><strong>arria</strong></span> <span class='ocrx_word' id='word_1_292' title='bbox 1414 4619 1560 4682; x_wconf 82' lang='lat' dir='ltr'><strong>dubiorum,</strong></span> 
     </span>
     <span class='ocr_line' id='line_1_38' title="bbox 387 4698 1108 4840; baseline 0 -16"><span class='ocrx_word' id='word_1_293' title='bbox 387 4698 497 4840; x_wconf 43' lang='lat' dir='ltr'><strong>atila-⁰2.</strong></span> <span class='ocrx_word' id='word_1_294' title='bbox 513 4775 543 4825; x_wconf 86' lang='lat' dir='ltr'><strong>it.</strong></span> <span class='ocrx_word' id='word_1_295' title='bbox 559 4775 585 4825; x_wconf 90' lang='lat' dir='ltr'><strong>C.</strong></span> <span class='ocrx_word' id='word_1_296' title='bbox 602 4775 632 4826; x_wconf 81' lang='lat' dir='ltr'><strong>it</strong></span> <span class='ocrx_word' id='word_1_297' title='bbox 643 4775 692 4840; x_wconf 85' lang='lat' dir='ltr'><strong>jul.</strong></span> <span class='ocrx_word' id='word_1_298' title='bbox 709 4776 778 4839; x_wconf 79' lang='grc'><strong>1683,</strong></span> <span class='ocrx_word' id='word_1_299' title='bbox 793 4775 819 4826; x_wconf 84' lang='lat' dir='ltr'><strong>riv</strong></span> <span class='ocrx_word' id='word_1_300' title='bbox 834 4775 1021 4840; x_wconf 66' lang='lat' dir='ltr'><strong>attendenda,</strong></span> <span class='ocrx_word' id='word_1_301' title='bbox 1036 4775 1070 4826; x_wconf 85' lang='lat' dir='ltr'><strong>ed</strong></span> <span class='ocrx_word' id='word_1_302' title='bbox 1085 4779 1108 4825; x_wconf 92' lang='grc'><strong>1.</strong></span> 
     </span>
    </p>
   </div>
   <div class='ocr_carea' id='block_1_8' title="bbox 0 0 1728 5568">
    <p class='ocr_par' dir='ltr' id='par_1_15' title="bbox 0 0 1728 5568">
     <span class='ocr_line' id='line_1_39' title="bbox 0 0 1728 5568; baseline 0 0"><span class='ocrx_word' id='word_1_303' title='bbox 0 0 1728 5568; x_wconf 95' lang='lat' dir='ltr'><strong> </strong></span> 
     </span>
    </p>
   </div>
  </div>
 </body>
</html>
