3510 5574
537 604 626 650 cissa
645 605 773 652 rrarrus
793 605 1015 652 nxcaxrancx.
1308 587 1367 652 247

190 723 322 788 sionem
335 722 613 788 manuducentur
625 725 668 790 ab
683 724 885 790 auctoritate
902 722 1148 798 ecclesiastica;
1166 725 1201 787 et
1211 721 1285 787 hec
1299 739 1369 788 ma-

189 831 351 896 nuductio
366 833 419 895 est
432 831 552 896 missio
566 831 602 896 in
616 831 873 916 possessionem
886 850 948 897 seu
962 831 1175 898 investitura.

199 1039 219 1088 1.
233 1033 274 1090 sd
285 1047 372 1102 qnam
384 1037 420 1090 de
427 1037 494 1104 lure
505 1036 648 1101 pertineat
658 1035 804 1090 institutos
815 1037 930 1091 mittere
942 1037 973 1090 in
985 1036 1194 1102 possessionem
1207 1035 1358 1090 beneficti?

227 1194 259 1257 1⁰
276 1193 564 1260 Clericushabens
580 1191 798 1259 collationem
818 1194 919 1270 tituli,
939 1194 1060 1280 nequit
1074 1194 1212 1278 propria
1226 1193 1372 1258 auotori-

187 1307 256 1368 tate
280 1302 535 1387 apprehendere
556 1303 813 1387 possessionem
832 1302 1008 1379 beneflcii;
1034 1319 1133 1368 secus
1152 1319 1259 1384 agens
1279 1305 1371 1367 esset
1486 1379 1491 1402 ι

186 1410 392 1496 puniendus,
406 1413 506 1494 juxta
520 1430 548 1476 c.
566 1413 606 1476 te
620 1411 661 1476 de
675 1411 879 1491 Praebendae's,
894 1411 930 1476 in
944 1411 989 1476 6⁰.

226 1521 259 1583 l·
286 1521 424 1598 Laious,
452 1522 592 1586 nomine
629 1521 784 1606 proprio,
811 1521 932 1606 nequit
963 1520 1099 1586 mittere
1130 1520 1304 1584 institutos
1335 1521 1371 1584 in

185 1630 530 1714 possessionem(o.9
553 1630 594 1695 de
617 1630 739 1714 Officio
761 1629 915 1714 archid).
938 1628 997 1694 Jus
1020 1629 1068 1694 ita
1089 1627 1292 1694 instituendi
1313 1628 1371 1693 ad-

185 1743 389 1804 numeratur
414 1739 534 1804 oftloiis
562 1737 809 1822 spiritualibus3
830 1737 907 1804 laici
926 1739 1047 1804 dantes
1070 1743 1105 1802 et
1124 1737 1236 1803 clerici
1259 1737 1301 1801 ab
1321 1737 1371 1802 eis

184 1849 388 1934 recipientes
420 1847 642 1913 investituras
671 1848 811 1932 injure
838 1849 948 1913 veteri
974 1847 1369 1913 excommunicabantur.

185 1957 254 2022 Sed
276 1958 349 2022 haec
372 1975 527 2035 censura,
554 1957 582 2021 si
603 1961 760 2022 remanet
779 1957 815 2022 in
832 1960 912 2042 jure
931 1957 1109 2034 hodierno,
1126 1955 1371 2022 constitutione

184 2065 386 2150 Apostolicre
400 2063 499 2132 Sedis
517 2065 724 2142 introducto,
740 2084 812 2130 non
827 2070 881 2131 est
892 2065 960 2130 nisi
974 2065 1124 2131 terenda
1138 2063 1328 2129 sententiae.

223 2174 259 2236 3⁰
274 2173 373 2239 Solus
388 2175 544 2258 superior
563 2173 812 2240 ecclesiasticus
829 2177 945 2258 potest
959 2175 1039 2240 dare
1053 2174 1294 2239 investituram
1309 2189 1372 2236 sou

184 2278 322 2342 mittere
335 2266 372 2341 in
387 2277 643 2361 possessionem
655 2277 823 2343 beneficii.
832 2277 900 2342 Sed
910 2277 987 2362 quis
1002 2277 1158 2362 superior
1170 2275 1279 2360 possit
1292 2275 1372 2340 mit-

185 2391 258 2452 tere
275 2386 406 2469 dejure
420 2385 457 2448 in
472 2384 728 2468 possessionem
742 2386 927 2451 beneficii?

224 2495 285 2559 lus
297 2495 386 2560 hanc
399 2497 607 2578 potestatem
620 2495 739 2560 tribuit
750 2499 825 2560 tum
841 2497 1011 2580 episcopo,
1028 2501 1102 2560 turn
1115 2495 1369 2570 archidiacono;

185 2604 290 2682 unde,
303 2606 404 2687 juxta
418 2601 563 2687 aliquos
584 2603 753 2687 episcopis
767 2609 979 2688 competeret
992 2609 1145 2689 potestas
1162 2603 1369 2668 decernendi

185 2718 224 2778 ut
250 2711 380 2796 provisi
409 2712 445 2776 iu
470 2711 727 2796 possessionem
751 2713 947 2790 mittantur,
976 2717 1011 2778 et
1031 2714 1075 2779 ad
1095 2709 1371 2780 archidiaconum

186 2823 357 2906 spectaret
382 2821 584 2886 exercitium
599 2840 660 2885 seu
679 2821 854 2887 exsecutio
868 2821 958 2886 illins
973 2822 1164 2888 sententia.
1182 2819 1258 2898 Sed,
1271 2823 1372 2904 juxta

185 2929 283 3006 alios,
307 2929 449 3011 dejure
473 2931 659 3006 communi,
682 2931 802 2996 missio
827 2929 863 2994 in
887 2931 1144 3014 possessiouem
1170 2933 1300 3014 spectat
1327 2929 1370 2994 ad

185 3037 483 3113 archidiaconum
509 3037 551 3101 de
573 3037 822 3104 consuetudine
846 3043 974 3116 autem,
990 3038 1034 3104 ad
1050 3039 1260 3122 episcopum.
1276 3037 1371 3102 Nunc

181 3149 241 3230 jus
265 3143 348 3210 illud
374 3145 523 3229 pertinet
541 3145 585 3210 ad
603 3145 717 3211 solum
731 3146 941 3231 episcopum,
957 3146 1000 3212 ad
1015 3146 1250 3212 exclusionem
1264 3145 1370 3210 archi-

186 3255 335 3330 diaconi;
352 3253 531 3339 episcopus
545 3274 608 3338 per
621 3274 670 3332 se,
680 3255 735 3321 vel
745 3275 807 3340 per
816 3273 898 3322 suos
910 3256 1067 3334 vicarios,
1081 3256 1228 3322 decanos
1239 3253 1370 3320 rurales

186 3369 220 3429 et
234 3363 320 3430 alios
334 3365 588 3430 commissarios
600 3364 688 3430 hanc
704 3365 993 3431 introductionem
1013 3365 1103 3431 lacit.
1123 3365 1158 3429 Si
1176 3361 1263 3430 alius
1275 3364 1322 3450 sit
1335 3363 1370 3426 in

185 3472 404 3556 possessione
425 3473 592 3552 beneficii,
614 3474 710 3540 citari
731 3474 833 3540 debet
852 3477 886 3538 et
907 3491 1011 3539 causa
1025 3474 1212 3540 summarie
1224 3489 1369 3554 cognos-

186 3583 284 3646 oitur.

384 3723 415 3774 11.
434 3723 496 3784 Qua
509 3721 601 3775 torma
614 3721 676 3776 fleri
690 3721 775 3776 debet
788 3721 887 3776 mtsslo
901 3721 932 3774 in
946 3719 1174 3786 possessionem?

226 3875 344 3942 llodns
365 3893 427 3940 seu
445 3875 657 3940 investitura
672 3874 774 3942 realis
788 3877 994 3942 ceremonia
1007 3876 1102 3942 varia
1116 3878 1170 3941 est
1183 3891 1245 3958 pro
1261 3869 1371 3936 varie-

186 3986 256 4048 tate
268 3981 424 4049 locorum
438 3987 473 4047 et
485 3983 640 4066 ipsorum
661 3982 766 4049 etiam
791 3984 1048 4062 beneficiorum,
1066 4001 1105 4050 ac
1118 3981 1371 4064 consequenter

183 4089 399 4158 consuetudo
413 4093 581 4175 cujusque
593 4090 660 4156 loci
675 4095 728 4156 cst
743 4092 967 4158 observanda.

225 4197 380 4282 Episcopi
403 4197 516 4265 solent
537 4199 693 4264 investiri
717 4217 780 4282 per
804 4199 1073 4264 installationem
1098 4219 1106 4262 :
1129 4197 1288 4270 abbates,
1309 4211 1371 4276 per

186 4307 405 4375 collationem
424 4307 461 4370 in
481 4305 562 4372 seda
578 4305 753 4383 abbatiali3
769 4307 934 4386 canonici,
946 4325 1007 4392 per
1020 4306 1291 4390 assignationem
1304 4301 1369 4368 loci

189 4420 223 4481 et
237 4415 328 4483 sedis
342 4415 378 4481 in
392 4414 496 4482 choro
511 4413 660 4500 capituli.

228 4525 334 4607 Magis
349 4523 484 4588 diversa
498 4527 552 4587 est
564 4521 778 4589 consuetudo
800 4523 836 4588 in
859 4525 1063 4591 investitura
1076 4522 1314 4608 parochorum.
1332 4519 1369 4583 ln

194 4635 396 4718 quibusdam
410 4633 614 4699 dioeccsibus
627 4635 667 4699 tlt
681 4653 799 4720 quum.
816 4635 870 4700 die
883 4635 973 4701 festo
981 4633 1037 4700 vel
1045 4632 1226 4708 dominico,
1243 4627 1370 4716 populo

193 4743 235 4806 ad
259 4743 375 4810 divina
393 4745 553 4826 presenti
572 4743 705 4826 publice
726 4749 966 4828 proponuntur
989 4743 1096 4820 missi,
1117 4747 1219 4826 atque
1236 4738 1316 4804 fidei
1337 4739 1371 4801 et
