<?xml version="1.0" encoding="UTF-8"?>
<!DOCTYPE html PUBLIC "-//W3C//DTD XHTML 1.0 Transitional//EN"
    "http://www.w3.org/TR/xhtml1/DTD/xhtml1-transitional.dtd">
<html xmlns="http://www.w3.org/1999/xhtml" xml:lang="en" lang="en">
 <head>
  <title>
</title>
<meta http-equiv="Content-Type" content="text/html;charset=utf-8" />
  <meta name='ocr-system' content='tesseract 3.04.00' />
  <meta name='ocr-capabilities' content='ocr_page ocr_carea ocr_par ocr_line ocrx_word'/>
</head>
<body>
  <div class='ocr_page' id='page_1' title='image "./juscanonicumjux00grangoog_0113.png"; bbox 0 0 3504 5566; ppageno 0'>
   <div class='ocr_carea' id='block_1_1' title="bbox 426 649 1380 726">
    <p class='ocr_par' dir='ltr' id='par_1_1' title="bbox 426 649 1380 726">
     <span class='ocr_line' id='line_1_1' title="bbox 426 649 1380 726; baseline 0.004 -18"><span class='ocrx_word' id='word_1_1' title='bbox 426 721 429 726; x_wconf 20' lang='grc' dir='ltr'>Ι</span> <span class='ocrx_word' id='word_1_2' title='bbox 547 665 634 710; x_wconf 80' lang='lat' dir='ltr'>niara</span> <span class='ocrx_word' id='word_1_3' title='bbox 655 666 806 712; x_wconf 83' lang='lat' dir='ltr'>suounuus</span> <span class='ocrx_word' id='word_1_4' title='bbox 826 665 1046 712; x_wconf 77' lang='lat' dir='ltr'>necessarius.</span> <span class='ocrx_word' id='word_1_5' title='bbox 1178 675 1183 685; x_wconf 92' lang='lat'>·</span> <span class='ocrx_word' id='word_1_6' title='bbox 1325 649 1380 712; x_wconf 76' lang='lat'>101</span> 
     </span>
    </p>
   </div>
   <div class='ocr_carea' id='block_1_2' title="bbox 122 769 1477 3249">
    <p class='ocr_par' dir='ltr' id='par_1_2' title="bbox 206 769 1388 1516">
     <span class='ocr_line' id='line_1_2' title="bbox 249 769 1385 868; baseline 0 -21"><span class='ocrx_word' id='word_1_7' title='bbox 249 782 515 867; x_wconf 67' lang='lat' dir='ltr'>Inter-repeteris</span> <span class='ocrx_word' id='word_1_8' title='bbox 530 785 611 847; x_wconf 90' lang='lat' dir='ltr'>sunt</span> <span class='ocrx_word' id='word_1_9' title='bbox 621 781 687 848; x_wconf 83' lang='lat' dir='ltr'>iltae·</span> <span class='ocrx_word' id='word_1_10' title='bbox 704 781 911 868; x_wconf 85' lang='lat' dir='ltr'>quaestiouos</span> <span class='ocrx_word' id='word_1_11' title='bbox 924 802 1000 867; x_wconf 74' lang='lat' dir='ltr'>qum</span> <span class='ocrx_word' id='word_1_12' title='bbox 1016 782 1173 867; x_wconf 86' lang='lat' dir='ltr'>ajudioe,</span> <span class='ocrx_word' id='word_1_13' title='bbox 1187 769 1243 848; x_wconf 83' lang='lat' dir='ltr'>vel</span> <span class='ocrx_word' id='word_1_14' title='bbox 1256 801 1299 847; x_wconf 81' lang='lat' dir='ltr'>ex</span> <span class='ocrx_word' id='word_1_15' title='bbox 1313 784 1385 848; x_wconf 82' lang='lat' dir='ltr'>offi-</span> 
     </span>
     <span class='ocr_line' id='line_1_3' title="bbox 207 889 1384 975; baseline -0.001 -20"><span class='ocrx_word' id='word_1_16' title='bbox 207 890 260 955; x_wconf 89' lang='lat' dir='ltr'>oio</span> <span class='ocrx_word' id='word_1_17' title='bbox 273 889 331 954; x_wconf 88' lang='lat' dir='ltr'>vel</span> <span class='ocrx_word' id='word_1_18' title='bbox 351 889 395 954; x_wconf 87' lang='lat' dir='ltr'>ad</span> <span class='ocrx_word' id='word_1_19' title='bbox 414 889 612 955; x_wconf 72' lang='lat' dir='ltr'>instantiam</span> <span class='ocrx_word' id='word_1_20' title='bbox 634 891 751 975; x_wconf 88' lang='lat' dir='ltr'>partis,</span> <span class='ocrx_word' id='word_1_21' title='bbox 768 896 1007 975; x_wconf 88' lang='lat' dir='ltr'>proponuntur</span> <span class='ocrx_word' id='word_1_22' title='bbox 1028 909 1087 956; x_wconf 87' lang='lat' dir='ltr'>reo</span> <span class='ocrx_word' id='word_1_23' title='bbox 1112 896 1146 956; x_wconf 89' lang='lat' dir='ltr'>et</span> <span class='ocrx_word' id='word_1_24' title='bbox 1164 891 1307 956; x_wconf 89' lang='lat' dir='ltr'>testibus</span> <span class='ocrx_word' id='word_1_25' title='bbox 1321 909 1384 974; x_wconf 92' lang='lat' dir='ltr'>pro</span> 
     </span>
     <span class='ocr_line' id='line_1_4' title="bbox 208 997 1387 1084; baseline -0.001 -20"><span class='ocrx_word' id='word_1_26' title='bbox 208 997 359 1064; x_wconf 87' lang='lat' dir='ltr'>eruenda</span> <span class='ocrx_word' id='word_1_27' title='bbox 373 999 415 1063; x_wconf 88' lang='lat' dir='ltr'>ab</span> <span class='ocrx_word' id='word_1_28' title='bbox 429 998 511 1081; x_wconf 90' lang='lat' dir='ltr'>ipsis</span> <span class='ocrx_word' id='word_1_29' title='bbox 526 997 680 1064; x_wconf 86' lang='lat' dir='ltr'>varitate.</span> <span class='ocrx_word' id='word_1_30' title='bbox 697 999 736 1063; x_wconf 92' lang='lat' dir='ltr'>ln</span> <span class='ocrx_word' id='word_1_31' title='bbox 753 1017 916 1084; x_wconf 87' lang='lat' dir='ltr'>praeessu</span> <span class='ocrx_word' id='word_1_32' title='bbox 928 999 1189 1081; x_wconf 79' lang='lat' dir='ltr'>beatificationis</span> <span class='ocrx_word' id='word_1_33' title='bbox 1202 1003 1237 1064; x_wconf 88' lang='lat' dir='ltr'>et</span> <span class='ocrx_word' id='word_1_34' title='bbox 1248 999 1387 1064; x_wconf 89' lang='lat' dir='ltr'>eanoni-</span> 
     </span>
     <span class='ocr_line' id='line_1_5' title="bbox 206 1105 1388 1192; baseline 0.001 -21"><span class='ocrx_word' id='word_1_35' title='bbox 206 1107 349 1172; x_wconf 85' lang='lat' dir='ltr'>zatiouis</span> <span class='ocrx_word' id='word_1_36' title='bbox 364 1110 570 1181; x_wconf 81' lang='lat' dir='ltr'>sauctorum,</span> <span class='ocrx_word' id='word_1_37' title='bbox 587 1108 775 1191; x_wconf 82' lang='lat' dir='ltr'>positiones</span> <span class='ocrx_word' id='word_1_38' title='bbox 790 1112 825 1172; x_wconf 90' lang='lat' dir='ltr'>et</span> <span class='ocrx_word' id='word_1_39' title='bbox 840 1107 971 1173; x_wconf 81' lang='lat' dir='ltr'><strong>articuli</strong></span> <span class='ocrx_word' id='word_1_40' title='bbox 987 1108 1192 1172; x_wconf 85' lang='lat' dir='ltr'>exhibentur</span> <span class='ocrx_word' id='word_1_41' title='bbox 1205 1125 1226 1172; x_wconf 91' lang='lat' dir='ltr'>a</span> <span class='ocrx_word' id='word_1_42' title='bbox 1238 1105 1388 1192; x_wconf 88' lang='lat' dir='ltr'>postula-</span> 
     </span>
     <span class='ocr_line' id='line_1_6' title="bbox 207 1213 1383 1300; baseline 0 -20"><span class='ocrx_word' id='word_1_43' title='bbox 207 1219 281 1280; x_wconf 89' lang='lat' dir='ltr'>tore</span> <span class='ocrx_word' id='word_1_44' title='bbox 295 1233 419 1291; x_wconf 78' lang='lat' dir='ltr'>eausae,</span> <span class='ocrx_word' id='word_1_45' title='bbox 437 1213 494 1299; x_wconf 90' lang='lat' dir='ltr'>qui</span> <span class='ocrx_word' id='word_1_46' title='bbox 508 1215 551 1280; x_wconf 90' lang='lat' dir='ltr'>ad</span> <span class='ocrx_word' id='word_1_47' title='bbox 562 1215 626 1280; x_wconf 86' lang='lat' dir='ltr'>hos</span> <span class='ocrx_word' id='word_1_48' title='bbox 640 1215 835 1300; x_wconf 88' lang='lat' dir='ltr'>probandos</span> <span class='ocrx_word' id='word_1_49' title='bbox 847 1215 985 1281; x_wconf 79' lang='lat' dir='ltr'>adducit</span> <span class='ocrx_word' id='word_1_50' title='bbox 998 1215 1204 1280; x_wconf 80' lang='lat' dir='ltr'>documenta</span> <span class='ocrx_word' id='word_1_51' title='bbox 1218 1219 1253 1279; x_wconf 90' lang='lat' dir='ltr'>et</span> <span class='ocrx_word' id='word_1_52' title='bbox 1266 1219 1383 1280; x_wconf 89' lang='lat' dir='ltr'>testes.</span> 
     </span>
     <span class='ocr_line' id='line_1_7' title="bbox 207 1321 1386 1408; baseline 0.001 -21"><span class='ocrx_word' id='word_1_53' title='bbox 207 1322 298 1388; x_wconf 80' lang='lat' dir='ltr'>Fidei</span> <span class='ocrx_word' id='word_1_54' title='bbox 325 1329 504 1408; x_wconf 87' lang='lat' dir='ltr'>promotor</span> <span class='ocrx_word' id='word_1_55' title='bbox 512 1324 784 1406; x_wconf 80' lang='lat' dir='ltr'>interrogatoria</span> <span class='ocrx_word' id='word_1_56' title='bbox 806 1325 981 1408; x_wconf 87' lang='lat' dir='ltr'>oomponit</span> <span class='ocrx_word' id='word_1_57' title='bbox 1002 1341 1105 1408; x_wconf 87' lang='lat' dir='ltr'>super</span> <span class='ocrx_word' id='word_1_58' title='bbox 1125 1321 1274 1388; x_wconf 78' lang='lat' dir='ltr'>articulis</span> <span class='ocrx_word' id='word_1_59' title='bbox 1300 1339 1386 1407; x_wconf 88' lang='lat' dir='ltr'>quos</span> 
     </span>
     <span class='ocr_line' id='line_1_8' title="bbox 206 1429 683 1516; baseline 0 -20"><span class='ocrx_word' id='word_1_60' title='bbox 206 1447 318 1496; x_wconf 83' lang='lat' dir='ltr'>oausae</span> <span class='ocrx_word' id='word_1_61' title='bbox 332 1429 524 1516; x_wconf 88' lang='lat' dir='ltr'>postulator</span> <span class='ocrx_word' id='word_1_62' title='bbox 536 1431 683 1496; x_wconf 81' lang='lat' dir='ltr'>exhibet.</span> 
     </span>
    </p>

    <p class='ocr_par' dir='ltr' id='par_1_3' title="bbox 206 1539 1388 2498">
     <span class='ocr_line' id='line_1_9' title="bbox 248 1539 1388 1626; baseline 0.003 -22"><span class='ocrx_word' id='word_1_63' title='bbox 248 1539 277 1622; x_wconf 83' lang='lat' dir='ltr'>b)</span> <span class='ocrx_word' id='word_1_64' title='bbox 294 1539 363 1620; x_wconf 81' lang='lat' dir='ltr'>Qui</span> <span class='ocrx_word' id='word_1_65' title='bbox 370 1541 486 1622; x_wconf 76' lang='lat' dir='ltr'>lacere</span> <span class='ocrx_word' id='word_1_66' title='bbox 493 1540 627 1625; x_wconf 80' lang='lat' dir='ltr'>possint</span> <span class='ocrx_word' id='word_1_67' title='bbox 645 1541 838 1626; x_wconf 73' lang='lat' dir='ltr'>positiones,</span> <span class='ocrx_word' id='word_1_68' title='bbox 855 1547 888 1604; x_wconf 89' lang='lat' dir='ltr'>et</span> <span class='ocrx_word' id='word_1_69' title='bbox 894 1557 1084 1625; x_wconf 79' lang='lat' dir='ltr'>proponere</span> <span class='ocrx_word' id='word_1_70' title='bbox 1098 1539 1388 1625; x_wconf 75' lang='lat' dir='ltr'>interropaton&#39;a?</span> 
     </span>
     <span class='ocr_line' id='line_1_10' title="bbox 208 1647 1384 1733; baseline 0.002 -20"><span class='ocrx_word' id='word_1_71' title='bbox 208 1650 240 1713; x_wconf 72' lang='grc' dir='ltr'>1ο</span> <span class='ocrx_word' id='word_1_72' title='bbox 263 1648 472 1714; x_wconf 88' lang='lat' dir='ltr'>Positionem</span> <span class='ocrx_word' id='word_1_73' title='bbox 483 1649 593 1714; x_wconf 73' lang='lat' dir='ltr'>faeere</span> <span class='ocrx_word' id='word_1_74' title='bbox 609 1653 733 1733; x_wconf 91' lang='lat' dir='ltr'>potest,</span> <span class='ocrx_word' id='word_1_75' title='bbox 750 1666 821 1713; x_wconf 89' lang='lat' dir='ltr'>uon</span> <span class='ocrx_word' id='word_1_76' title='bbox 840 1647 945 1714; x_wconf 91' lang='lat' dir='ltr'>modo</span> <span class='ocrx_word' id='word_1_77' title='bbox 959 1651 1063 1725; x_wconf 89' lang='lat' dir='ltr'>aotor,</span> <span class='ocrx_word' id='word_1_78' title='bbox 1088 1647 1148 1714; x_wconf 88' lang='lat' dir='ltr'>sed</span> <span class='ocrx_word' id='word_1_79' title='bbox 1171 1649 1275 1714; x_wconf 84' lang='lat' dir='ltr'>etiam</span> <span class='ocrx_word' id='word_1_80' title='bbox 1292 1668 1384 1728; x_wconf 89' lang='lat' dir='ltr'>reus,</span> 
     </span>
     <span class='ocr_line' id='line_1_11' title="bbox 208 1756 1387 1841; baseline 0.001 -20"><span class='ocrx_word' id='word_1_81' title='bbox 208 1757 279 1822; x_wconf 89' lang='lat' dir='ltr'>siis</span> <span class='ocrx_word' id='word_1_82' title='bbox 303 1758 339 1820; x_wconf 92' lang='lat' dir='ltr'>in</span> <span class='ocrx_word' id='word_1_83' title='bbox 351 1757 527 1841; x_wconf 90' lang='lat' dir='ltr'>probando</span> <span class='ocrx_word' id='word_1_84' title='bbox 550 1756 717 1822; x_wconf 85' lang='lat' dir='ltr'>sustineat</span> <span class='ocrx_word' id='word_1_85' title='bbox 739 1757 832 1822; x_wconf 80' lang='lat' dir='ltr'>vises</span> <span class='ocrx_word' id='word_1_86' title='bbox 854 1756 978 1822; x_wconf 81' lang='lat' dir='ltr'>sotoris</span> <span class='ocrx_word' id='word_1_87' title='bbox 997 1757 1036 1840; x_wconf 89' lang='lat' dir='ltr'>(e.</span> <span class='ocrx_word' id='word_1_88' title='bbox 1058 1757 1124 1821; x_wconf 73' lang='lat' dir='ltr'>sb.</span> <span class='ocrx_word' id='word_1_89' title='bbox 1139 1761 1162 1821; x_wconf 92' lang='lat' dir='ltr'>t.</span> <span class='ocrx_word' id='word_1_90' title='bbox 1180 1757 1216 1821; x_wconf 91' lang='lat' dir='ltr'>in</span> <span class='ocrx_word' id='word_1_91' title='bbox 1229 1757 1262 1821; x_wconf 73' lang='grc' dir='ltr'>6ο</span> <span class='ocrx_word' id='word_1_92' title='bbox 1275 1761 1310 1822; x_wconf 90' lang='lat' dir='ltr'>et</span> <span class='ocrx_word' id='word_1_93' title='bbox 1322 1758 1387 1822; x_wconf 71' lang='lat' dir='ltr'>ei</span> 
     </span>
     <span class='ocr_line' id='line_1_12' title="bbox 207 1864 1384 1950; baseline 0.001 -19"><span class='ocrx_word' id='word_1_94' title='bbox 207 1867 250 1931; x_wconf 84' lang='lat' dir='ltr'>de</span> <span class='ocrx_word' id='word_1_95' title='bbox 265 1866 414 1932; x_wconf 69' lang='lat' dir='ltr'>testibus</span> <span class='ocrx_word' id='word_1_96' title='bbox 434 1865 470 1930; x_wconf 92' lang='lat' dir='ltr'>in</span> <span class='ocrx_word' id='word_1_97' title='bbox 484 1866 539 1946; x_wconf 64' lang='grc' dir='ltr'>θ’).</span> <span class='ocrx_word' id='word_1_98' title='bbox 555 1864 621 1930; x_wconf 88' lang='lat' dir='ltr'>Sed</span> <span class='ocrx_word' id='word_1_99' title='bbox 638 1865 744 1950; x_wconf 86' lang='lat' dir='ltr'>judiei</span> <span class='ocrx_word' id='word_1_100' title='bbox 766 1865 829 1930; x_wconf 89' lang='lat' dir='ltr'>soli</span> <span class='ocrx_word' id='word_1_101' title='bbox 847 1865 1109 1948; x_wconf 81' lang='lat' dir='ltr'>interrogatoria</span> <span class='ocrx_word' id='word_1_102' title='bbox 1127 1865 1384 1949; x_wconf 87' lang='lat' dir='ltr'>permittuntur,</span> 
     </span>
     <span class='ocr_line' id='line_1_13' title="bbox 207 1971 1388 2058; baseline 0.003 -21"><span class='ocrx_word' id='word_1_103' title='bbox 207 1991 278 2038; x_wconf 91' lang='lat' dir='ltr'>neu</span> <span class='ocrx_word' id='word_1_104' title='bbox 299 1991 382 2040; x_wconf 85' lang='lat' dir='ltr'>vero</span> <span class='ocrx_word' id='word_1_105' title='bbox 397 1973 596 2058; x_wconf 79' lang='lat' dir='ltr'>positiones.</span> <span class='ocrx_word' id='word_1_106' title='bbox 613 1973 705 2038; x_wconf 88' lang='lat' dir='ltr'>Reus</span> <span class='ocrx_word' id='word_1_107' title='bbox 726 1978 861 2038; x_wconf 88' lang='lat' dir='ltr'>tenetur</span> <span class='ocrx_word' id='word_1_108' title='bbox 874 1971 1083 2057; x_wconf 88' lang='lat' dir='ltr'>respondere</span> <span class='ocrx_word' id='word_1_109' title='bbox 1097 1973 1335 2057; x_wconf 87' lang='lat' dir='ltr'>positionibus,</span> <span class='ocrx_word' id='word_1_110' title='bbox 1353 1979 1388 2040; x_wconf 87' lang='lat' dir='ltr'>ot</span> 
     </span>
     <span class='ocr_line' id='line_1_14' title="bbox 206 2079 1385 2166; baseline 0.003 -21"><span class='ocrx_word' id='word_1_111' title='bbox 206 2081 236 2145; x_wconf 89' lang='lat' dir='ltr'>si</span> <span class='ocrx_word' id='word_1_112' title='bbox 251 2100 272 2146; x_wconf 86' lang='lat' dir='ltr'>a</span> <span class='ocrx_word' id='word_1_113' title='bbox 287 2081 403 2165; x_wconf 84' lang='lat' dir='ltr'>judice</span> <span class='ocrx_word' id='word_1_114' title='bbox 419 2083 538 2165; x_wconf 73' lang='lat' dir='ltr'>iussus</span> <span class='ocrx_word' id='word_1_115' title='bbox 552 2084 688 2147; x_wconf 89' lang='lat' dir='ltr'>reouset</span> <span class='ocrx_word' id='word_1_116' title='bbox 701 2082 831 2166; x_wconf 78' lang='lat' dir='ltr'>absque</span> <span class='ocrx_word' id='word_1_117' title='bbox 843 2079 1035 2148; x_wconf 78' lang='lat' dir='ltr'>rationabili</span> <span class='ocrx_word' id='word_1_118' title='bbox 1048 2099 1152 2147; x_wconf 85' lang='lat' dir='ltr'>eausa</span> <span class='ocrx_word' id='word_1_119' title='bbox 1165 2082 1385 2166; x_wconf 87' lang='lat' dir='ltr'>respondere,</span> 
     </span>
     <span class='ocr_line' id='line_1_15' title="bbox 206 2189 1388 2273; baseline 0 -19"><span class='ocrx_word' id='word_1_120' title='bbox 206 2207 268 2273; x_wconf 91' lang='lat' dir='ltr'>pro</span> <span class='ocrx_word' id='word_1_121' title='bbox 283 2190 441 2254; x_wconf 87' lang='lat' dir='ltr'>oentesso</span> <span class='ocrx_word' id='word_1_122' title='bbox 451 2189 608 2266; x_wconf 88' lang='lat' dir='ltr'>babetur,</span> <span class='ocrx_word' id='word_1_123' title='bbox 625 2189 746 2254; x_wconf 86' lang='lat' dir='ltr'>saitem</span> <span class='ocrx_word' id='word_1_124' title='bbox 758 2190 794 2254; x_wconf 91' lang='lat' dir='ltr'>iu</span> <span class='ocrx_word' id='word_1_125' title='bbox 809 2189 965 2254; x_wconf 88' lang='lat' dir='ltr'>oivilibus</span> <span class='ocrx_word' id='word_1_126' title='bbox 977 2189 1017 2271; x_wconf 87' lang='lat' dir='ltr'>(e.</span> <span class='ocrx_word' id='word_1_127' title='bbox 1033 2189 1099 2252; x_wconf 71' lang='lat' dir='ltr'>th.</span> <span class='ocrx_word' id='word_1_128' title='bbox 1117 2191 1140 2253; x_wconf 91' lang='lat' dir='ltr'>t.</span> <span class='ocrx_word' id='word_1_129' title='bbox 1158 2189 1194 2253; x_wconf 91' lang='lat' dir='ltr'>in</span> <span class='ocrx_word' id='word_1_130' title='bbox 1207 2189 1261 2273; x_wconf 66' lang='grc' dir='ltr'>θ’).</span> <span class='ocrx_word' id='word_1_131' title='bbox 1275 2189 1388 2256; x_wconf 87' lang='lat' dir='ltr'>Semel</span> 
     </span>
     <span class='ocr_line' id='line_1_16' title="bbox 206 2295 1388 2383; baseline 0.002 -21"><span class='ocrx_word' id='word_1_132' title='bbox 206 2303 325 2363; x_wconf 82' lang='lat' dir='ltr'>autem</span> <span class='ocrx_word' id='word_1_133' title='bbox 337 2297 527 2381; x_wconf 84' lang='lat' dir='ltr'>positiones</span> <span class='ocrx_word' id='word_1_134' title='bbox 540 2297 576 2362; x_wconf 92' lang='lat' dir='ltr'>in</span> <span class='ocrx_word' id='word_1_135' title='bbox 591 2297 675 2364; x_wconf 87' lang='lat' dir='ltr'>aetis</span> <span class='ocrx_word' id='word_1_136' title='bbox 688 2298 815 2376; x_wconf 75' lang='lat' dir='ltr'>relatae,</span> <span class='ocrx_word' id='word_1_137' title='bbox 832 2299 869 2362; x_wconf 91' lang='lat' dir='ltr'>in</span> <span class='ocrx_word' id='word_1_138' title='bbox 884 2295 1120 2383; x_wconf 70' lang='lat' dir='ltr'>praejuditium</span> <span class='ocrx_word' id='word_1_139' title='bbox 1136 2295 1276 2362; x_wconf 83' lang='lat' dir='ltr'>atterius</span> <span class='ocrx_word' id='word_1_140' title='bbox 1289 2317 1388 2365; x_wconf 85' lang='lat' dir='ltr'>revo-</span> 
     </span>
     <span class='ocr_line' id='line_1_17' title="bbox 206 2391 1384 2498; baseline -0.003 -26"><span class='ocrx_word' id='word_1_141' title='bbox 206 2407 276 2472; x_wconf 85' lang='lat' dir='ltr'>oau&#39;</span> <span class='ocrx_word' id='word_1_142' title='bbox 301 2409 337 2470; x_wconf 91' lang='lat' dir='ltr'>et</span> <span class='ocrx_word' id='word_1_143' title='bbox 353 2405 480 2498; x_wconf 86' lang='lat' dir='ltr'>mutari</span> <span class='ocrx_word' id='word_1_144' title='bbox 494 2409 681 2490; x_wconf 85' lang='lat' dir='ltr'>nequeunt,</span> <span class='ocrx_word' id='word_1_145' title='bbox 697 2405 763 2472; x_wconf 87' lang='lat' dir='ltr'>nisi</span> <span class='ocrx_word' id='word_1_146' title='bbox 782 2391 1009 2470; x_wconf 77' lang='lat' dir='ltr'>mutationem</span> <span class='ocrx_word' id='word_1_147' title='bbox 1029 2403 1172 2470; x_wconf 86' lang='lat' dir='ltr'>suadeat</span> <span class='ocrx_word' id='word_1_148' title='bbox 1184 2423 1279 2470; x_wconf 91' lang='lat' dir='ltr'>error</span> <span class='ocrx_word' id='word_1_149' title='bbox 1294 2405 1384 2471; x_wconf 89' lang='lat' dir='ltr'>iaoti.</span> 
     </span>
    </p>

    <p class='ocr_par' dir='ltr' id='par_1_4' title="bbox 122 2511 1477 3249">
     <span class='ocr_line' id='line_1_18' title="bbox 248 2511 1384 2600; baseline 0.001 -22"><span class='ocrx_word' id='word_1_150' title='bbox 248 2514 280 2578; x_wconf 76' lang='lat'>2·</span> <span class='ocrx_word' id='word_1_151' title='bbox 294 2511 558 2595; x_wconf 81' lang='lat' dir='ltr'>interrogatoria</span> <span class='ocrx_word' id='word_1_152' title='bbox 571 2531 762 2597; x_wconf 85' lang='lat' dir='ltr'>proponere</span> <span class='ocrx_word' id='word_1_153' title='bbox 778 2513 879 2579; x_wconf 87' lang='lat' dir='ltr'>debet</span> <span class='ocrx_word' id='word_1_154' title='bbox 890 2513 1008 2598; x_wconf 86' lang='lat' dir='ltr'>judex,</span> <span class='ocrx_word' id='word_1_155' title='bbox 1021 2515 1057 2579; x_wconf 92' lang='lat' dir='ltr'>in</span> <span class='ocrx_word' id='word_1_156' title='bbox 1066 2515 1185 2598; x_wconf 91' lang='lat' dir='ltr'>primis</span> <span class='ocrx_word' id='word_1_157' title='bbox 1199 2514 1384 2600; x_wconf 69' lang='lat' dir='ltr'>petieratis,</span> 
     </span>
     <span class='ocr_line' id='line_1_19' title="bbox 205 2621 1387 2706; baseline 0 -20"><span class='ocrx_word' id='word_1_158' title='bbox 205 2641 240 2686; x_wconf 89' lang='lat' dir='ltr'>v.</span> <span class='ocrx_word' id='word_1_159' title='bbox 256 2641 290 2704; x_wconf 78' lang='lat' dir='ltr'>g.</span> <span class='ocrx_word' id='word_1_160' title='bbox 302 2621 571 2706; x_wconf 88' lang='lat' dir='ltr'>eujusnominis,</span> <span class='ocrx_word' id='word_1_161' title='bbox 587 2622 708 2699; x_wconf 83' lang='lat' dir='ltr'>aetatis,</span> <span class='ocrx_word' id='word_1_162' title='bbox 723 2621 939 2698; x_wconf 78' lang='lat' dir='ltr'>conditionis,</span> <span class='ocrx_word' id='word_1_163' title='bbox 957 2623 1020 2687; x_wconf 88' lang='lat' dir='ltr'>eto.</span> <span class='ocrx_word' id='word_1_164' title='bbox 1037 2623 1082 2686; x_wconf 92' lang='lat' dir='ltr'>sit</span> <span class='ocrx_word' id='word_1_165' title='bbox 1097 2641 1177 2686; x_wconf 87' lang='lat' dir='ltr'>reus</span> <span class='ocrx_word' id='word_1_166' title='bbox 1191 2621 1247 2688; x_wconf 87' lang='lat' dir='ltr'>vel</span> <span class='ocrx_word' id='word_1_167' title='bbox 1265 2622 1387 2686; x_wconf 80' lang='lat' dir='ltr'>testis?</span> 
     </span>
     <span class='ocr_line' id='line_1_20' title="bbox 122 2729 1387 2813; baseline -0.002 -15"><span class='ocrx_word' id='word_1_168' title='bbox 122 2781 129 2798; x_wconf 82' lang='grc'>,</span> <span class='ocrx_word' id='word_1_169' title='bbox 206 2747 253 2796; x_wconf 85' lang='lat' dir='ltr'>au</span> <span class='ocrx_word' id='word_1_170' title='bbox 267 2729 364 2795; x_wconf 88' lang='lat' dir='ltr'>testis</span> <span class='ocrx_word' id='word_1_171' title='bbox 378 2730 422 2794; x_wconf 92' lang='lat' dir='ltr'>sit</span> <span class='ocrx_word' id='word_1_172' title='bbox 434 2729 639 2796; x_wconf 87' lang='lat' dir='ltr'>subornatus</span> <span class='ocrx_word' id='word_1_173' title='bbox 654 2729 711 2795; x_wconf 89' lang='lat' dir='ltr'>vel</span> <span class='ocrx_word' id='word_1_174' title='bbox 729 2730 817 2813; x_wconf 87' lang='lat' dir='ltr'>parti</span> <span class='ocrx_word' id='word_1_175' title='bbox 840 2729 1150 2796; x_wconf 81' lang='lat' dir='ltr'>inimiousiPostea</span> <span class='ocrx_word' id='word_1_176' title='bbox 1160 2730 1334 2795; x_wconf 86' lang='lat' dir='ltr'>deseendit</span> <span class='ocrx_word' id='word_1_177' title='bbox 1343 2731 1387 2796; x_wconf 90' lang='lat' dir='ltr'>ad</span> 
     </span>
     <span class='ocr_line' id='line_1_21' title="bbox 206 2837 1388 2924; baseline 0.002 -22"><span class='ocrx_word' id='word_1_178' title='bbox 206 2837 366 2922; x_wconf 75' lang='lat' dir='ltr'>specialia</span> <span class='ocrx_word' id='word_1_179' title='bbox 387 2857 431 2903; x_wconf 88' lang='lat' dir='ltr'>ex</span> <span class='ocrx_word' id='word_1_180' title='bbox 453 2838 528 2922; x_wconf 90' lang='lat' dir='ltr'>ipso</span> <span class='ocrx_word' id='word_1_181' title='bbox 548 2839 639 2904; x_wconf 86' lang='lat' dir='ltr'>iaoto</span> <span class='ocrx_word' id='word_1_182' title='bbox 655 2842 878 2904; x_wconf 87' lang='lat' dir='ltr'>ooutroverso</span> <span class='ocrx_word' id='word_1_183' title='bbox 893 2841 1037 2924; x_wconf 85' lang='lat' dir='ltr'>ejusque</span> <span class='ocrx_word' id='word_1_184' title='bbox 1052 2837 1315 2904; x_wconf 77' lang='lat' dir='ltr'>circumstantiis</span> <span class='ocrx_word' id='word_1_185' title='bbox 1330 2839 1388 2904; x_wconf 93' lang='lat' dir='ltr'>de-</span> 
     </span>
     <span class='ocr_line' id='line_1_22' title="bbox 206 2945 1477 3030; baseline 0.002 -20"><span class='ocrx_word' id='word_1_186' title='bbox 206 2950 345 3030; x_wconf 85' lang='lat' dir='ltr'>sumpta</span> <span class='ocrx_word' id='word_1_187' title='bbox 366 2949 405 3024; x_wconf 88' lang='lat' dir='ltr'>(e.</span> <span class='ocrx_word' id='word_1_188' title='bbox 431 2946 470 3010; x_wconf 80' lang='lat'>37</span> <span class='ocrx_word' id='word_1_189' title='bbox 493 2946 534 3010; x_wconf 83' lang='lat' dir='ltr'>de</span> <span class='ocrx_word' id='word_1_190' title='bbox 558 2945 666 3030; x_wconf 62' lang='lat' dir='ltr'>Testa.</span> <span class='ocrx_word' id='word_1_191' title='bbox 689 2947 882 3012; x_wconf 86' lang='lat' dir='ltr'>Generatim</span> <span class='ocrx_word' id='word_1_192' title='bbox 896 2945 1168 3027; x_wconf 79' lang='lat' dir='ltr'>interrogatoria</span> <span class='ocrx_word' id='word_1_193' title='bbox 1192 2947 1386 3030; x_wconf 78' lang='lat' dir='ltr'>suppestioa</span> <span class='ocrx_word' id='word_1_194' title='bbox 1476 2985 1477 2992; x_wconf 24' lang='grc' dir='ltr'><strong>κ</strong></span> 
     </span>
     <span class='ocr_line' id='line_1_23' title="bbox 204 3037 1429 3138; baseline 0.001 -20"><span class='ocrx_word' id='word_1_195' title='bbox 204 3053 305 3119; x_wconf 79' lang='lat' dir='ltr'>vitan</span> <span class='ocrx_word' id='word_1_196' title='bbox 320 3053 446 3119; x_wconf 88' lang='lat' dir='ltr'>debent</span> <span class='ocrx_word' id='word_1_197' title='bbox 459 3042 480 3119; x_wconf 92' lang='lat' dir='ltr'>a</span> <span class='ocrx_word' id='word_1_198' title='bbox 491 3053 606 3138; x_wconf 83' lang='lat' dir='ltr'>judioe</span> <span class='ocrx_word' id='word_1_199' title='bbox 623 3074 630 3117; x_wconf 91' lang='lat'><strong>:</strong></span> <span class='ocrx_word' id='word_1_200' title='bbox 647 3073 726 3120; x_wconf 90' lang='lat' dir='ltr'>eum</span> <span class='ocrx_word' id='word_1_201' title='bbox 740 3073 801 3138; x_wconf 89' lang='lat' dir='ltr'>per</span> <span class='ocrx_word' id='word_1_202' title='bbox 814 3053 872 3120; x_wconf 88' lang='lat' dir='ltr'>itta</span> <span class='ocrx_word' id='word_1_203' title='bbox 881 3053 991 3137; x_wconf 84' lang='lat' dir='ltr'>judex</span> <span class='ocrx_word' id='word_1_204' title='bbox 1005 3057 1168 3138; x_wconf 77' lang='lat' dir='ltr'>suggerat</span> <span class='ocrx_word' id='word_1_205' title='bbox 1192 3053 1273 3138; x_wconf 89' lang='lat' dir='ltr'>quid</span> <span class='ocrx_word' id='word_1_206' title='bbox 1288 3055 1385 3119; x_wconf 89' lang='lat' dir='ltr'>testis</span> <span class='ocrx_word' id='word_1_207' title='bbox 1427 3037 1429 3042; x_wconf 40' lang='lat'>¹</span> 
     </span>
     <span class='ocr_line' id='line_1_24' title="bbox 206 3161 869 3249; baseline 0.006 -23"><span class='ocrx_word' id='word_1_208' title='bbox 206 3161 416 3246; x_wconf 86' lang='lat' dir='ltr'>respondere</span> <span class='ocrx_word' id='word_1_209' title='bbox 427 3161 559 3242; x_wconf 84' lang='lat' dir='ltr'>debeat,</span> <span class='ocrx_word' id='word_1_210' title='bbox 576 3167 658 3228; x_wconf 89' lang='lat' dir='ltr'>sunt</span> <span class='ocrx_word' id='word_1_211' title='bbox 669 3164 869 3249; x_wconf 75' lang='lat' dir='ltr'>perniciosa.</span> 
     </span>
    </p>
   </div>
   <div class='ocr_carea' id='block_1_3' title="bbox 638 3547 950 3624">
    <p class='ocr_par' dir='ltr' id='par_1_5' title="bbox 638 3547 950 3624">
     <span class='ocr_line' id='line_1_25' title="bbox 638 3547 950 3624; baseline 0.013 -4"><span class='ocrx_word' id='word_1_212' title='bbox 638 3547 824 3622; x_wconf 87' lang='lat' dir='ltr'>TITULUS</span> <span class='ocrx_word' id='word_1_213' title='bbox 855 3547 950 3624; x_wconf 87' lang='lat' dir='ltr'>XIX.</span> 
     </span>
    </p>
   </div>
   <div class='ocr_carea' id='block_1_4' title="bbox 486 3707 1006 3790">
    <p class='ocr_par' dir='ltr' id='par_1_6' title="bbox 486 3707 1006 3790">
     <span class='ocr_line' id='line_1_26' title="bbox 486 3707 1006 3790; baseline 0.004 -23"><span class='ocrx_word' id='word_1_214' title='bbox 486 3775 489 3784; x_wconf 56' lang='grc'>,</span> <span class='ocrx_word' id='word_1_215' title='bbox 581 3723 624 3768; x_wconf 83' lang='lat' dir='ltr'>ua</span> <span class='ocrx_word' id='word_1_216' title='bbox 649 3723 933 3772; x_wconf 80' lang='lat' dir='ltr'>raoaarrouusus</span> <span class='ocrx_word' id='word_1_217' title='bbox 953 3707 1006 3790; x_wconf 75' lang='lat' dir='ltr'>(i).</span> 
     </span>
    </p>
   </div>
   <div class='ocr_carea' id='block_1_5' title="bbox 204 4027 1386 4658">
    <p class='ocr_par' dir='ltr' id='par_1_7' title="bbox 204 4027 1386 4658">
     <span class='ocr_line' id='line_1_27' title="bbox 246 4027 1385 4116; baseline 0.004 -24"><span class='ocrx_word' id='word_1_218' title='bbox 246 4028 341 4092; x_wconf 76' lang='lat' dir='ltr'>Nora.</span> <span class='ocrx_word' id='word_1_219' title='bbox 357 4027 441 4092; x_wconf 87' lang='lat' dir='ltr'>Gom</span> <span class='ocrx_word' id='word_1_220' title='bbox 454 4045 530 4094; x_wconf 87' lang='lat' dir='ltr'>rara</span> <span class='ocrx_word' id='word_1_221' title='bbox 545 4029 590 4093; x_wconf 88' lang='lat' dir='ltr'>sit</span> <span class='ocrx_word' id='word_1_222' title='bbox 601 4030 771 4096; x_wconf 86' lang='lat' dir='ltr'>eauiessie</span> <span class='ocrx_word' id='word_1_223' title='bbox 781 4029 831 4094; x_wconf 88' lang='lat' dir='ltr'>rei</span> <span class='ocrx_word' id='word_1_224' title='bbox 846 4029 960 4114; x_wconf 89' lang='lat' dir='ltr'>quoad</span> <span class='ocrx_word' id='word_1_225' title='bbox 974 4031 1090 4096; x_wconf 90' lang='lat' dir='ltr'>omnia</span> <span class='ocrx_word' id='word_1_226' title='bbox 1103 4050 1178 4116; x_wconf 86' lang='lat' dir='ltr'>quae</span> <span class='ocrx_word' id='word_1_227' title='bbox 1193 4033 1287 4097; x_wconf 85' lang='lat' dir='ltr'>aeter</span> <span class='ocrx_word' id='word_1_228' title='bbox 1299 4032 1385 4116; x_wconf 91' lang='lat' dir='ltr'>petit</span> 
     </span>
     <span class='ocr_line' id='line_1_28' title="bbox 205 4137 1386 4222; baseline 0.003 -21"><span class='ocrx_word' id='word_1_229' title='bbox 205 4137 261 4202; x_wconf 87' lang='lat' dir='ltr'>vel</span> <span class='ocrx_word' id='word_1_230' title='bbox 276 4155 422 4222; x_wconf 86' lang='lat' dir='ltr'>quorum</span> <span class='ocrx_word' id='word_1_231' title='bbox 436 4141 624 4214; x_wconf 85' lang='lat' dir='ltr'>eeeusatur,</span> <span class='ocrx_word' id='word_1_232' title='bbox 640 4137 896 4221; x_wconf 73' lang='lat' dir='ltr'>procedendum</span> <span class='ocrx_word' id='word_1_233' title='bbox 911 4143 964 4202; x_wconf 89' lang='lat' dir='ltr'>est</span> <span class='ocrx_word' id='word_1_234' title='bbox 977 4139 1020 4204; x_wconf 87' lang='lat' dir='ltr'>ad</span> <span class='ocrx_word' id='word_1_235' title='bbox 1034 4139 1267 4222; x_wconf 84' lang='lat' dir='ltr'>probationes.</span> <span class='ocrx_word' id='word_1_236' title='bbox 1282 4141 1386 4205; x_wconf 83' lang='lat' dir='ltr'>Actor</span> 
     </span>
     <span class='ocr_line' id='line_1_29' title="bbox 206 4239 1385 4330; baseline 0.004 -21"><span class='ocrx_word' id='word_1_237' title='bbox 206 4243 301 4310; x_wconf 89' lang='lat' dir='ltr'>enim</span> <span class='ocrx_word' id='word_1_238' title='bbox 320 4245 465 4328; x_wconf 84' lang='lat' dir='ltr'>probare</span> <span class='ocrx_word' id='word_1_239' title='bbox 485 4244 586 4311; x_wconf 89' lang='lat' dir='ltr'>debat</span> <span class='ocrx_word' id='word_1_240' title='bbox 605 4245 793 4330; x_wconf 88' lang='lat' dir='ltr'>positiones</span> <span class='ocrx_word' id='word_1_241' title='bbox 809 4239 895 4330; x_wconf 85' lang='lat' dir='ltr'>quas</span> <span class='ocrx_word' id='word_1_242' title='bbox 909 4265 989 4311; x_wconf 86' lang='lat' dir='ltr'>reus</span> <span class='ocrx_word' id='word_1_243' title='bbox 1002 4251 1107 4329; x_wconf 79' lang='lat' dir='ltr'>negat</span> <span class='ocrx_word' id='word_1_244' title='bbox 1120 4265 1182 4311; x_wconf 88' lang='lat' dir='ltr'>seu</span> <span class='ocrx_word' id='word_1_245' title='bbox 1195 4266 1265 4312; x_wconf 92' lang='lat' dir='ltr'>non</span> <span class='ocrx_word' id='word_1_246' title='bbox 1279 4251 1385 4314; x_wconf 84' lang='lat' dir='ltr'>eonii-</span> 
     </span>
     <span class='ocr_line' id='line_1_30' title="bbox 206 4353 1381 4441; baseline 0.005 -24"><span class='ocrx_word' id='word_1_247' title='bbox 206 4357 308 4420; x_wconf 87' lang='lat' dir='ltr'>tstur.</span> <span class='ocrx_word' id='word_1_248' title='bbox 321 4353 479 4420; x_wconf 87' lang='lat' dir='ltr'>Probatio</span> <span class='ocrx_word' id='word_1_249' title='bbox 488 4353 546 4420; x_wconf 87' lang='lat' dir='ltr'>illa</span> <span class='ocrx_word' id='word_1_250' title='bbox 559 4355 633 4419; x_wconf 87' lang='lat' dir='ltr'>iteri</span> <span class='ocrx_word' id='word_1_251' title='bbox 647 4358 761 4438; x_wconf 90' lang='lat' dir='ltr'>potest</span> <span class='ocrx_word' id='word_1_252' title='bbox 773 4354 1024 4439; x_wconf 85' lang='lat' dir='ltr'>multiplieiter:</span> <span class='ocrx_word' id='word_1_253' title='bbox 1038 4375 1101 4439; x_wconf 89' lang='lat' dir='ltr'>per</span> <span class='ocrx_word' id='word_1_254' title='bbox 1114 4358 1231 4434; x_wconf 89' lang='lat' dir='ltr'>testes,</span> <span class='ocrx_word' id='word_1_255' title='bbox 1255 4377 1318 4441; x_wconf 91' lang='lat' dir='ltr'>per</span> <span class='ocrx_word' id='word_1_256' title='bbox 1331 4358 1381 4423; x_wconf 91' lang='lat' dir='ltr'>in-</span> 
     </span>
     <span class='ocr_line' id='line_1_31' title="bbox 206 4462 1383 4548; baseline 0.005 -22"><span class='ocrx_word' id='word_1_257' title='bbox 206 4467 408 4540; x_wconf 83' lang='lat' dir='ltr'>strumenta,</span> <span class='ocrx_word' id='word_1_258' title='bbox 420 4462 476 4528; x_wconf 92' lang='lat' dir='ltr'>vel</span> <span class='ocrx_word' id='word_1_259' title='bbox 492 4482 536 4528; x_wconf 85' lang='lat' dir='ltr'>ex</span> <span class='ocrx_word' id='word_1_260' title='bbox 546 4463 880 4547; x_wconf 83' lang='lat' dir='ltr'>praesumptionibus,</span> <span class='ocrx_word' id='word_1_261' title='bbox 893 4465 1157 4546; x_wconf 76' lang='lat' dir='ltr'>autiuremento</span> <span class='ocrx_word' id='word_1_262' title='bbox 1174 4465 1383 4548; x_wconf 83' lang='lat' dir='ltr'>suppletorio</span> 
     </span>
     <span class='ocr_line' id='line_1_32' title="bbox 204 4570 1383 4658; baseline 0.002 -21"><span class='ocrx_word' id='word_1_263' title='bbox 204 4571 416 4656; x_wconf 88' lang='lat' dir='ltr'>probationis</span> <span class='ocrx_word' id='word_1_264' title='bbox 441 4570 511 4638; x_wconf 89' lang='lat' dir='ltr'>:de</span> <span class='ocrx_word' id='word_1_265' title='bbox 535 4571 601 4636; x_wconf 91' lang='lat' dir='ltr'>illis</span> <span class='ocrx_word' id='word_1_266' title='bbox 624 4573 727 4638; x_wconf 84' lang='lat' dir='ltr'>variis</span> <span class='ocrx_word' id='word_1_267' title='bbox 749 4573 926 4656; x_wconf 90' lang='lat' dir='ltr'>speoiebus</span> <span class='ocrx_word' id='word_1_268' title='bbox 948 4573 1189 4658; x_wconf 89' lang='lat' dir='ltr'>probationum</span> <span class='ocrx_word' id='word_1_269' title='bbox 1211 4574 1323 4657; x_wconf 80' lang='lat' dir='ltr'>agitur</span> <span class='ocrx_word' id='word_1_270' title='bbox 1347 4575 1383 4640; x_wconf 92' lang='lat' dir='ltr'>in</span> 
     </span>
    </p>
   </div>
   <div class='ocr_carea' id='block_1_6' title="bbox 205 4729 1381 4877">
    <p class='ocr_par' dir='ltr' id='par_1_8' title="bbox 205 4729 1381 4877">
     <span class='ocr_line' id='line_1_33' title="bbox 238 4729 1381 4798; baseline 0.001 -15"><span class='ocrx_word' id='word_1_271' title='bbox 238 4731 274 4794; x_wconf 86' lang='lat' dir='ltr'>(t)</span> <span class='ocrx_word' id='word_1_272' title='bbox 288 4731 327 4783; x_wconf 82' lang='lat' dir='ltr'>De</span> <span class='ocrx_word' id='word_1_273' title='bbox 341 4730 385 4782; x_wconf 89' lang='lat' dir='ltr'>bis</span> <span class='ocrx_word' id='word_1_274' title='bbox 397 4729 485 4798; x_wconf 74' lang='lat' dir='ltr'>agitur</span> <span class='ocrx_word' id='word_1_275' title='bbox 505 4734 532 4782; x_wconf 79' lang='lat'>1⁰</span> <span class='ocrx_word' id='word_1_276' title='bbox 549 4731 578 4782; x_wconf 87' lang='lat' dir='ltr'>in</span> <span class='ocrx_word' id='word_1_277' title='bbox 594 4731 731 4796; x_wconf 80' lang='lat' dir='ltr'>Pendeat,</span> <span class='ocrx_word' id='word_1_278' title='bbox 743 4730 789 4782; x_wconf 90' lang='lat' dir='ltr'>lib.</span> <span class='ocrx_word' id='word_1_279' title='bbox 805 4731 881 4795; x_wconf 85' lang='lat' dir='ltr'>xxu,</span> <span class='ocrx_word' id='word_1_280' title='bbox 896 4732 937 4784; x_wconf 89' lang='lat' dir='ltr'>tit.</span> <span class='ocrx_word' id='word_1_281' title='bbox 953 4745 1000 4797; x_wconf 84' lang='lat'>1¹13</span> <span class='ocrx_word' id='word_1_282' title='bbox 1016 4733 1045 4784; x_wconf 89' lang='lat' dir='ltr'>tu</span> <span class='ocrx_word' id='word_1_283' title='bbox 1059 4733 1134 4796; x_wconf 76' lang='lat' dir='ltr'>cod..</span> <span class='ocrx_word' id='word_1_284' title='bbox 1147 4732 1193 4785; x_wconf 92' lang='lat' dir='ltr'>lib.</span> <span class='ocrx_word' id='word_1_285' title='bbox 1208 4733 1250 4798; x_wconf 83' lang='lat' dir='ltr'>iv,</span> <span class='ocrx_word' id='word_1_286' title='bbox 1265 4733 1305 4784; x_wconf 84' lang='lat' dir='ltr'>tit.</span> <span class='ocrx_word' id='word_1_287' title='bbox 1319 4745 1381 4796; x_wconf 63' lang='grc' dir='ltr'>ιω</span> 
     </span>
     <span class='ocr_line' id='line_1_34' title="bbox 205 4810 1030 4877; baseline 0.001 -13"><span class='ocrx_word' id='word_1_288' title='bbox 205 4815 233 4865; x_wconf 82' lang='lat'>2·</span> <span class='ocrx_word' id='word_1_289' title='bbox 249 4812 277 4862; x_wconf 89' lang='lat' dir='ltr'>in</span> <span class='ocrx_word' id='word_1_290' title='bbox 288 4810 351 4876; x_wconf 78' lang='lat' dir='ltr'>iure</span> <span class='ocrx_word' id='word_1_291' title='bbox 365 4811 443 4876; x_wconf 81' lang='lat' dir='ltr'>(tait,</span> <span class='ocrx_word' id='word_1_292' title='bbox 456 4811 555 4877; x_wconf 83' lang='lat' dir='ltr'>passim</span> <span class='ocrx_word' id='word_1_293' title='bbox 570 4811 616 4864; x_wconf 88' lang='lat' dir='ltr'>ubi</span> <span class='ocrx_word' id='word_1_294' title='bbox 630 4811 664 4862; x_wconf 89' lang='lat' dir='ltr'>ds</span> <span class='ocrx_word' id='word_1_295' title='bbox 675 4811 859 4863; x_wconf 86' lang='lat' dir='ltr'>instrumentis</span> <span class='ocrx_word' id='word_1_296' title='bbox 871 4815 899 4864; x_wconf 87' lang='lat' dir='ltr'>et</span> <span class='ocrx_word' id='word_1_297' title='bbox 910 4813 1030 4865; x_wconf 88' lang='lat' dir='ltr'>testibus.</span> 
     </span>
    </p>
   </div>
   <div class='ocr_carea' id='block_1_7' title="bbox 0 0 1756 5566">
    <p class='ocr_par' dir='ltr' id='par_1_9' title="bbox 0 0 1756 5566">
     <span class='ocr_line' id='line_1_35' title="bbox 0 0 1756 5566; baseline 0 0"><span class='ocrx_word' id='word_1_298' title='bbox 0 0 1756 5566; x_wconf 95' lang='lat' dir='ltr'> </span> 
     </span>
    </p>
   </div>
  </div>
 </body>
</html>
