3510 5574
564 590 653 636 arara
674 589 798 637 suarius
819 589 1038 636 naemrnuuu.
1332 573 1389 639 aot

256 708 322 776 Sed
335 710 369 774 2⁰
384 709 526 775 dubium
541 710 696 792 exsurgit
710 710 822 795 quoad
836 714 973 776 curatos
989 729 996 772 :
1013 709 1206 776 eommunis
1222 710 1393 776 sententia

215 821 334 884 contre
347 816 565 883 Gatharinum
579 823 620 882 et·
630 818 797 902 quosdam
810 817 896 883 alios
918 816 1017 883 docet
1030 821 1167 886 curatos
1182 817 1225 883 ad
1242 817 1392 884 residan-

216 927 298 992 tiam
321 927 431 992 teneri
448 930 527 1010 jure
546 927 662 992 divino
681 931 717 991 et
734 925 881 992 naturali
898 947 906 990 ε
924 927 955 990 i⁰
970 927 1049 1011 quia
1068 927 1216 1010 episcopi
1232 929 1267 992 θῖ
1284 924 1396 991 curati

212 1037 290 1117 jure
303 1033 450 1100 naturali
465 1039 501 1100 at
511 1033 627 1122 diuino
642 1039 983 1100 tenenturovessuas
999 1053 1154 1118 pascere;
1170 1033 1261 1119 quod
1275 1038 1391 1118 aperte

214 1147 348 1208 constat
360 1161 403 1208 ex
416 1141 600 1226 Evangelio
611 1161 745 1208 necnon
760 1142 792 1207 S.
808 1143 901 1210 Pauli
912 1143 1079 1227 Epistola,
1094 1161 1229 1209 necnon
1239 1143 1393 1208 innuitur

214 1251 396 1317 aTrident.
414 1251 510 1334 (sess.
527 1252 578 1329 23,
599 1270 628 1316 c.
646 1253 674 1336 l)
697 1274 704 1316 :
725 1278 741 1311 α
764 1251 848 1318 Cum
866 1257 1037 1338 praecepto
1056 1252 1173 1318 divino
1192 1253 1392 1318 mandatum

215 1361 259 1424 sit
280 1360 440 1426 omuibus
460 1359 584 1446 quibua
603 1379 685 1426 cura
704 1363 897 1428 animarum
918 1361 1102 1426 commissa
1125 1365 1187 1437 θεῖ,
1209 1379 1292 1426 oves
1312 1378 1392 1426 suas

214 1488 411 1553 agnoscere,
435 1471 592 1555 exemplo
614 1489 753 1555 pascere
758 1498 852 1536 ......
873 1471 977 1537 Porro
1000 1472 1028 1536 εἰ
1048 1476 1203 1556 pastores
1223 1489 1294 1535 non
1310 1471 1393 1535 resi·

207 1577 328 1656 deant,
341 1597 423 1645 oves
438 1597 518 1644 suas
528 1597 591 1644 nec
605 1597 792 1662 agnoscere
806 1597 870 1644 nec
879 1596 1019 1663 pascere
1032 1583 1188 1664 possunt.
1202 1578 1234 1642 θ’
1246 1577 1393 1656 Quilibet

211 1691 288 1770 jure
313 1687 428 1754 divino
453 1693 488 1752 et
511 1687 656 1754 naturali
684 1692 821 1753 tenetur
841 1688 905 1752 rite
927 1691 1090 1772 praestare
1123 1687 1274 1753 oifloium
1301 1687 1392 1771 quod

215 1797 373 1880 suscepit,
390 1796 559 1880 praecipue
573 1796 709 1881 quando
724 1796 768 1861 ob
783 1796 849 1862 tale
862 1797 1014 1862 osticium
1027 1795 1235 1880 stipendium
1250 1796 1389 1880 accepit.

253 1905 495 1971 Verumtamen
513 1905 751 1970 determinatio
775 1905 967 1971 residentia
992 1906 1027 1969 in
1050 1902 1309 1989 particularibus
1329 1905 1393 1969 cir-

213 2013 437 2090 cumstantiis,
464 2033 526 2078 seu
548 2014 584 2078 in
607 2015 798 2098 hypothesi,
824 2013 973 2097 pertinet
997 2013 1040 2078 ad
1060 2017 1266 2097 potestatem
1289 2011 1392 2078 eccle·

214 2122 395 2188 siasticam.
420 2120 515 2188 Unde
536 2123 572 2186 in
592 2123 681 2188 thesi
698 2126 832 2188 tantum
858 2139 919 2186 seu
942 2122 978 2186 in
998 2139 1125 2204 genere
1140 2121 1325 2186 residentia
1340 2125 1393 2185 est

210 2231 298 2314 juris
313 2229 429 2295 divini.
445 2229 577 2295 Etenim
593 2233 651 2314 jus
667 2230 821 2295 divinum
836 2235 871 2295 et
883 2229 1037 2295 naturale
1052 2245 1123 2294 non
1139 2229 1243 2294 dictat
1255 2233 1392 2293 curatos

214 2337 321 2403 teneri
342 2335 492 2402 residere
501 2354 567 2422 per
581 2356 626 2414 se,
644 2341 679 2402 et
693 2355 763 2402 non
776 2354 842 2422 per
855 2337 941 2401 alios
952 2355 966 2416 ,·
981 2335 1041 2401 sed
1056 2341 1265 2420 praeceptum
1286 2333 1392 2400 ecole-

213 2446 387 2511 siasticum
401 2445 444 2510 ad
458 2443 679 2510 residentiam
691 2445 908 2529 personalem
920 2445 1027 2528 adigit
1039 2449 1195 2528 pastores
1208 2445 1250 2526 (o.
1264 2444 1294 2520 a,
1310 2444 1341 2520 3,
1358 2442 1388 2518 l,

212 2556 279 2620 91].
294 2558 331 2632 t.,
348 2559 384 2620 et
396 2571 491 2620 cono.
504 2553 666 2630 ludent,
679 2571 764 2618 sess.
781 2553 832 2628 al,
847 2571 876 2618 c.
893 2553 943 2630 la,
959 2551 1287 2636 (tenerenturne

253 2662 287 2744 d)
307 2661 477 2743 (inuritur
490 2681 537 2726 en
545 2668 755 2748 praeceptum
769 2661 941 2726 residendi
959 2661 1113 2726 relaxari
1118 2661 1228 2746 possit
1241 2677 1306 2746 per
1327 2659 1390 2724 dis-

209 2770 455 2855 pensationem,
467 2770 594 2856 velper
606 2768 905 2834 consuetudinem?
914 2768 1163 2852 Respondetur,
1178 2786 1257 2832 cum
1269 2767 1390 2836 debitis

212 2877 507 2944 distinctionibus:
529 2879 561 2942 1⁰
583 2877 673 2943 circa
695 2875 861 2942 beneficia
885 2875 1060 2960 simplicia,
1078 2876 1220 2941 dubium
1235 2883 1387 2954 nonest,
1467 2959 1470 2966 Δ

212 2985 291 3070 quia
303 2985 489 3051 residentia
505 2984 617 3069 quoad
633 2984 692 3050 illa
703 2985 896 3049 introducta
910 2989 963 3048 est
976 2984 1049 3049 solo
1060 2987 1138 3068 jure
1151 2983 1387 3050 ecclesiastico.

211 3093 293 3160 Tota
308 3113 390 3176 ergo
405 3094 549 3178 quaestio
565 3097 618 3158 est
632 3093 674 3158 de
688 3093 864 3158 benefieiis
878 3093 1015 3158 curatis.

247 3203 280 3267 h·
295 3201 457 3269 Summus
471 3201 627 3267 Pontifex
643 3201 700 3266 vel
713 3200 800 3266 alius
814 3201 970 3285 superior
985 3202 1048 3266 hao
1060 3206 1229 3284 potestate
1243 3202 1387 3286 pollens,

211 3311 407 3396 dispensare
425 3313 540 3394 potest
554 3329 598 3375 ex
609 3313 704 3394 justa
726 3327 839 3375 causa.
864 3308 914 3374 lta
929 3310 1100 3376 sententia
1113 3311 1316 3386 communis,
1335 3311 1389 3376 oui

211 3421 303 3484 favet
323 3419 449 3502 praxis,
466 3423 501 3482 et
520 3416 691 3500 colligitur
709 3437 753 3482 ex
767 3435 795 3482 c.
813 3419 831 3480 'l
852 3417 920 3482 et8
937 3419 971 3481 h.
989 3419 1052 3493 tit,
1069 3435 1205 3482 necnon
1227 3437 1270 3482 ex
1292 3437 1387 3483 conc.

212 3525 298 3590 Trid.
315 3529 410 3615 (sess.
427 3526 478 3602 93,
496 3545 524 3591 c.
548 3526 588 3608 l).
605 3525 802 3591 Residentia
821 3527 914 3590 enim
935 3529 1132 3590 curatorum
1146 3543 1217 3590 non
1238 3529 1292 3589 θεῖ
1301 3527 1389 3610 juris

212 3633 317 3698 divini
332 3632 479 3699 absoluti
497 3635 533 3698 in
546 3634 727 3718 hypothesi
745 3637 779 3697 et
796 3651 858 3716 pro
878 3633 972 3698 omni
995 3632 1259 3710 circumstantia,
1281 3633 1389 3698 sedin

212 3739 299 3806 thesi
313 3745 447 3806 tantum
462 3746 497 3806 et
510 3741 752 3818 conditionate,
766 3741 794 3804 si
809 3759 933 3824 nempe
941 3743 1034 3824 justa
1047 3759 1151 3805 causa
1165 3757 1235 3806 non
1249 3741 1391 3806 suadeat

211 3849 412 3914 absentiam.
430 3849 535 3915 Porro
550 3849 712 3914 Summus
726 3848 883 3914 Pontifex
904 3847 1131 3914 determinare
1155 3852 1268 3931 potest
1287 3849 1389 3932 p'arti-

211 3956 342 4022 culares
362 3957 633 4024 circumstantias
651 3957 688 4022 in
708 3955 832 4040 quibus
855 3957 1048 4022 necessaria
1071 3955 1188 4022 situel
1213 3974 1282 4024 non
1307 3955 1390 4020 resi·

212 4064 335 4130 dentis.

257 4175 290 4239 3⁰
310 4173 527 4240 Consuetudo
557 4174 678 4240 saltem
700 4172 975 4251 immemorialis,
999 4175 1101 4256 justae
1122 4192 1233 4244 causae
1258 4173 1386 4250 innixa,

210 4281 417 4365 probabilius
440 4287 554 4366 potest
576 4286 734 4347 curatum
758 4300 921 4349 excusare
947 4302 967 4349 a
990 4283 1177 4348 residentia
1202 4281 1386 4368 personali,

211 4389 397 4456 dummodo
413 4408 495 4456 cura
515 4392 707 4456 animarum
723 4396 922 4458 exerceatur
942 4411 1004 4476 per
1017 4392 1182 4458 vicarium
1200 4411 1298 4476 aque
1317 4390 1389 4456 ido-

211 4517 326 4564 neum.
342 4479 451 4574 ll'atio,
473 4499 553 4583 quia
567 4499 602 4563 id
617 4499 692 4564 lieri
703 4503 819 4584 potest
831 4500 1011 4584 privilegio
1036 4499 1233 4584 apostolico.
1261 4497 1387 4564 Tamen

211 4607 243 4670 1ο
254 4606 512 4675 immemorialis
526 4607 739 4678 consuetudo
755 4628 825 4676 nou
840 4613 980 4676 excuset
993 4627 1015 4674 a
1027 4607 1213 4674 residentia
1225 4608 1261 4680 in
1271 4607 1389 4674 'cathe-

212 4713 360 4781 dralibus
376 4718 411 4804 θῖ
423 4713 610 4800 collegiatis
626 4715 829 4798 insignibus,
846 4717 980 4784 obamsi
996 4718 1121 4782 absens
1134 4717 1310 4788 inserviat
1327 4735 1388 4802 per
