3504 5568
372 585 433 652 tea
834 601 887 646 sus
909 577 1089 648 oeuomcurr!

372 721 516 786 liberare
534 741 541 796 ;
558 723 593 784 et
605 719 670 784 hoc
684 719 820 784 videtur
839 722 971 783 certum
985 723 1063 803 post
1076 736 1171 784 conc.
1190 719 1278 783 trid.
1301 719 1394 804 quod
1410 736 1555 793 consue·

375 829 484 892 tudini
500 827 661 910 respexit,
682 845 757 910 quse
780 827 808 890 si
825 827 1037 891 interiuisset
1058 832 1096 891 ut
1115 827 1340 910 prescribens
1356 827 1441 892 nihil
1456 827 1556 894 debe-

368 931 436 1010 ret,
456 935 539 999 nihil
556 933 744 1017 petendum
758 935 848 998 loret
861 935 956 1015 (sess.
973 935 1024 1010 st,
1040 952 1069 998 c.
1087 935 1117 1009 3,
1136 935 1177 997 a¹e
1189 936 1289 1016 defi).

413 1043 446 1108 4⁰
462 1044 495 1108 Si
510 1043 666 1108 visitator
679 1059 749 1106 non
763 1041 807 1104 sit
821 1041 1012 1125 episcopus,
1037 1041 1096 1106 sed
1119 1041 1266 1106 vicarius
1286 1043 1358 1106 sive
1383 1043 1555 1123 generalis

375 1151 446 1216 sive
461 1149 672 1234 episcopalis,
689 1147 746 1213 vel
766 1147 853 1214 alius
878 1149 1093 1224 substitutus,
1117 1151 1311 1232 procuratio
1328 1149 1485 1215 iacienda
1505 1156 1559 1214 est

373 1278 435 1344 pro
449 1258 631 1322 medietate
653 1261 786 1322 tantum
811 1257 1058 1342 procurationis
1073 1257 1232 1339 episcopo
1254 1256 1340 1320 solvi
1360 1263 1549 1336 consuetae,

375 1384 454 1432 cnm
469 1384 539 1431 non
555 1366 674 1431 deceat
689 1369 727 1428 ut
745 1365 810 1441 hic,
829 1367 946 1447 utpote
961 1363 1104 1429 minoris
1126 1363 1312 1444 dignitatis,
1329 1365 1466 1429 incedat
1479 1383 1559 1432 cunr

376 1479 471 1540 tanto
500 1473 680 1548 comitatu,
717 1476 844 1556 quanto
881 1470 1013 1554 indiget
1047 1471 1258 1555 episcopus:
1289 1471 1336 1536 ita
1376 1472 1561 1538 declaravit

376 1583 408 1646 S.
426 1581 592 1663 Congreg.
608 1579 708 1644 Cano.
726 1581 761 1644 in
777 1580 951 1656 Ostaoen„
968 1579 1008 1643 93
1018 1578 1082 1663 jul.
1101 1581 1190 1645 1708.

418 1689 491 1773 b)A
519 1688 639 1772 quidus
660 1686 829 1752 solvendas·
852 1687 945 1752 siat?
967 1687 999 1750 1⁰
1022 1685 1201 1752 Solvendae
1230 1693 1312 1751 sunt
1334 1690 1377 1752 ab
1399 1689 1559 1754 omnibus

376 1797 521 1874 clericis,
558 1795 709 1862 ecclesiis
744 1813 783 1859 ac
815 1796 1048 1872 monasteriis,
1088 1795 1225 1878 speciali
1267 1795 1447 1880 privilegio
1488 1815 1561 1862 non

377 1905 556 1990 exemptis,
573 1904 707 1970 etiamsi
722 1903 872 1968 ecclesiae
885 1902 971 1966 tales
986 1921 1202 1988 quocumque
1216 1903 1314 1968 titulo
1327 1905 1370 1969 ad
1381 1912 1561 1989 exemptos

376 2013 626 2098 pervenissent,
650 2029 729 2075 cum
754 2015 930 2075 transeant
955 2029 1034 2075 cum
1053 2029 1116 2075 suo
1148 2030 1252 2078 onere
1276 2012 1502 2094 (Clementina
1528 2016 1561 2077 1·

376 2121 410 2185 h.
431 2121 482 2184 tit.
503 2119 585 2185 Vide
604 2117 739 2194 Giraldi,
757 2120 814 2203 qui
830 2125 1010 2184 enumerat
1024 2119 1195 2195 ecclesias,
1213 2121 1433 2198 monasteria,
1449 2125 1562 2188 orato

378 2229 438 2304 ria,
450 2232 513 2292 etc.
531 2227 717 2292 visitationi
732 2227 899 2303 obnoxia3
917 2245 968 2312 op.
986 2229 1054 2306 cit,
1067 2246 1101 2310 p.
1117 2226 1141 2304 1,
1159 2231 1240 2292 sect.
1254 2225 1339 2310 ¹597).
1564 2222 1568 2237 '

417 2339 450 2403 2⁰
466 2339 688 2422 Excipiuntur
701 2337 772 2400 sive
794 2336 881 2412 laici,
904 2336 984 2400 lic-et
1004 2337 1118 2419 stipsi
1135 2337 1328 2413 visitentur,
1349 2337 1430 2421 quia
1446 2341 1504 2422 jus
1518 2339 1563 2404 ad

377 2449 453 2513 loca
467 2453 501 2512 et
514 2466 680 2532 personas
699 2445 944 2511 ecclesiasticas
967 2446 1143 2510 restrinxit
1162 2447 1461 2528 procurationem3
1488 2447 1561 2511 sive

380 2556 530 2620 oratoria
549 2557 701 2640 privata,
718 2554 798 2636 quia
812 2571 882 2617 non
896 2552 1024 2616 habent
1042 2551 1209 2616 beneflcio
1223 2552 1358 2617 adnexa
1372 2553 1428 2618 vel
1447 2552 1561 2618 reddi-

380 2669 435 2728 tus
450 2667 510 2728 aut
523 2665 711 2748 proventus
729 2659 993 2736 ecclesiasticos;
1015 2659 1088 2723 sive
1103 2658 1287 2744 hospitalia
1301 2665 1336 2724 ct
1351 2660 1474 2726 similia
1487 2660 1563 2726 loca

381 2773 424 2836 ad
441 2773 576 2856 pietatis
597 2775 632 2835 et
646 2768 887 2834 misericordie
902 2787 1007 2852 opera
1021 2768 1222 2844 exercenda,
1241 2769 1345 2833 etiam
1360 2769 1562 2834 auctoritate

382 2879 565 2964 episcopali
580 2883 703 2955 erecta,
727 2879 756 2940 si
779 2877 918 2942 titulum
939 2877 1096 2942 beneficii
1114 2876 1288 2942 adnexum
1307 2894 1378 2941 non
1399 2877 1559 2956 habeant,

382 2988 462 3072 quia
484 2991 672 3071 proventus
698 3003 818 3050 eorum
844 2985 997 3067 deputati
1018 2989 1099 3048 sunt
1124 2983 1168 3048 ad
1188 3001 1390 3067 pauperum,
1411 2985 1563 3049 intirmo-

381 3111 469 3168 rum,
497 3098 560 3156 etc.
593 3091 773 3165 alimenla;
800 3089 872 3154 sive
900 3090 1043 3154 ecclesia
1072 3096 1106 3154 ct
1137 3109 1291 3174 persona>
1330 3089 1562 3156 ecclesiastice

378 3219 557 3286 pauperes,
575 3198 709 3264 etiamsi
720 3199 795 3262 istae
809 3197 899 3264 ultro
912 3197 1171 3282 procurationes
1186 3197 1342 3273 afferant,
1359 3215 1440 3262 cum
1454 3198 1563 3262 chari-

382 3314 434 3374 tas
449 3327 519 3374 non
535 3307 710 3393 pe'rmittat
723 3325 891 3392 pauperes
907 3307 1042 3388 gravari
1062 3324 1167 3372 onere
1182 3304 1426 3371 solvendarum
1440 3323 1563 3391 procu-

382 3418 565 3482 rationum.

447 3654 461 3726 ᾗ
480 3657 526 3712 lv.
546 3654 587 3714 De
605 3653 826 3714 sustentatione
844 3667 977 3728 copprea
997 3651 1183 3726 beneficiarii
1197 3651 1370 3724 pracsertim
1390 3650 1499 3710 carati.

425 3833 520 3898 Nora.
538 3835 586 3899 Ob
598 3835 792 3918 analogiam
811 3833 975 3910 materiae,
1001 3833 1056 3896 hic
1070 3832 1286 3896 tractandum
1305 3833 1358 3895 est
1372 3830 1414 3896 de
1430 3834 1567 3894 susten·

385 3944 514 4007 tatione
535 3945 674 4027 parochi
698 3949 732 4010 et
757 3944 798 4009 de
817 3943 934 4008 vicarii
955 3943 1124 4026 portione,
1149 3959 1229 4026 cum
1252 3939 1409 4023 parochis
1431 3944 1466 4002 et
1490 3938 1566 4002 aliis

386 4052 511 4117 cirratis
532 4051 755 4116 subveniatur
767 4070 828 4135 per
844 4050 998 4115 redditus
1012 4067 1195 4130 congruos,
1217 4048 1306 4112 sicut
1319 4047 1488 4131 episcopis
1504 4064 1568 4130 per

386 4159 480 4224 varia
494 4158 654 4236 subsidia,
674 4164 709 4224 et
722 4159 954 4223 visitatoribus
966 4175 1027 4242 per
1040 4156 1308 4240 procurationes.

754 4365 775 4415 1.
792 4365 832 4415 De
846 4360 1054 4415 sustentatione
1068 4357 1194 4425 parochi.

428 4511 461 4593 a)
476 4510 619 4576 Nomine
634 4508 892 4574 sustentationis
914 4521 1074 4586 congruae
1090 4503 1235 4568 veniunt
1252 4519 1293 4565 ea
1314 4518 1390 4584 quaa
1407 4500 1450 4565 ad
1468 4517 1569 4584 paro-

388 4620 491 4684 chum
506 4621 649 4702 ejusque
673 4615 838 4682 familiam
858 4615 1003 4678 honeste
1024 4609 1285 4676 sustentandam
1310 4626 1371 4672 seu
1394 4605 1565 4684 alendam,

390 4729 470 4792 sunt
497 4725 700 4794 necessaria.
729 4721 823 4790 Unde
853 4711 1029 4806 speciatim
1058 4721 1089 4786 1θ
1112 4717 1277 4783 alimenta
1305 4732 1404 4801 :quo
1426 4714 1566 4780 nomine
