3488 5568
550 620 636 668 baean
658 621 785 669 rannus
806 621 1028 668 recensemur.
1319 605 1379 673 cic

317 819 336 870 1.
354 819 393 872 De
408 817 614 883 personisque
629 818 790 886 obligantur
803 819 839 872 ad
855 819 1051 874 recitationem
1066 820 1155 876 divini
1170 821 1265 876 ottioii.

244 967 559 1050 aldertotenentur
575 972 627 1034 :1⁰
643 972 753 1035 clerici
773 973 808 1035 in
826 972 929 1036 sacris
950 973 1124 1036 constituti
1145 973 1227 1056 (cap.
1251 975 1281 1053 l,
1297 992 1330 1038 n.
1347 974 1378 1048 9,
1437 948 1438 964 ¹

204 1076 276 1158 huj.
296 1077 369 1159 tit),
383 1077 516 1143 etiamsi
536 1079 604 1142 sint
617 1079 729 1164 aliqua
742 1081 1027 1156 censurairretiti,
1044 1080 1259 1162 irregulares,
1277 1081 1381 1164 depo-

205 1183 260 1247 siti
286 1184 341 1248 vel
364 1185 554 1266 degradati;
575 1205 655 1251 nam
681 1187 841 1268 obligatio
865 1205 1000 1252 annexa
1023 1193 1075 1251 eet
1097 1189 1161 1271 ipsi
1185 1188 1295 1252 ordini
1315 1189 1378 1252 rite

207 1297 376 1376 suscepta,
394 1298 429 1359 et
442 1313 545 1359 nemo
562 1313 604 1358 ex
620 1315 683 1360 sua
700 1295 799 1378 culpa
822 1294 1042 1360 commodum
1061 1295 1234 1360 retrahere
1253 1302 1377 1380 potest.

205 1399 370 1481 Obligatio
394 1402 511 1486 incipit
533 1421 553 1466 a
575 1402 627 1467 die
653 1408 687 1466 et
707 1404 792 1467 hora
811 1403 1074 1467 subdiaconatus
1100 1403 1259 1486 suscepti,
1281 1405 1382 1487 juxta
1440 1383 1441 1388 ἵ

203 1525 423 1572 communem
435 1511 651 1574 sententiam.
669 1509 751 1575 Vide
765 1509 967 1574 moralistas.

243 1615 275 1678 2⁰
290 1615 451 1699 Rela'piosi
470 1617 614 1699 professi
629 1615 672 1681 ad
694 1618 836 1681 chorum
862 1618 1013 1699 obligati,
1035 1618 1138 1682 etiam
1157 1618 1323 1686 moniales
1337 1639 1381 1684 ex

203 1724 460 1788 consuetudine.
482 1725 604 1790 Novitii
617 1731 652 1790 et
665 1726 815 1803 novitiae,
832 1727 918 1790 sicut
932 1725 975 1790 ad
992 1731 1116 1791 caetera
1131 1745 1236 1792 onere
1248 1727 1381 1809 religio-

203 1831 266 1904 nis,
282 1831 330 1895 ita
343 1849 455 1914 neque
476 1831 519 1895 ad
538 1832 639 1896 horas
664 1831 854 1896 recitandas
875 1831 1079 1913 obligantur,
1105 1852 1183 1898 cum
1198 1833 1380 1916 nullalege

203 1939 326 2020 scripta
341 1956 453 2022 neque
469 1938 727 2014 consuetudine,
739 1939 808 2002 vim
820 1939 907 2019 legis
921 1939 1078 2015 habente,
1090 1941 1132 2004 ad
1146 1941 1239 2006 illam
1253 1941 1381 2023 ohliga-

202 2045 330 2109 tionem
347 2049 537 2109 teneantur.
555 2045 715 2128 Religioei
740 2047 797 2129 qui
821 2046 863 2110 ad
882 2047 1025 2110 chorum
1045 2065 1115 2112 non
1140 2047 1381 2130 obligantur‚a

202 2153 305 2216 divini
322 2152 423 2216 oiiloii
438 2153 636 2217 recitatione
654 2153 851 2217 eximuntur
866 2173 872 2216 :
889 2154 916 2216 si
931 2171 1001 2218 non
1016 2160 1197 2230 constaret,
1214 2174 1259 2220 an
1273 2155 1310 2218 in
1323 2155 1380 2220 ali-

201 2280 269 2343 qua
282 2259 447 2341 religione
462 2261 654 2326 introducta
670 2261 713 2324 sit
731 2261 943 2326 consuetudo
957 2261 1119 2326 recitandi
1135 2262 1289 2326 divinum
1306 2263 1379 2326 otii-

200 2369 301 2444 cium,
318 2369 468 2449 religiosi
482 2369 628 2451 professi
640 2369 744 2451 hujus
759 2367 934 2450 religionis
949 2387 1020 2434 non
1033 2375 1232 2434 tenerentur
1246 2371 1288 2434 ad
1304 2357 1381 2453 per·¹

201 2475 381 2540 solvendas
396 2476 498 2541 horas
513 2476 705 2552 canonicas,
722 2481 760 2539 ut
779 2477 988 2540 sufficienter
1001 2482 1135 2541 constat
1151 2496 1193 2540 ex
1213 2477 1377 2561 principio

202 2583 289 2666 quod
305 2583 362 2646 lex
382 2582 484 2648 dubia
504 2601 574 2646 non
601 2583 738 2664 obligat.
768 2583 932 2659 Quaerunt
953 2583 1068 2668 aliqui,
1091 2589 1207 2647 utrum
1225 2581 1377 2666 religiosi

200 2691 344 2772 professi
352 2690 394 2754 ad
405 2691 547 2754 chorum
563 2689 724 2773 deputati,
743 2689 802 2754 sed
818 2692 921 2756 sacris
935 2691 1109 2756 ordinibus
1126 2711 1194 2756 non
1210 2692 1373 2774 insigniti,

202 2803 383 2863 teneantur
402 2798 445 2862 ad
459 2798 649 2864 recitandas
665 2800 767 2864 horas
787 2787 978 2876 canonicas,
995 2801 1131 2884 quando
1147 2801 1299 2882 legitime
1315 2801 1375 2864 im·

201 2905 304 2987 pediti
327 2925 396 2971 non
421 2905 586 2970 assistunt
599 2906 728 2971 choro?
748 2945 787 2953 -
804 2907 936 2990 Duplex
953 2912 1006 2971 est
1020 2909 1210 2972 sententia:
1227 2907 1288 2972 sed
1301 2925 1379 2990 pro-

200 3011 343 3077 babilior
357 3013 514 3091 aitirmat,
528 3015 607 3098 quia
620 3015 782 3096 obligatio
798 3016 934 3080 videtur
948 3017 1082 3080 aiilcere
1094 3016 1290 3080 immediate
1304 3033 1378 3098 per-

201 3138 321 3184 sonam
334 3121 465 3186 ratione
480 3123 551 3186 voti
568 3122 603 3185 in
618 3121 675 3187 tali
688 3122 864 3205 religione.
881 3123 1007 3186 Verum
1021 3123 1056 3186 in
1070 3123 1135 3187 lroc
1150 3121 1310 3188 standum
1325 3126 1378 3186 est
1503 3187 1505 3198 ,

200 3229 470 3312 interpretationi
492 3229 693 3294 introductae
718 3248 780 3313 per
807 3231 1091 3295 consuetudinem
1120 3231 1154 3293 in
1176 3230 1280 3294 variis
1298 3229 1375 3294 reli-

200 3337 369 3416 gionibus,
400 3337 586 3402 dummodo
601 3338 900 3403 hacconsuetudo
925 3356 994 3402 non
1018 3336 1377 3419 sitcorrupteladisci-

200 3443 300 3526 plina,
315 3444 494 3525 religiosa.
511 3445 628 3521 Quoad
643 3444 821 3526 religiosos
835 3447 992 3527 rejectae,
1009 3446 1183 3526 profugos,
1197 3444 1376 3508 damnatos

200 3549 242 3614 ad
259 3551 425 3628 triremes,
438 3555 514 3624 etc,
531 3551 706 3634 disputant
719 3551 912 3616 moralistae,

239 3659 272 3720 3ο
286 3658 485 3740 Berreficiata'
500 3659 716 3742 quicumque,
730 3677 772 3722 ex
791 3677 862 3742 cap.
879 3659 937 3720 iln.
956 3658 996 3721 de
1009 3659 1099 3723 Beer.
1117 3657 1151 3721 in
1164 3659 1206 3735 6⁰,
1224 3658 1280 3722 ubi
1296 3658 1375 3721 diei·

202 3771 256 3828 tur
270 3763 360 3848 quod
375 3765 579 3830 beneficium
595 3765 693 3829 datur
706 3769 845 3850 propter
859 3765 1025 3840 oisscium3
1040 3765 1100 3829 sed
1120 3769 1240 3849 postea
1253 3765 1372 3829 concil.

200 3873 269 3937 tat.
296 3874 359 3937 suh
373 3873 484 3937 Leone
504 3873 581 3936 liet
601 3877 632 3936 S.
656 3873 734 3936 Pius
749 3873 786 3949 V,
806 3873 841 3936 in
867 3879 961 3934 motu
977 3873 1116 3956 proprio
1139 3870 1229 3936 edito
1254 3873 1293 3936 li
1307 3879 1372 3936 oct.

201 3981 289 4057 toti,
305 3980 505 4044 distinctioni
519 3981 621 4044 modo
637 3981 874 4062 imposuerunt
886 3979 1234 4061 hancobligationem.
1245 3981 1375 4044 Tenen-

202 4094 266 4164 tur,
291 4089 422 4152 etiamsi
443 4089 645 4153 beneficium
671 4088 715 4152 eit
737 4093 851 4166 tenue,
868 4107 930 4154 seu
953 4087 1019 4153 tale
1042 4091 1140 4171 cujus
1158 4089 1288 4152 tructus
1303 4106 1373 4153 non

202 4197 398 4260 suiticerent
411 4197 642 4261 adhonestam
650 4198 945 4261 sustentationem.
959 4196 1230 4262 Itacommunior
1240 4201 1375 4260 senten-

202 4306 258 4381 tia,
278 4309 514 4389 contraquam
529 4303 584 4370 alii
600 4305 641 4369 ab
656 4305 751 4368 omni
774 4304 956 4368 absolvunt
968 4305 1185 4385 obligatione,
1211 4303 1266 4368 alii
1282 4303 1375 4368 illam

202 4413 413 4492 restringunt
435 4413 476 4476 ad
493 4411 681 4476 dominicos
705 4415 836 4475 tantum
852 4411 991 4495 diesque
1011 4413 1118 4476 festos
1134 4411 1175 4475 de
1192 4417 1372 4494 praecepto.

242 4521 272 4602 b)
293 4519 401 4583 [lichia
417 4519 581 4583 solvenda
596 4519 684 4583 circa
703 4518 945 4600 obligationem
968 4517 1130 4584 recitandi
1152 4519 1254 4583 horas
1275 4537 1376 4584 cano·

203 4629 305 4692 nicae.

243 4736 273 4798 1⁰
289 4735 496 4810 probabilius
513 4753 580 4799 non
598 4739 757 4798 tenentur
772 4735 813 4799 ad
829 4735 1040 4798 recitandum
1059 4734 1210 4799 diuinum
1226 4734 1376 4800 cilicium
