3498 5572
372 528 433 600 lat
832 549 883 597 rus
903 545 1084 598 cauourcos.

373 669 656 736 declarationibus
670 667 726 734 SS.
740 666 862 750 Gongr.
879 667 982 753 (apud
1001 667 1143 744 Ferrea,
1161 666 1435 745 medicabiles,
1452 674 1515 736 art.
1529 667 1550 732 3

373 798 407 843 n.
423 779 474 856 88,
489 779 578 862 cto).
593 777 719 844 Tamen
734 778 906 844 srrfflceret
917 779 1055 845 licentia
1067 777 1173 844 solius
1187 777 1336 862 episcopi
1364 779 1420 846 vel
1446 779 1552 846 solius

372 887 517 972 praelati,
539 887 568 952 si
588 886 664 952 talis
679 892 772 952 esset
785 887 999 953 cousuetudo
1021 886 1186 963 locorum,
1208 905 1284 970 quae
1302 891 1355 952 est
1373 887 1550 964 seruanda,

374 1000 413 1060 ut
430 996 534 1061 etiam
551 995 736 1062 declaravit
751 994 783 1062 S.
796 995 918 1078 Gongr.
937 996 1044 1080 Episc.
1066 1001 1101 1061 ct
1120 995 1202 1078 ch.
1225 993 1330 1078 (apud
1342 989 1549 1076 Barbosam).

373 1103 499 1169 Verum
527 1105 556 1168 si
581 1109 742 1186 ageretur
769 1105 811 1170 dc
844 1105 1078 1187 regularibus,
1109 1123 1180 1172 non
1206 1108 1349 1188 possent
1373 1102 1549 1177 assedere,

374 1213 439 1276 nisi
452 1212 601 1278 habeant
620 1211 794 1278 licentiam
808 1213 959 1296 episcopi
974 1217 1009 1277 et
1030 1213 1161 1296 prelati
1175 1211 1303 1296 proprii
1325 1209 1527 1277 monialium
1542 1229 1550 1272 :

373 1319 421 1385 ita
441 1320 582 1386 sancivit
602 1319 679 1384 Urb.
701 1319 770 1384 Vlll
786 1321 887 1404 (apud
907 1320 1088 1403 Pellizar.);
1105 1319 1184 1405 quia
1204 1339 1283 1385 cnm
1306 1320 1387 1404 ipsis
1409 1318 1552 1399 rigidius

348 1505 354 1521 .
374 1434 427 1493 est
437 1432 506 1513 jus.

413 1538 463 1602 hb
478 1537 535 1602 illa
548 1539 775 1622 prohibitione
789 1557 860 1604 non
879 1540 1094 1622 excipiuntur
1118 1540 1266 1623 episcopi
1290 1545 1325 1604 et
1350 1537 1549 1614 cardinales,

375 1646 487 1728 quoad
501 1648 710 1712 monasteria
723 1665 799 1730 quae
814 1648 897 1730 ipsis
919 1665 989 1713 non
1009 1648 1164 1712 subsunt.
1193 1647 1414 1730 Excipiuntur
1438 1655 1551 1712 tamen

375 1773 475 1836 reges
493 1761 527 1819 et
544 1755 780 1838 imperatores,
805 1757 934 1839 reginae
959 1761 1061 1841 atque
1080 1756 1282 1822 eommdem
1300 1756 1361 1820 sslii
1375 1761 1411 1820 et
1424 1755 1502 1820 ssliae
1516 1755 1552 1818 in

376 1881 438 1928 suo
460 1863 653 1928 territorio:
680 1865 728 1928 ita
748 1865 940 1929 communis
955 1865 1125 1929 sententie
1138 1864 1429 1941 llll.,coutlrmata
1441 1867 1550 1927 const.

375 1971 546 2035 benedicti
566 1970 634 2034 xlv
654 1971 832 2055 depuleris
847 1972 1043 2057 discr'plinae.
1059 1971 1153 2038 ldem
1168 1971 1352 2037 dicendum
1375 1971 1417 2036 de
1432 1969 1554 2034 funda·

376 2078 505 2143 toribus
520 2083 555 2142 et
568 2078 643 2143 aliis
655 2077 848 2159 insignibus
871 2079 1156 2146 benefactoribus.
1183 2077 1386 2144 confessarii
1408 2084 1555 2161 possunt

354 2218 358 2228 ·
375 2187 479 2251 etiam
491 2186 623 2269 ingredi
638 2186 681 2251 ad
697 2195 909 2253 sacramenta
923 2189 1192 2254 administranda
1205 2187 1429 2254 moribundis.
1448 2186 1555 2250 Gene-

375 2295 476 2358 ratim
489 2295 526 2358 in
545 2311 625 2360 casu
648 2296 871 2374 necessitatis,
893 2299 951 2380 jus
974 2297 1129 2363 concedit
1140 2297 1312 2363 licentiam
1340 2294 1553 2377 ingrediendi

375 2403 562 2468 claustrum
576 2404 788 2469 monialium.

416 2513 443 2593 c)
458 2511 615 2594 Spectato
624 2513 702 2594 jure
718 2515 903 2590 communi,
920 2515 1084 2580 nonlicet
1098 2516 1201 2580 etiam
1218 2512 1554 2581 accederemoniales

376 2617 535 2700 colloquii
546 2636 661 2698 causo,
679 2625 716 2682 ut
727 2625 861 2685 constat
881 2640 925 2686 ex
939 2639 1012 2705 cap.
1032 2622 1121 2686 unic.
1141 2623 1246 2706 hujus
1265 2621 1352 2685 titul.
1368 2623 1401 2686 in
1428 2622 1470 2697 6·,
1496 2620 1553 2683 ubi

378 2725 518 2790 dicitur:
534 2753 549 2786 «
566 2726 744 2808 Ingressus
757 2727 812 2792 vel
828 2734 863 2793 et
871 2747 1033 2794 accessus
1047 2735 1164 2814 pateat
1177 2731 1220 2795 ad
1235 2730 1383 2795 easdem.
1404 2755 1419 2787 »
1437 2729 1553 2812 ltaque

377 2835 408 2897 1⁰
423 2833 602 2899 saeculares
616 2835 817 2901 accedentes
832 2837 876 2902 ad
887 2838 1066 2914 moniales,
1082 2839 1156 2902 sine
1178 2837 1371 2903 rationabili
1394 2855 1498 2902 causa
1520 2841 1555 2899 et

377 2942 450 3006 sine
463 2941 786 3019 licentia,ordinarie
801 2950 944 3028 peccant
956 2945 1156 3024 mortaliter,
1166 2951 1200 3011 et
1210 2945 1303 3010 idem
1314 2945 1556 3010 dicendumest

376 3049 418 3114 de
443 3049 648 3116 monialibus
675 3051 789 3118 illicite
815 3053 1047 3139 loquentibus.
1071 3055 1199 3120 'lamen
1227 3056 1254 3118 si
1269 3055 1333 3119 hoc
1361 3053 1467 3118 semel
1495 3057 1557 3118 aut

377 3157 502 3222 iterum
514 3158 681 3224 duntaxat
694 3160 754 3226 ilat
769 3166 803 3225 et
818 3162 891 3226 sine
907 3161 1078 3239 scandalo,
1096 3168 1156 3228 aut
1170 3180 1277 3246 pravo
1291 3162 1372 3236 fine,
1387 3167 1556 3244 autsupe-

377 3266 507 3331 riorum
519 3273 729 3352 contemptu,
754 3273 805 3334 est
820 3268 965 3335 veniale.
989 3269 1040 3334 lla
1053 3271 1282 3335 communitor
1303 3269 1383 3347 bh,
1400 3273 1438 3332 ut
1451 3269 1557 3334 refert

378 3373 505 3438 Ferrar.
523 3375 804 3456 (voceMoniatea
821 3383 883 3442 art.
895 3377 926 3454 l,
943 3395 976 3440 n.
993 3377 1023 3454 t,
1040 3377 1128 3460 etc).

417 3483 450 3544 9⁰
462 3481 510 3545 Ex
521 3481 658 3548 decreto
667 3483 699 3546 S.
712 3482 833 3566 Gougr.
851 3485 951 3549 nonis
965 3483 1046 3548 maii
1061 3485 1141 3549 loeo
1151 3483 1254 3562 edito,
1271 3485 1471 3568 prohibetur
1479 3484 1559 3549 reli·

377 3589 482 3669 giosis
494 3592 742 3675 cujuscumque
756 3591 897 3667 ordinis,
913 3571 1045 3673 gradus'
1055 3597 1091 3656 et
1103 3591 1288 3672 dignitatis,
1305 3611 1348 3656 ne
1364 3593 1437 3656 sine
1452 3591 1558 3656 licen·

379 3695 425 3762 tia
438 3691 600 3782 expressa
616 3699 648 3763 S.
666 3699 787 3782 (longi.
805 3701 969 3765 accedant
982 3699 1025 3766 ad
1040 3701 1248 3765 monasteria
1263 3717 1558 3785 quarumcumque

378 3806 578 3872 monialium
599 3808 643 3872 ad
666 3809 942 3893 colloquendum.
966 3809 1150 3894 Episcopus
1172 3811 1292 3894 nequit
1314 3811 1363 3874 eis
1384 3809 1558 3874 licentiam

378 3915 576 3993 concedere,
591 3917 654 3979 nisi
672 3917 785 4000 quoad
798 3921 999 4000 conjunctas
1009 3918 1046 3980 in
1066 3917 1176 4000 primo
1196 3923 1255 3982 aut
1269 3917 1420 3982 secundo
1434 3915 1556 3998 gradu,

379 4027 414 4082 et
425 4039 487 4104 pro
502 4027 655 4105 tempore
670 4023 908 4090 determinato.

420 4127 453 4191 Si
468 4129 597 4212 absque
610 4129 764 4212 legitima
776 4131 936 4197 facultate
958 4131 1213 4217 alloquerentur
1237 4131 1419 4208 moniales,
1441 4149 1559 4215 pecca-

380 4242 457 4300 rent
476 4239 666 4305 mortaliter
683 4241 995 4328 quantulocumque
1015 4243 1115 4307 duret
1132 4241 1350 4326 colloquium,
1366 4241 1500 4307 etiamsi
1514 4243 1558 4306 ob

380 4345 508 4408 bonum
530 4347 636 4412 finem
651 4349 823 4415 accedant.
846 4349 933 4415 Olim
955 4370 998 4416 ex
1017 4350 1190 4416 constitut.
1211 4351 1384 4416 Romanus
1397 4349 1558 4430 Pontifex

381 4451 484 4517 Clam.
500 4453 569 4532 llll,
591 4458 696 4522 otiam
713 4459 933 4526 incurrebant
946 4461 1022 4543 ipso
1039 4459 1128 4525 lacto
1155 4459 1556 4534 excommunicationem,

380 4563 609 4645 privationem
624 4567 825 4646 officiorum,
843 4569 1060 4652 dignitatum,
1071 4575 1148 4646 ete,
1169 4572 1238 4634 imo
1253 4567 1500 4634 inhabilitatem
1515 4567 1559 4632 ad

381 4671 569 4738 audiendas
581 4679 825 4754 contessioncs,
842 4681 885 4746 ad
900 4681 1012 4745 oillcia
1026 4685 1061 4743 et
1075 4680 1268 4760 dignitates
