3504 5566
570 558 655 606 nisan
677 557 802 606 rannus
823 555 1042 606 oacanmuau.
1131 534 1135 544 '
1339 543 1396 608 193
1501 563 1503 566 ·

257 669 290 736 3ο
310 673 384 736 Non
405 673 606 756 prohibetur
629 675 664 738 in
689 677 866 740 servitium
890 693 992 739 suum
1016 691 1192 740 assumere
1216 679 1396 742 extraneas

217 779 362 845 feminas
376 787 546 864 provectae
561 784 682 860 atatis,
700 783 823 850 saltem
838 783 1064 868 quadraginta
1084 801 1264 862 annorum,
1280 787 1308 850 si
1328 787 1397 850 sint

217 887 370 953 honeslae
381 889 481 956 iamae
494 895 636 956 etextra
648 909 789 957 omnem
798 892 1054 958 incontinentiae
1066 893 1307 975 suspicionem.
1320 894 1397 958 llaec

217 998 372 1081 exceptio
388 1017 459 1065 non
472 1019 516 1066 ex
527 1003 605 1084 jure
623 1003 747 1086 scripto
762 1006 876 1067 ortum
889 1002 1002 1078 hahet,
1016 1000 1077 1066 sed
1091 1020 1134 1068 ex
1148 1003 1395 1070 consuetudine

218 1109 252 1168 et
271 1108 408 1173 statutis
422 1110 651 1193 quarumdam
666 1111 875 1178 dioeeesium.

257 1218 284 1300 c)
306 1217 477 1300 (lucratur
494 1239 540 1284 aa
561 1221 698 1286 licentia
721 1221 941 1286 cohabitandi
955 1224 1109 1306 personis
1133 1225 1300 1308 sanquine
1319 1241 1395 1288 coa-

211 1332 341 1414 jamctis
352 1348 387 1394 se
401 1331 564 1398 extendat
575 1332 624 1396 od
634 1333 802 1417 episcopos
813 1340 846 1397 et
860 1333 946 1398 alios
960 1333 1284 1417 similiterpreelotos
1293 1351 1394 1398 sacra-

217 1440 375 1505 lores?-
385 1439 482 1506 Ratio
496 1441 672 1506 dubitandi
685 1441 780 1506 venit
793 1447 866 1505 tum
885 1442 965 1525 quia
984 1444 1042 1526 jus
1058 1443 1153 1506 ltom.
1165 1443 1263 1525 jubet
1277 1447 1316 1505 ut
1328 1441 1394 1523 epi-

216 1567 338 1632 scopus
353 1549 483 1615 nullam
498 1551 639 1616 omuino
650 1569 767 1616 secum
774 1551 1097 1627 mulieremhabeat,
1111 1556 1184 1614 tum
1199 1550 1346 1631 dignitas
1361 1555 1395 1612 et

216 1659 376 1724 sanctitas
391 1659 596 1726 eminentior
606 1661 734 1726 ordinis
747 1660 959 1745 episcopalis.
969 1660 1262 1725 -Verumtamen
1272 1659 1392 1740 injure

215 1768 378 1832 canonico
393 1768 487 1834 uuha
500 1759 670 1854 reperitur
680 1771 879 1854 prohihitio;
892 1777 927 1835 et
940 1771 1029 1847 ideo,
1043 1771 1106 1834 etsi
1120 1769 1260 1834 omnino
1272 1767 1393 1832 hones·

215 1875 282 1938 tius
297 1879 332 1938 et
347 1877 458 1958 magis
476 1877 671 1942 consultum
691 1879 736 1943 sit
756 1883 795 1943 ut
811 1878 1010 1962 hujusmodi
1025 1877 1188 1942 mulieres
1202 1878 1392 1960 conjuncta

214 1981 304 2047 intra
330 1981 473 2048 domum
503 1985 731 2070 episcopalem
753 2004 824 2052 non
845 1986 1010 2064 habitent,
1037 1985 1122 2050 nihil
1144 1983 1288 2068 impedit
1311 1982 1393 2068 quin

214 2097 386 2168 maneant,
401 2094 429 2156 si
445 2093 533 2157 absit
545 2094 736 2176 periculum
750 2093 900 2161 scandali
916 2100 950 2160 et
963 2095 1110 2178 suspicio
1124 2093 1390 2158 incontinentiae.

255 2188 422 2284 delitare
445 2211 479 2266 et
496 2203 639 2288 rigidior
662 2205 774 2269 cautio
784 2205 885 2286 juris.
902 2203 1166 2270 -Prohihitum
1189 2207 1242 2267 est
1262 2200 1392 2266 clericis

213 2311 430 2395 frequentare
445 2311 616 2377 domicilia
628 2312 846 2389 feminarum,
865 2313 969 2378 etiam
985 2313 1220 2388 honestarum,
1231 2311 1274 2375 ad
1284 2310 1394 2374 vitan-

213 2418 292 2484 dam
307 2437 447 2484 omnem
462 2420 692 2503 suspicionem
711 2419 977 2485 incontinentia.
995 2421 1156 2484 Statuunt
1170 2417 1225 2482 SS.
1242 2435 1392 2482 canones
1473 2418 1476 2426 “

215 2551 230 2584 c
247 2543 292 2591 ne
315 2525 458 2592 clericus
473 2527 567 2592 solus
582 2527 720 2593 accedat
733 2527 776 2593 ad
790 2529 927 2593 feminae
943 2526 1212 2603 tabernaculum,
1228 2525 1284 2590 vel
1299 2524 1392 2590 solus

213 2652 292 2699 cum
306 2635 379 2700 sola
392 2635 524 2700 fabulas
538 2635 690 2712 misceat,
706 2637 810 2700 etiam
831 2641 1001 2719 praetextu
1022 2635 1197 2718 religionis
1218 2639 1278 2698 aut
1298 2634 1393 2716 spiri-

215 2741 314 2808 tualis
329 2741 499 2828 colloquii,
516 2743 572 2808 vol
585 2744 756 2828 obsequii;
779 2743 849 2808 imo
872 2761 936 2808 nec
950 2743 1206 2808 archidiaconus
1222 2743 1285 2806 suh
1307 2759 1393 2824 prae-

215 2855 310 2916 textu
325 2851 443 2928 olsscii;
461 2852 521 2917 sed
534 2854 611 2918 haro
621 2850 791 2936 colloquia
805 2853 890 2918 hant
908 2858 1079 2935 praesente
1104 2851 1170 2917 alio
1191 2851 1315 2916 clerico
1337 2849 1392 2912 vel

213 2960 310 3042 gravi
323 2959 436 3045 aliquo
450 2961 645 3027 christiano.
656 2987 672 3020 »
686 2960 747 3044 (lta
762 2980 792 3027 c.
811 2961 862 3038 al,
874 2961 915 3026 32
925 2961 1001 3026 dist.
1013 2961 1073 3026 lla
1087 2959 1311 3043 Decret.)Non
1322 2958 1393 3039 agi-

215 3073 270 3132 tur
289 3087 371 3150 ergo
393 3069 435 3134 de
460 3069 661 3134 mulieribus
676 3070 860 3153 suspectis;
877 3089 957 3135 nam
971 3071 1007 3134 in
1021 3069 1123 3136 citato
1137 3088 1165 3133 o.
1183 3069 1223 3132 32
1244 3067 1390 3132 dicitur:

215 3203 230 3234 α
244 3176 361 3244 Clerici
376 3178 419 3243 ad
431 3179 551 3244 viduas
562 3178 617 3244 vel
631 3178 792 3260 virgines,
806 3179 870 3242 nisi
885 3197 928 3242 ex
939 3181 1040 3262 jussu
1056 3178 1119 3258 ¹vel
1138 3177 1309 3260 permissu
1324 3175 1392 3258 epi-

214 3286 317 3369 scopi,
334 3304 404 3352 non
420 3287 593 3364 accedant,
612 3292 647 3351 et
663 3287 729 3352 hoo
747 3286 809 3352 soli
824 3304 895 3352 non
908 3287 1044 3363 faciant,
1063 3286 1123 3350 sed
1144 3303 1225 3349 cum
1238 3283 1311 3349 aliis
1326 3282 1392 3347 ele-

212 3394 300 3459 ricis.
312 3417 328 3452 a
339 3393 379 3458 lli
392 3411 553 3471 canones,
565 3394 779 3476 regularibus
792 3397 956 3460 institutis
971 3394 1107 3470 firmati,
1124 3412 1227 3477 quam
1241 3393 1391 3457 manime

213 3501 333 3566 aviris
352 3499 521 3584 religiosis
542 3503 747 3584 observandi
771 3509 861 3568 sunt.
878 3502 972 3568 Unde
995 3501 1208 3568 visitationes
1233 3499 1391 3565 solitarias

213 3609 420 3690 regularium
429 3612 503 3676 sine
514 3613 606 3677 socio
619 3614 761 3695 probato
771 3631 853 3694 erga
866 3613 1040 3690 feminam,
1057 3611 1277 3696 quantumvis
1290 3609 1392 3672 dero-

214 3727 293 3794 tam,
308 3725 420 3804 potest
434 3720 614 3804 prohibere
630 3721 820 3806 episcopus,
833 3721 945 3806 quoad
954 3739 1188 3806 quoscumque
1200 3723 1388 3801 exemptos.

452 3961 469 4036 §
488 3963 522 4020 lt.
543 3961 583 4022 lte
599 3962 696 4035 panca
716 3961 788 4022 totis
807 3967 914 4022 contra
932 3959 1150 4023 cohabitantes.

253 4149 287 4231 a)
296 4145 384 4213 Olim
397 4147 510 4213 clerici
522 4147 756 4213 cohabitantes
770 4165 831 4212 seu
846 4149 1088 4224 concubinarii,
1101 4154 1138 4211 ut
1147 4147 1212 4212 dial
1222 4142 1388 4220 solebant,

212 4256 314 4321 variis
341 4255 577 4340 plectebantur
602 4257 728 4340 poenis,
756 4256 817 4322 sed
842 4255 951 4322 hodie·
971 4255 1159 4322 servandus
1188 4261 1241 4320 est
1267 4254 1390 4320 modus

212 4366 375 4448 puniendi
390 4365 568 4431 a'lrident.
585 4366 741 4431 invectus
756 4365 851 4448 (sess.
867 4366 917 4442 ht,
935 4384 963 4431 c.
980 4368 1010 4442 6,
1030 4371 1064 4430 et
1077 4383 1161 4429 sess.
1175 4366 1226 4442 95,
1240 4383 1269 4428 c.
1284 4361 1326 4447 a).

251 4476 283 4538 1⁰
298 4473 444 4539 Clericus
468 4475 662 4540 monendus
686 4479 739 4539 est
761 4474 997 4557 personaliter,
1014 4481 1049 4539 et
1066 4493 1136 4540 non
1151 4472 1389 4539 tantummodo

172 4595 180 4611 ·
211 4603 273 4668 per
286 4585 436 4651 edictum
447 4583 638 4668 publicum;
653 4589 687 4648 et
701 4584 730 4648 si
744 4589 823 4667 post
836 4584 983 4668 primam
1001 4585 1229 4650 monitionem
1250 4601 1320 4648 non
1337 4583 1392 4650 ab

212 4696 371 4760 stinuerit
384 4713 405 4761 a
418 4695 669 4762 cohabitatione
686 4693 740 4758 rel
755 4693 1039 4777 frequentatione,
1050 4693 1124 4776 ipso
1140 4694 1391 4777 laotoprivatur

373 4823 406 4868 ιι.
1191 4801 1229 4865 13
