3510 5574
384 553 443 618 230
843 579 893 624 rus
915 578 1094 624 canonicus.
1141 564 1145 571 '

385 694 508 760 directe
519 712 580 759 seu
590 695 735 778 proprie,
748 696 776 759 si
784 695 960 779 pluralitas
972 695 1036 761 soii
1043 697 1113 780 juri
1121 697 1239 762 eccles.
1251 695 1465 770 adversatum
1479 711 1559 759 nam

386 800 418 863 S.
435 799 602 877 Pontifex,
617 803 675 886 qui
691 808 744 866 est
760 808 878 868 auctor
896 805 993 887 juris,
1010 803 1276 887 dispensetinre
1286 803 1437 888 propria
1450 802 1483 868 θ’
1497 801 1561 868 dis·

383 913 547 990 pensatur
562 909 720 974 riennecte
736 929 797 975 seu
808 911 1004 995 improprie,
1021 911 1158 995 quando
1171 910 1346 1000 pluralitas
1361 911 1561 976 adversatur

383 1017 451 1106 juri
464 1018 608 1084 naturali
621 1019 791 1097 indirecte,
804 1020 883 1104 quia
895 1022 953 1102 jus
966 1019 1120 1086 naturale
1135 1037 1205 1086 non
1221 1039 1258 1084 se
1274 1019 1428 1084 extendit
1440 1017 1483 1084 ad
1498 1017 1561 1083 eir-

385 1129 606 1192 cumstantias
618 1145 753 1202 omnes3
764 1133 799 1192 et
809 1128 886 1193 ideo
897 1129 1040 1194 materia
1052 1133 1166 1212 potest
1178 1129 1295 1194 lraberi
1308 1143 1384 1212 quaa
1397 1127 1433 1191 in
1446 1126 1560 1210 aliquo

385 1251 466 1299 casu
488 1252 557 1299 non
572 1237 787 1300 contineatur
801 1238 864 1300 sub
876 1239 953 1320 jure
975 1235 1130 1301 naturali.
1156 1235 1250 1300 Unde
1272 1235 1488 1320 dispensatur
1510 1253 1562 1299 ra·

387 1343 478 1408 tione
493 1345 645 1409 materia
659 1358 735 1430 quae
751 1346 975 1421 subducitum·
988 1344 1075 1410 sicut
1089 1343 1250 1426 obligatio
1265 1345 1348 1421 voti,
1362 1343 1560 1429 juramenti,

345 1494 352 1508 -
384 1454 498 1534 potest
510 1451 664 1526 relaxari,
680 1453 728 1518 ita
742 1453 845 1518 etiam
855 1452 921 1518 lex.

291 1603 299 1624 .
426 1561 455 1642 b)
470 1561 538 1642 Qui
548 1560 742 1646 dispensare
751 1560 945 1645 possr'nt?i⁰
956 1559 1054 1627 Solus
1066 1559 1156 1644 Papa
1170 1561 1212 1628 de
1227 1561 1438 1644 plenitudine
1452 1567 1563 1647 potes-

386 1670 464 1735 tatis
487 1668 689 1752 regulariter
702 1667 909 1752 {dispensare
935 1671 1066 1751 potest;
1089 1667 1145 1734 olii
1166 1687 1260 1746 uero,
1285 1687 1364 1734 eum
1385 1671 1563 1736 inferiores

384 1781 462 1854 sint,
472 1781 550 1862 Jure
563 1779 736 1844 communi
750 1777 946 1862 dispensare
960 1783 1147 1862 nequeunt,
1159 1779 1225 1843 nisi
1238 1779 1372 1864 speciali
1385 1779 1563 1864 privilegio

381 1886 480 1952 ideis
496 1891 677 1971 competat.
1218 1868 1221 1879 ’

424 1997 456 2059 2⁰
471 1995 625 2080 Episcopi
641 1997 795 2060 conferre
810 2001 955 2078 possunt
970 1996 1037 2060 duo
1060 1996 1225 2061 beneficia
1245 1997 1410 2082 simplicia
1430 2015 1565 2082 compa-

384 2102 499 2180 tibilia,
516 2104 571 2168 vel
586 2123 694 2169 unum
709 2107 865 2170 curatum
885 2109 919 2168 et
938 2103 1083 2169 alterum
1106 2105 1266 2187 simplex,
1284 2107 1499 2176 sinentrum
1524 2107 1567 2170 sit

382 2231 443 2294 per
466 2229 502 2276 sc
525 2213 698 2278 sufficiens
720 2212 763 2278 ad
781 2229 971 2294 congruam
992 2212 1295 2289 sustentationem;
1320 2215 1385 2280 hoo
1405 2214 1498 2279 enim
1518 2215 1567 2281 eis

385 2321 540 2404 permisit
555 2319 588 2384 G.
605 2320 693 2385 Trid.
709 2321 806 2403 (sess.
822 2320 873 2398 il,
888 2339 917 2384 c.
935 2321 984 2398 li,
1006 2321 1237 2405 (Indeserta).
1260 2321 1326 2386 Sed
1354 2323 1382 2386 si
1407 2323 1474 2389 duo
1497 2341 1566 2390 non

387 2429 594 2504 sufficerant,
612 2429 751 2494 tertium
760 2430 907 2513 adjicere
918 2447 989 2496 non
1003 2436 1155 2514 possent,
1167 2449 1209 2496 ex
1226 2431 1385 2497 declarat.
1396 2431 1427 2496 S.
1443 2431 1566 2515 Congr.

386 2535 485 2602 Gonc.
502 2537 627 2601 Verum
651 2539 680 2604 si
703 2538 868 2602 beneficis
891 2545 1007 2604 essent
1027 2544 1155 2618 curata,
1179 2539 1235 2605 vel
1256 2545 1396 2624 proptor
1416 2540 1570 2606 residen-

386 2645 468 2710 tiam
481 2645 697 2730 personalem
712 2645 988 2730 incompatibilia,
1000 2648 1179 2732 episcopus
1195 2649 1264 2713 duo
1278 2649 1434 2714 conferre
1449 2649 1570 2732 nequit

388 2755 461 2820 sine
487 2755 740 2839 dispensatione
751 2756 952 2840 Apostolicae
975 2757 1081 2822 Sedis.
1098 2757 1175 2823 llaeo
1188 2757 1332 2824 facultas
1347 2748 1568 2842 dispensandi

386 2861 512 2928 doario
528 2864 680 2960 generali
694 2881 763 2930 non
787 2867 951 2950 competit
972 2866 1045 2930 sine
1065 2865 1202 2950 speciali
1221 2866 1370 2951 episcopi
1392 2865 1567 2932 mandato.

427 2972 460 3035 3ο
484 2971 702 3038 Consuetudo
728 2974 925 3042 confercndi
949 2975 1014 3040 tria
1036 2975 1201 3040 bencileia
1227 2976 1291 3040 sub
1318 2975 1454 3041 diverso
1478 2979 1569 3041 tecto

390 3080 555 3166 simplicia
570 3085 604 3146 et
617 3083 856 3168 competibilis,
873 3082 957 3150 alias
972 3085 1013 3150 de
1029 3102 1066 3148 se
1080 3083 1332 3162 insufficientia,
1349 3083 1571 3167 non2videtur

390 3211 466 3258 esse
489 3192 689 3277 eormptela,
707 3212 785 3260 cum
805 3194 949 3260 utilitate
967 3195 1123 3260 dioecesis
1137 3193 1352 3260 cohonestari
1367 3194 1485 3278 possit.
1505 3193 1571 3258 Sed

391 3317 460 3365 non
474 3301 763 3368 idemdioendum
776 3303 938 3384 detribus
952 3302 1124 3368 beneflciis
1138 3301 1356 3371 ditiormibus
1369 3303 1432 3370 sub
1447 3301 1571 3371 codem

392 3411 491 3486 teoto,
509 3410 552 3476 ob
566 3411 715 3476 rationes
729 3412 886 3496 superius
900 3409 1030 3476 allatas.

612 3602 655 3652 lv.
673 3603 713 3654 Da
727 3600 820 3654 causis
836 3600 979 3666 requisitis
993 3601 1029 3654 ad
1045 3601 1098 3655 rite
1114 3599 1346 3666 dispensandum.

431 3740 464 3820 a)
481 3737 536 3802 An
557 3738 751 3822 reperiretur
767 3739 866 3819 justa
890 3757 1003 3814 masa,
1021 3748 1059 3803 at
1081 3739 1285 3824 dispensatio
1310 3759 1332 3804 a
1349 3739 1388 3806 S.
1405 3739 1573 3822 Pantifice'

391 3849 487 3930 sacta
497 3847 539 3911 sit
553 3847 693 3912 aalide?
705 3847 943 3931 Respondetur
956 3865 1035 3912 cnm
1050 3847 1266 3913 distinctione
1285 3869 1293 3912 τ
1310 3851 1341 3912 l⁰
1356 3849 1389 3914 Si
1404 3850 1572 3914 beneilcia

393 3959 473 4020 sunt
485 3955 722 4040 competibilia‚
737 3957 793 4020 vel
804 3959 882 4040 Jurc
896 3956 1123 4023 ecclesiastico
1138 3957 1413 4041 incompatibilia,
1434 3941 1580 4024 evidens

395 4071 446 4130 ter
459 4083 530 4131 non
550 4065 734 4150 requiritur
751 4069 846 4149 justa
866 4084 970 4130 causa
990 4072 1029 4130 ut
1049 4065 1257 4150 dispensatio
1277 4067 1392 4133 valida
1411 4069 1464 4132 sit.
1483 4068 1574 4150 Papa

395 4173 486 4237 enim
501 4177 582 4238 tunc
603 4174 776 4258 dispensat
797 4174 832 4238 in
850 4177 928 4258 jure
950 4193 1023 4241 suo.
1041 4175 1110 4240 lico
1122 4156 1239 4241 ¹tamen
1254 4175 1398 4258 intelligi
1413 4176 1516 4242 debet
1529 4177 1572 4242 de

395 4299 474 4347 casu
494 4301 561 4366 quo
581 4283 754 4367 dispensat
771 4303 813 4348 ex
830 4289 926 4350 motu
943 4285 1080 4370 proprio
1102 4291 1137 4349 et
1155 4289 1248 4349 certa
1266 4285 1424 4362 scientim
1445 4305 1526 4352 nam
1546 4287 1574 4350 si

395 4389 437 4454 ad
462 4391 659 4456 instantiam
679 4391 785 4475 partis
806 4391 1026 4476 supplicantis
1054 4393 1243 4477 dispenset,
1271 4397 1317 4457 et·
1333 4411 1437 4459 causa
1463 4394 1575 4460 linaiis

396 4495 542 4580 allegata
555 4499 600 4562 sit
611 4498 706 4576 lnlsa,
725 4501 799 4584 ipsa
814 4501 1022 4586 dispensatio
1036 4503 1127 4567 foret
1141 4501 1301 4576 invalida,
1318 4506 1356 4564 ut
1375 4504 1575 4586 subreptitia

396 4603 453 4668 vel
466 4605 654 4690 obreptitia.
670 4608 794 4674 Verum
816 4609 1023 4692 dispensatio
1038 4611 1127 4676 iacta
1140 4629 1161 4674 a
1172 4609 1265 4674 Sum.
1279 4611 1377 4676 Pout.
1395 4611 1572 4694 sinejusta

397 4731 500 4781 eausa
514 4720 565 4780 est
579 4713 702 4792 illicita,
721 4717 800 4800 quia
814 4717 846 4782 S.
863 4717 1019 4784 Pontifex
1040 4737 1109 4785 non
1132 4723 1185 4784 est
1203 4719 1447 4786 beneficiorum
1464 4719 1571 4785 domi-
