3498 5572
556 561 642 606 arnan
664 559 790 609 rannus
812 557 1033 605 prenarratur.
1325 537 1384 602 lli

202 677 488 759 congregationes
503 693 573 741 non
588 676 793 743 videbantur
807 673 1062 758 comprehensas
1077 672 1112 736 in
1128 671 1225 736 dictis
1239 671 1387 754 prohibi-

202 786 363 856 tionibus.

244 893 309 960 Sed
324 891 489 978 quidquid
508 893 552 956 sit
570 891 611 958 de
625 895 689 958 hac
704 877 917 968 extensione,
936 891 1077 956 dubium
1091 892 1144 954 est
1155 890 1245 954 hanc
1258 887 1384 970 legem,

203 1007 372 1087 quatenus
394 1003 438 1067 ad
460 1001 746 1082 congregationes
761 999 1015 1076 extenderetur,
1034 997 1159 1064 abiisse
1177 997 1213 1061 in
1228 996 1387 1060 desuetu-

204 1110 335 1187 dinem;
352 1129 434 1174 nam
456 1128 477 1174 a
497 1109 632 1174 duobus
657 1108 780 1174 abhinc
800 1107 934 1172 saeculis
957 1111 992 1170 et
1016 1105 1115 1182 ultra,
1133 1123 1244 1169 novus
1263 1103 1386 1168 modus

203 1219 352 1293 vivendi,
370 1217 428 1300 qui
444 1217 508 1282 tria
521 1221 602 1282 vota
616 1215 777 1298 religiosa
792 1215 958 1299 simplicia
973 1213 1174 1290 includeret,
1192 1213 1227 1276 in
1240 1211 1388 1276 Ecclesia

203 1327 359 1393 invectus
375 1330 438 1401 est,
455 1324 513 1408 qui
526 1323 620 1390 venit
637 1323 778 1388 nomine
795 1322 1087 1407 Conprepatiouia.

227 1434 274 1516 b)
289 1431 454 1497 strictiori
468 1430 572 1496 modo
586 1429 733 1496 Ecclesia
744 1431 919 1514 prohibuit
931 1430 1140 1496 erectionem
1150 1429 1387 1494 institutorum

204 1541 445 1624 religiosorum
455 1539 642 1623 duplicium
653 1541 798 1621 (canit,
810 1547 914 1604 carisa
924 1540 973 1618 l8‚
991 1540 1077 1623 (1.1).
1093 1539 1253 1604 Instituta
1274 1537 1388 1602 11111111-

205 1665 262 1720 tur
281 1655 430 1739 duplicia
451 1673 510 1720 sau
533 1656 656 1734 mista,
681 1654 818 1738 quando
843 1659 1004 1720 constant
1024 1654 1106 1718 viris
1131 1657 1165 1718 et
1187 1651 1388 1716 mulieribus

206 1763 318 1828 eidem
335 1763 501 1846 superiori
517 1768 551 1828 et
570 1763 805 1848 superiecisse}
828 1763 980 1846 generali
1005 1761 1178 1845 subjectis,
1202 1761 1249 1827 ita
1273 1767 1388 1826 tamen

206 1876 246 1936 ut
259 1872 483 1955 superiorissa
494 1871 662 1956 superiori
672 1871 825 1954 generali
841 1873 996 1954 subjecta
1010 1875 1159 1936 maneat.
1174 1870 1390 1953 Experientia

206 1979 299 2044 anim
313 1980 564 2046 demonstravit
575 1999 649 2046 rem
665 1997 741 2046 esse
756 1980 897 2063 periculi
916 1981 1067 2065 plenam,
1085 1977 1261 2062 speciatim
1277 1977 1389 2061 quoad

206 2087 402 2168 Beguardos
417 2088 641 2170 etBeguinas,
657 2088 955 2173 dequibusagitur
967 2089 1003 2152 in
1014 2086 1118 2152 Clam.
1133 2089 1164 2151 1·
1177 2087 1218 2150 dc
1230 2085 1387 2170 Rclr'pios.

205 2195 308 2260 ltlulto
324 2197 428 2261 etiam
441 2197 687 2280 periculosiora
701 2203 798 2262 erant
813 2199 1021 2262 monasteria
1037 2196 1197 2281 duplicia,
1214 2194 1249 2258 in
1266 2194 1389 2278 quibus

206 2302 334 2368 scilicet
355 2305 495 2370 insimul
518 2306 677 2371 monachi
694 2311 729 2370 et
753 2307 922 2372 moniales
936 2305 1192 2380 inhabitabant;
1208 2304 1389 2387 ideoquea

203 2412 281 2492 jure
295 2411 406 2492 rigide
422 2414 592 2496 prohibita
612 2419 702 2478 sunt.

245 2517 395 2584 instituti
409 2520 553 2604 duplicis
575 2521 772 2605 exemplum
796 2541 916 2588 recens
939 2521 1125 2588 habuimus
1145 2521 1181 2584 in
1201 2537 1391 2601 congrega-

207 2627 299 2694 tione
314 2629 447 2711 vulgari
462 2617 606 2696 nomina
619 2631 668 2695 da'
681 2630 803 2715 Picpus
817 2631 998 2715 appellata,
1020 2649 1095 2714 quae
1110 2629 1227 2694 multis
1242 2627 1389 2692 dissidiis

207 2735 344 2816 agitata,
361 2737 486 2802 iterum
508 2739 667 2822 probavit
681 2739 761 2804 talia
780 2739 936 2804 instituta
959 2758 1030 2805 non
1050 2755 1126 2804 esse
1148 2735 1189 2804 de
1213 2755 1304 2802 novo
1329 2735 1391 2800 eri-

206 2843 339 2924 genda,
357 2850 396 2908 ut
417 2847 626 2912 sullicienter
640 2851 776 2913 constat
789 2866 832 2914 ex
847 2847 984 2914 decreto
999 2848 1032 2910 S.
1049 2845 1215 2928 Congreg.
1232 2843 1338 2928 Episc.
1358 2849 1393 2909 et

208 2949 326 3034 Regul.
345 2954 408 3017 sub
422 2955 461 3018 17
472 2956 608 3038 januar.
627 2955 716 3022 tato.

247 3060 422 3143 Ejusmodi
434 3063 599 3128 institutis
614 3081 684 3128 non
698 3063 873 3134 absimiles
896 3068 978 3128 sunt
997 3063 1154 3148 quaedam
1169 3063 1392 3145 affiliatioucs

207 3171 516 3252 congregationum
538 3190 696 3237 sororum
718 3172 819 3238 alicui
840 3173 997 3237 instituto
1018 3173 1171 3237 virorum
1189 3192 1196 3234 ε
1217 3189 1321 3256 quare
1349 3189 1394 3236 ex

207 3278 318 3342 citatis
332 3278 512 3346 cardinalis
527 3280 650 3346 Bizarri
673 3281 895 3346 Collectoacia
913 3286 1048 3346 constat
1074 3280 1149 3344 illas
1175 3279 1392 3344 alssliationes

209 3385 293 3450 nihil
302 3385 395 3451 aliud
416 3405 493 3452 esse
509 3389 577 3452 nisi
601 3387 786 3472 duplicium
801 3391 1037 3454 institutorum
1056 3407 1135 3454 cum
1159 3387 1277 3452 frauda
1294 3387 1393 3451 ellor-

209 3493 408 3570 mationem,
425 3513 445 3562 a
458 3495 581 3562 Sancta
593 3497 679 3562 Sede
699 3497 840 3562 minime
855 3499 1043 3580 probatam.

701 3712 837 3776 SEGTIO
859 3713 898 3774 ll.

673 3857 722 3909 De
748 3859 927 3911 novitiatu.

428 4005 449 4063 l.
465 4011 587 4072 Qulnam
603 4013 713 4076 possint
729 4004 861 4079 amplecti
876 4017 983 4070 statum
1000 4015 1182 4082 religiosum?

253 4140 286 4221 a)
308 4139 517 4206 Generaliter
539 4160 660 4207 omnes
673 4143 848 4209 christiani
872 4138 931 4230 'qm
953 4147 1031 4228 jure
1057 4163 1127 4210 non
1150 4145 1392 4228 prohibentur;

213 4247 434 4329 namreligio,
452 4267 530 4314 cum
544 4251 588 4314 sit
603 4251 645 4316 de
661 4249 795 4332 meliori
808 4253 910 4329 bono,
922 4253 1030 4318 cuivis
1041 4253 1277 4336 cstpermissu.
1292 4251 1396 4316 Gene-

213 4355 313 4418 ratim
335 4356 514 4436 ingressus
537 4358 573 4422 in
596 4357 799 4440 religionem
826 4361 966 4425 easdem
986 4361 1129 4447 requirit
1149 4361 1329 4444 qualitates
1355 4380 1394 4426 ac

213 4463 1394 4552 ingressusinclerum,relativeadprobitatemvitae:dequaconstara

214 4570 315 4634 debet
326 4591 369 4635 ex
382 4571 504 4638 litteris
521 4575 805 4640 testimonialibus
821 4575 1081 4652 ordinariorum,
1101 4579 1201 4660 juxta
1220 4576 1395 4641 decretum

215 4681 247 4742 S.
265 4677 431 4762 Congreg.
450 4699 553 4764 super
567 4687 656 4747 statu
670 4683 817 4764 regular.
834 4684 874 4748 15
885 4686 1020 4764 januar.
1038 4683 1127 4748 1818.

357 4809 388 4851 u.
1215 4795 1253 4858 17
