3504 5572
374 565 435 628 298
835 581 888 628 ros
910 581 1090 628 canonicari.

415 703 442 780 c)
464 700 571 764 Varie
586 708 786 764 sternamus
805 720 847 762 ec
860 699 980 782 quibus
995 700 1126 762 uariari
1139 708 1251 786 potest
1262 703 1425 784 pretium.
1442 703 1473 766 l⁰
1488 703 1555 766 llu-

374 807 448 889 geri
462 811 576 892 potest
589 809 653 873 hoc
668 808 711 872 ob
722 807 872 890 inopiam
884 807 1050 873 mercium
1065 811 1100 872 et
1111 812 1307 891 emptorum
1318 810 1464 893 copiam,
1476 811 1554 876 siva

375 917 419 980 ob
432 918 581 998 majores
596 915 741 990 labores,
757 914 918 998 pericula,
934 917 1091 997 sumptus
1113 915 1148 978 in
1162 916 1332 997 ejusmodi
1343 919 1446 982 rebus
1461 917 1555 984 oolli-

375 1023 508 1104 gendis,
525 1022 750 1106 asportandis,
767 1023 847 1106 quia
869 1023 1073 1087 haecomnia
1094 1027 1175 1086 sunl
1197 1024 1307 1106 pretio
1330 1025 1552 1104 aestimabilia,

376 1131 448 1195 sive
477 1133 528 1215 ob¹
547 1131 681 1196 luorum
706 1147 855 1204 cessans,
887 1129 1052 1195 damnum
1072 1149 1255 1212 emergens
1282 1137 1342 1197 eut
1365 1133 1555 1216 periculum

245 1241 248 1248 '
376 1239 566 1316 amittendi,
595 1239 675 1324 quia
700 1256 803 1304 namo
825 1256 904 1302 oum
929 1237 1107 1321 dispendio
1132 1257 1196 1304 suo
1228 1239 1431 1304 beneficium
1458 1241 1555 1306 alteri

376 1349 531 1412 conferre
546 1351 694 1412 tenetur.

416 1457 449 1519 2⁰
463 1455 542 1520 Sola
555 1454 755 1536 indigentia,
771 1455 958 1518 necessitas
968 1453 1024 1518 vel
1038 1453 1167 1520 utilitas
1178 1453 1390 1537 particularis
1403 1473 1475 1520 non
1490 1459 1556 1522 sul·

376 1563 446 1629 sscit
460 1567 499 1628 ut
518 1581 574 1627 res
595 1563 707 1628 conus
730 1562 901 1628 vendatur
914 1561 971 1626 vel
985 1562 1086 1627 vilius
1102 1567 1258 1628 ematur:
1277 1562 1325 1626 ita
1342 1565 1557 1630 communior
1621 1627 1624 1634 l

378 1672 679 1736 sententiabantra
691 1670 835 1754 aliquos,
854 1671 912 1754 qui
927 1689 997 1735 non
1016 1670 1135 1734 vident
1155 1669 1337 1736 discrimen
1360 1672 1451 1736 inter
1472 1673 1558 1737 indi-

377 1780 530 1862 gentiam
543 1779 712 1863 privatam
723 1783 758 1843 et
770 1777 941 1861 publicem
957 1797 964 1840 :
980 1777 1041 1843 sed
1050 1777 1137 1842 ratio
1152 1777 1209 1842 illa
1221 1778 1379 1856 satfusa,
1394 1781 1429 1843 et
1440 1798 1558 1864 seque-

378 1893 474 1956 retur
487 1887 580 1972 quod
594 1907 626 1952 v.
643 1904 676 1967 g.
693 1887 792 1970 panis
815 1887 927 1952 carius
941 1886 1045 1954 vendi
1058 1887 1167 1971 possit
1184 1886 1340 1952 famelico
1356 1891 1391 1952 et
1404 1888 1556 1971 pauperi,

379 2014 482 2078 quam
498 1994 603 2059 diviti.
621 1993 781 2078 Sequitur
795 1994 955 2078 quadres
970 2013 1040 2060 non
1054 1999 1169 2078 potest
1187 1997 1308 2062 cariori
1327 1997 1437 2080 pretio
1457 1995 1560 2060 vendi

378 2103 569 2186 peregrinis
590 2121 652 2185 per
664 2101 740 2167 loca
762 2103 1031 2180 transeuntibus,
1050 2121 1154 2188 quam
1167 2103 1413 2180 incolis;‚nam‚
1429 2122 1473 2168 ex
1491 2122 1560 2169 una

379 2215 487 2298 parte,
507 2216 560 2276 est
582 2210 768 2276 necessitas
790 2210 988 2276 volatilitas
1013 2211 1156 2294 privata,
1173 2217 1208 2276 et
1231 2212 1406 2289 exaltem,
1428 2230 1560 2278 meroes

381 2318 484 2384 vendi
499 2321 677 2401 nequeunt
689 2317 756 2384 alio
770 2319 881 2401 pretio
897 2337 1001 2403 quam
1013 2320 1119 2400 justo.

337 2465 338 2470 κ
421 2427 454 2490 3·’
476 2426 611 2491 Privata
632 2427 754 2491 notitia
775 2427 817 2492 de
839 2427 949 2509 pretio
972 2428 1076 2492 breve
1100 2427 1287 2494 minuendo
1313 2428 1370 2492 vel
1388 2427 1559 2510 augendo,

382 2533 590 2618 probabilius
603 2553 710 2618 perse
725 2553 796 2602 non
810 2535 1100 2618 obestquominus
1114 2535 1265 2600 currenti
1279 2537 1389 2618 pretio
1404 2535 1564 2600 venditor

384 2643 534 2709 vendere
565 2647 599 2706 et
622 2647 757 2727 emptor
782 2661 897 2708 emere
920 2643 1048 2726 possit;
1076 2661 1157 2708 nam
1177 2661 1318 2708 currens
1341 2643 1490 2726 pretium
1511 2648 1565 2708 eet

382 2755 527 2834 justum,
552 2755 586 2815 et
604 2751 726 2816 nolitia
746 2751 880 2836 private
895 2769 967 2816 non
983 2752 1064 2816 iacit
1083 2751 1165 2817 illud
1189 2753 1368 2836 injustum,
1390 2769 1454 2818 neo
1468 2751 1565 2836 ponit

386 2859 524 2944 aliquod
548 2860 671 2926 vitium
695 2861 920 2926 intrinsecum
943 2861 980 2924 in
1002 2879 1126 2926 merce.
1149 2861 1277 2926 Tamen
1301 2859 1417 2944 plures
1436 2865 1565 2941 negant
1656 2918 1659 2922 .

386 2985 537 3032 meroem
551 2973 633 3033 tunc
644 2969 747 3034 vendi
762 2987 863 3052 posse
876 2969 986 3052 prelio
1002 2970 1161 3044 currenti,
1177 2969 1257 3052 qnia
1269 2969 1418 3054 pretium
1431 2971 1565 3053 justum

385 3096 456 3142 non
469 3077 633 3146 landatur
646 3079 682 3142 in
697 3095 823 3154 errore,
841 3077 950 3142 sedin
964 3077 1119 3142 veritate.

426 3187 491 3252 Per
503 3186 671 3260 accidens,
683 3186 830 3251 charites
847 3183 969 3250 suadet
982 3183 1192 3250 eontrarium
1204 3202 1318 3266 agere,
1330 3203 1412 3250 casu
1427 3203 1495 3268 quo
1505 3203 1567 3268 per

386 3293 585 3379 hujusmodi
606 3293 1029 3378 emptiones-venditiones
1047 3292 1225 3375 proximus
1246 3292 1491 3358 in'extremem
1510 3291 1566 3356 vel

386 3419 529 3484 gravem
542 3401 783 3466 necessitatem
797 3399 1021 3482 redigeretur.

427 3509 491 3572 Alii
515 3528 615 3576 cesus
640 3527 726 3593 quos
749 3513 943 3590 congerunt
963 3508 1121 3574 nonnulli
1148 3507 1219 3586 GC„
1248 3508 1334 3575 solvi
1357 3513 1502 3593 possunt
1523 3527 1567 3576 ex

389 3609 496 3686 diotis,
514 3627 576 3674 sen
590 3609 743 3674 revocari
756 3607 798 3672 ad
813 3626 914 3672 casus
929 3611 1160 3674 enumeratos.

859 3827 1018 3890 sncrlo
1042 3827 1096 3890 IV.

594 3974 643 4027 De
659 3973 922 4040 obligetlonlbus
935 3973 1123 4028 venditoris
1138 3975 1174 4026 et
1189 3973 1360 4040 emptoris.

773 4146 792 4196 1.
811 4141 1002 4208 obligationes
1017 4142 1183 4196 venditoris.

431 4277 464 4354 α)
474 4274 509 4339 Si
521 4275 643 4339 vitium
654 4279 707 4340 est
716 4275 748 4338 l⁰
761 4273 797 4340 in
808 4274 999 4340 substantia
1013 4275 1073 4351 rei,
1091 4279 1130 4338 ut
1144 4274 1172 4338 si
1187 4273 1315 4340 vitrum
1328 4275 1495 4340 habeatur
1508 4293 1568 4357 prc

391 4403 540 4465 gemma,
549 4383 708 4450 venditor
719 4387 855 4450 tenetur
864 4383 946 4448 illud
956 4383 1317 4464 manifestore;secus‚
1324 4385 1402 4466 jure
1410 4383 1567 4460 naturali,

391 4496 586 4560 contractus
601 4498 654 4558 est
666 4493 792 4570 nullus,
808 4512 889 4559 nam
912 4493 948 4557 in
964 4493 1021 4558 tali
1047 4511 1129 4558 casu
1148 4492 1246 4558 deest
1268 4510 1458 4558 consensus
1480 4509 1570 4574 emp-

394 4601 492 4678 toris;
509 4602 632 4669 deinde
646 4604 682 4668 in
696 4605 771 4669 loro
786 4607 929 4670 externo
942 4603 1042 4668 datur
1055 4603 1143 4668 actio
1158 4603 1201 4667 de
1216 4602 1306 4668 dolo.

434 4711 466 4776 2⁰
482 4711 514 4775 Si
531 4712 652 4776 vilium
672 4711 842 4779 occultum
858 4717 911 4777 est
931 4711 966 4776 in
982 4707 1185 4794 pransitare,
1204 4715 1238 4775 et
1252 4709 1404 4776 venditio
1428 4727 1498 4776 noo
1512 4711 1572 4776 nst
