3296 6630
353 527 435 582 ssars
456 532 642 581 arosrcuor.
663 533 798 582 orosam
818 529 855 580 rc
878 526 1127 581 eeclarrrrcans.
1273 511 1333 580 819

188 653 224 714 ut
239 658 350 714 unum
362 667 465 712 vocem
476 651 606 714 habeant
619 653 794 729 dignitates,
808 658 839 713 et
849 652 988 712 canonici
1003 651 1106 724 simul,
1116 657 1260 727 quantam
1270 653 1329 728 ipsi

152 744 328 818 portionarii
340 743 448 819 (111111),

189 834 358 893 Praesertim
376 834 413 892 ad
439 834 610 894 avitandum
628 833 805 904 absurdum,
829 847 998 908 exsurgens
1021 847 1058 890 ex
1071 830 1331 906 praeponderantia

153 923 269 981 numeri
283 923 498 982 canonicorum
514 921 624 998 (thid).

188 1015 220 1071 ln
254 1011 372 1070 actibus
402 1011 630 1083 capitularibus
651 1011 797 1088 suffragia
829 1015 902 1070 sunt
929 1007 1129 1082 computanda
1153 1007 1331 1082 singillatim

152 1101 262 1176 (laidi,

189 1191 265 1260 Quia
278 1191 448 1264 collegium,
463 1191 534 1250 licet
546 1191 746 1265 compositum
761 1207 798 1250 ex
813 1189 957 1250 membris
971 1189 1081 1248 diversi
1096 1187 1223 1258 ordinis,
1243 1201 1332 1246 unam

153 1279 243 1338 babet
256 1295 358 1338 vocem
374 1280 605 1354 computandam
619 1295 637 1339 a
650 1281 817 1354 majoritate
832 1279 1047 1354 suffragiorum
1063 1277 1169 1351 (thid).

188 1369 393 1438 mansionarii,
407 1370 567 1443 caeterique
581 1369 748 1428 bencllciati
764 1370 898 1430 ecclesiae
911 1368 1090 1428 cathedralis
1114 1373 1144 1426 et
1155 1367 1346 1440 collegiata,

154 1471 248 1530 quum
261 1472 321 1516 non
337 1459 443 1518 sintde
454 1461 569 1534 gremio
583 1459 717 1532 capituli,
737 1458 891 1517 aterendo
917 1459 948 1516 in
976 1455 1195 1530 capitularibus
1218 1456 1336 1515 actibus

154 1544 298 1620 suliragic
311 1547 433 1606 arcendi
450 1554 523 1606 sunt
536 1543 661 1618 (Calon,
674 1549 766 1608 Elect.
781 1563 860 1617 rom,
877 1553 892 1605 5
903 1549 960 1622 jul.
978 1547 1086 1621 t738,§
1099 1547 1137 1619 1).

189 1639 309 1705 Verum,
334 1642 466 1710 possunt
483 1637 699 1711 capitularibus
719 1638 837 1698 actibus
855 1637 1019 1712 aliquando
1048 1637 1212 1707 interesse,
1234 1635 1336 1708 ibique

155 1724 334 1802 suffragium
353 1741 445 1784 suum
461 1742 522 1786 una
536 1741 606 1786 cum
620 1727 776 1786 canonicis
795 1729 937 1801 prolerre.
953 1727 980 1785 si
995 1726 1024 1784 id
1036 1727 1116 1800 juris
1134 1726 1198 1786 sira
1212 1741 1249 1783 ex
1264 1739 1335 1797 npe-

155 1813 263 1873 stolico
278 1813 407 1884 indulto,
421 1815 468 1873 vel
482 1815 615 1875 ecclesiae
628 1821 751 1886 statuto,
765 1817 811 1874 uel
826 1815 959 1891 legitima
973 1813 1205 1884 consuetudine,
1221 1813 1283 1872 sive
1299 1829 1335 1870 ex

155 1901 238 1962 illius
252 1907 454 1963 reservatione
468 1905 567 1978 quood
582 1905 713 1978 aliquem
728 1912 828 1965 actum
842 1921 895 1980 per
913 1905 1101 1964 fundatorem
1121 1905 1209 1976 lacta,
1232 1901 1335 1975 acqui-

155 1989 272 2050 sierunt
286 1991 393 2066 (1111111.

190 2081 392 2141 intrinsecum
425 2081 558 2142 cilicium
587 2083 763 2142 scrutatoris
788 2084 819 2141 in
843 2083 891 2141 bis
917 2081 1015 2140 tribus
1044 2079 1197 2149 consistit,
1228 2092 1337 2150 nempe

156 2175 269 2228 secrete
286 2171 413 2229 scrutari
426 2171 574 2246 suffragia
587 2172 774 2246 eligentium,
797 2185 891 2246 eaque
912 2171 944 2229 in
967 2171 1113 2243 scriptum
1133 2168 1282 2244 redigere,
1309 2174 1338 2227 et

155 2259 199 2317 sie
209 2258 327 2318 redacta
341 2259 494 2333 publicare
508 2259 612 2330 limet,
627 2261 693 2320 lar.
709 2275 785 2333 cop„
802 2263 836 2317 11
850 2259 921 2317 maii
935 2263 1015 2328 1771,
1028 2259 1045 2332 §
1062 2257 1115 2331 19).

191 2351 223 2406 ln
239 2349 395 2408 scrutiniis
405 2365 473 2424 quae
487 2350 605 2410 huntio
621 2351 761 2424 capitulis
773 2349 998 2418 cathedralium,
1009 2347 1186 2424 pallumjus
1195 2345 1338 2418 competit

156 2437 355 2512 dignitatibus
377 2441 429 2499 illa
446 2441 695 2516 recognoscendi,
721 2441 774 2500 sed
793 2441 844 2513 jus
869 2445 916 2498 est
936 2437 1066 2512 capitulo
1095 2437 1173 2496 duos
1197 2435 1242 2494 rel
1271 2439 1335 2492 tres

156 2534 341 2588 scrutatores
358 2531 481 2606 eligere,
496 2531 549 2604 qui
564 2531 594 2590 id
605 2537 809 2604 exsequantur
819 2529 927 2602 (111111.

190 2619 226 2674 Et
240 2617 330 2678 iidem
351 2625 536 2680 scrutatores
554 2627 696 2680 tenentur
711 2636 747 2679 ex
762 2618 863 2679 cilicio
883 2634 937 2692 per
961 2617 1082 2690 seipsos
1098 2615 1236 2690 protinus
1258 2613 1334 2672 alee-

156 2703 268 2765 tionem
283 2707 436 2780 publicare
449 2709 560 2782 (liridi.
664 2767 665 2770 ,

192 2799 284 2856 Posse
299 2797 601 2873 archipresbyterum,
625 2800 714 2858 etiam
736 2800 817 2873 quod
837 2813 898 2857 non
913 2799 954 2857 sit
967 2798 1004 2858 dc
1018 2795 1160 2869 capitulo,
1173 2805 1337 2852 convocare

156 2886 322 2958 capitulum
337 2903 391 2960 pro
406 2887 497 2948 rebus
513 2893 625 2948 statum
640 2877 775 2948 ecclesie'c
788 2887 1040 2948 concernentibus
1059 2887 1102 2959 (N.
1127 2887 1206 2954 1511,
1230 2883 1266 2942 ad
1292 2887 1336 2952 ll,

156 2977 205 3034 die
216 2982 249 3036 16
264 2983 343 3050 sept.
362 2979 451 3052 1615).

192 3067 442 3128 convocationem
461 3070 584 3144 capituli
604 3072 640 3130 cd
667 3071 959 3145 archipresbyterum
982 3073 1116 3142 spectare
1138 3065 1182 3124 uti
1208 3065 1334 3138 primam

156 3155 332 3230 dignitatem
348 3161 391 3229 (Ν.
406 3163 488 3230 2869,
504 3160 540 3218 ad
556 3165 582 3228 l,
598 3159 647 3219 die
661 3166 695 3220 26
711 3177 780 3220 nov.
797 3162 888 3235 ltili).

192 3249 307 3306 Mortuo
321 3249 474 3322 episeopo,
490 3256 559 3308 anta
570 3249 745 3310 electionem
759 3250 863 3310 vicarii
878 3249 1063 3323 capitularis
1076 3257 1241 3305 convocare
1255 3245 1336 3318 capi·
1399 3259 1403 3264 ·

155 3335 253 3395 tulum
268 3343 384 3412 spectat
394 3339 431 3397 ad
446 3339 574 3411 primam
587 3339 776 3414 dignitatem,
791 3353 858 3412 quae
873 3339 914 3400 sit
927 3337 1104 3404 canonicus,
1115 3333 1337 3405 etdeindegra-

157 3425 250 3484 datim
262 3429 298 3486 ad
314 3428 389 3488 alias
404 3429 577 3504 dignitates
592 3443 659 3502 quae
674 3429 786 3502 pariter
802 3429 865 3489 siat
879 3427 1015 3486 canonici
1031 3426 1075 3500 (Ν.
1093 3429 1174 3494 ³855,
1189 3423 1226 3482 ed
1246 3427 1273 3493 d,
1289 3422 1337 3480 die

157 3519 192 3573 id
206 3531 277 3590 aug.
292 3521 384 3590 1713).

193 3605 225 3661 ln
240 3605 383 3677 capitulo,
398 3607 543 3666 vicarium
558 3607 706 3681 generale,
723 3608 766 3666 uti
781 3605 937 3674 vicarium,
953 3619 1013 3663 non
1027 3603 1137 3662 habere
1159 3617 1275 3672 vocem,
1293 3603 1337 3660 uti

157 3705 229 3750 vero
244 3695 434 3768 canonicum,
450 3697 573 3756 nonnisi
588 3697 620 3755 in
633 3697 700 3756 loce
715 3711 779 3756 suaa
797 3695 977 3770 receptionis
989 3695 1033 3768 (N.
1050 3696 1130 3764 litt,
1149 3692 1197 3751 die
1213 3697 1245 3750 17
1267 3691 1337 3766 julii
1374 3697 1381 3712 ·

194 3869 240 3930 Ad
253 3871 398 3934 dubium:
420 3880 464 3934 dn
479 3877 642 3952 dignitates
667 3875 802 3936 ecelesiae
827 3875 1008 3950 llajoriccn„
1032 3872 1170 3946 quamvis
1191 3885 1252 3928 non
1277 3871 1339 3928 sint

160 3961 309 4033 canonici,
322 3962 451 4022 habeant
464 3965 563 4025 locum
578 3971 608 4024 et
619 3979 723 4025 vocem
736 3965 769 4023 in
784 3965 915 4039 capitulo
931 3965 963 4023 in
989 3961 1131 4022 omnibus
1153 3973 1338 4019 concernen-

159 4049 243 4108 tibus
253 4049 365 4110 bonum
375 4053 509 4127 regimen
516 4054 662 4126 ecelesiae,
674 4054 805 4127 exceptis
815 4060 931 4112 tammo
944 4067 1012 4126 quae
1021 4055 1210 4110 concernunt
1220 4049 1337 4106 tructus

160 4152 273 4197 mensae
288 4141 487 4213 capitularis?
510 4145 539 4200 S.
556 4143 588 4201 C.
609 4145 642 4200 lt.
658 4157 739 4215 resp.
761 4143 899 4216 negative
920 4141 969 4214 (ad
991 4145 1017 4210 1,
1039 4139 1087 4197 die
1102 4142 1136 4196 iti
1156 4151 1227 4212 aug.
1247 4140 1337 4204 1713).

196 4225 242 4286 lat
255 4227 377 4288 dubiam
392 4247 402 4290 :
416 4235 461 4289 Aa
484 4231 650 4290 canonicus
671 4231 806 4290 nondum
820 4232 853 4290 in
868 4233 898 4289 S.
913 4229 978 4288 ord.
997 4227 1195 4297 constitutus,
1213 4225 1260 4283 tel
1276 4239 1338 4282 non

161 4315 277 4374 hahens
292 4323 408 4376 atatem
423 4335 477 4391 pro
491 4323 521 4380 S.
534 4320 598 4378 ord.
614 4320 709 4392 possit
722 4319 832 4379 habore
845 4333 949 4378 vocem
963 4319 995 4376 in
1010 4315 1152 4390 capitulo,
1172 4321 1202 4372 et
1223 4314 1295 4387 quid
1312 4313 1338 4370 si
1362 4323 1365 4329 ·

163 4405 253 4463 luerit
266 4405 461 4480 dispensatus
484 4425 576 4484 super
588 4411 706 4470 delectu
729 4411 846 4470 aetatis?
861 4411 890 4468 S.
914 4409 945 4470 d.
968 4411 1002 4466 lt.
1023 4403 1180 4480 respondit
1199 4403 1336 4477 aepactae

163 4493 370 4573 corticemque
382 4505 499 4571 portem
516 4499 560 4570 (ad
575 4503 620 4571 iti,
636 4500 684 4558 die
699 4504 732 4560 te
744 4499 812 4576 julii
828 4499 919 4574 11311).
