3504 5572
378 601 439 670 330
840 621 891 670 ιιι
913 619 1093 667 eanonicus.

375 739 434 820 jus
453 737 550 804 Rom.
568 741 603 802 et
617 737 713 814 aab,
725 743 788 804 art.
800 739 882 803 2080
896 736 975 803 God.
992 737 1164 820 civ.),sive
1178 743 1217 803 ιιι
1229 757 1301 804 non
1314 745 1431 805 utatur
1443 759 1481 806 re
1496 757 1557 823 pro

379 865 443 912 suo
456 845 651 922 commodo,
666 847 732 912 nisi
746 850 976 930 presumatur
992 863 1182 912 consensus
1195 847 1335 924 domini,
1352 849 1425 914 siva
1439 854 1489 928 ut,
1505 867 1558 915 so

379 955 453 1020 luto
468 951 593 1033 debito,
612 975 687 1020 rem
700 957 918 1040 pignoratam
932 955 1091 1020 restituat
1107 973 1186 1020 cum
1201 956 1361 1021 omnibus
1379 958 1554 1035 fructibus,

379 1063 438 1146 (ita
458 1063 562 1129 atium
582 1067 767 1149 utrumque
783 1067 841 1148 jus
856 1063 953 1128 Rom.
972 1067 1007 1127 ιι
1022 1060 1118 1138 aab,
1132 1067 1195 1127 art.
1207 1063 1287 1128 2080
1301 1062 1380 1129 God.
1393 1065 1482 1147 cin).
1498 1065 1558 1130 'ib-

378 1191 460 1238 men
474 1173 503 1237 si
516 1173 660 1239 maritus
672 1175 806 1240 *babeat
826 1173 951 1257 pignus
966 1189 1029 1256 pro
1048 1171 1127 1237 dote
1142 1172 1206 1236 sibi
1225 1173 1408 1256 promissa,
1426 1192 1496 1238 non
1510 1177 1557 1239 te-

377 1285 479 1346 netur
489 1282 620 1348 tructus
631 1283 825 1358 restituere,
837 1281 917 1367 quia
928 1281 1060 1347 tructus
1073 1280 1129 1346 isti
1139 1281 1266 1347 cedunt
1278 1281 1321 1347 ad
1334 1283 1558 1350 sustentanda

377 1405 484 1456 onera
496 1390 716 1456 matrimonii.

416 1499 443 1581 a)
464 1497 624 1564 Actiones
653 1517 729 1584 quae
750 1499 908 1564 oriuntur
935 1517 978 1564 ex
1000 1503 1179 1564 contractu
1198 1499 1434 1582 pignoratitio,
1452 1503 1554 1563 sunt:

377 1606 409 1669 ιι
423 1607 511 1672 ιιιίο
531 1605 787 1690 hypothecaria,
806 1625 868 1672 seu
889 1605 993 1683 utilis,
1012 1609 1212 1690 competens
1233 1607 1409 1683 creditori,
1424 1611 1463 1670 ut
1483 1623 1557 1671 rem

376 1715 440 1782 sibi
459 1715 676 1800 pignoratam
695 1716 868 1782 vindicare
890 1717 1037 1801 possita
1057 1717 1211 1781 debitore
1232 1716 1288 1781 vel
1310 1715 1377 1782 alio
1396 1733 1558 1800 quocum-

245 1797 248 1886 s
377 1843 442 1906 que
457 1841 668 1906 possessore.
683 1824 877 1890 Notandum
902 1829 955 1889 est
974 1823 1066 1909 quod
1082 1825 1173 1908 apud
1187 1843 1251 1890 nos
1272 1824 1463 1908 hypotheca
1481 1841 1558 1888 con-

375 1931 582 1997 ventionalia
595 1951 666 1998 non
681 1933 785 1998 habet
798 1933 952 2010 effectus,
969 1935 1036 1999 nisi
1050 1935 1140 2000 iacta
1152 1935 1196 1998 sit
1206 1933 1382 2016 inscriptio
1393 1935 1465 2015 (art.
1479 1933 1559 1997 artu

375 2039 456 2105 God.
472 2039 562 2122 cin),
579 2044 614 2105 et
628 2042 701 2106 haeo
714 2041 891 2125 inscriptio
913 2042 1015 2107 debet
1029 2041 1188 2106 renovari
1208 2041 1360 2126 quolibet
1381 2039 1556 2116 decennio,

375 2152 438 2212 art.
450 2147 546 2224 tibh
561 2167 660 2213 secus
675 2149 853 2227 amittitur,
866 2167 937 2214 non
952 2149 1095 2232 praecise
1105 2149 1306 2232 hypotheca,
1316 2147 1376 2212 sed
1386 2151 1461 2231 ejus
1476 2147 1559 2212 ordo

373 2271 444 2336 prae
457 2255 588 2320 caeteris
602 2255 841 2322 creditoribus.
859 2257 987 2322 Tamen
1001 2261 1121 2322 contra
1130 2257 1269 2320 tertium
1279 2275 1349 2322 non
1358 2257 1557 2333 intentetur,

374 2361 440 2426 nisi
463 2362 558 2445 prius
584 2381 729 2429 excusso
754 2364 911 2429 debitore
934 2362 1122 2448 principali.
1145 2362 1223 2428 Haec
1248 2365 1337 2428 actio
1365 2369 1418 2428 ιιι
1444 2363 1556 2430 realis.

374 2469 407 2532 ιι
417 2470 512 2536 Actio
521 2471 743 2556 pignoratitia
753 2473 948 2557 personetis
961 2471 1098 2549 directa,
1109 2477 1308 2556 competens
1324 2472 1467 2537 debitori
1481 2489 1559 2536 con-

375 2583 427 2644 tre
440 2579 656 2656 creditorem,
673 2585 722 2658 ut,
737 2581 850 2646 soluto
865 2581 1000 2662 integro
1017 2580 1142 2656 debito,
1159 2581 1285 2664 pignus
1300 2597 1380 2644 cum
1392 2581 1558 2644 fructibus

376 2687 544 2766 restituat,
563 2692 598 2754 et
612 2689 738 2754 damna
751 2689 845 2754 illata
858 2689 1033 2754 resarciet.
1048 2687 1270 2771 pignoratitia
1283 2689 1453 2754 contraria
1466 2705 1559 2753 com-

375 2795 461 2879 petit
481 2796 642 2862 creditori
655 2802 777 2864 contra
790 2797 993 2873 debitorem,
1011 2801 1050 2860 ut
1070 2797 1247 2880 impensas
1263 2797 1300 2860 in
1313 2797 1438 2880 pignus
1453 2797 1560 2861 iactas

375 2911 585 2990 compenset.
594 2907 712 2984 Quoad
722 2905 1556 2990 purgationematexstinctionemhypothecarum,

376 3013 557 3099 specialius
571 3015 650 3080 vide
664 3015 836 3082 civilistas.

503 3219 533 3273 v.
552 3219 595 3272 tn
610 3219 770 3273 contractui
784 3218 910 3284 pignoris
924 3217 991 3272 eddi
1004 3217 1094 3283 possit
1108 3217 1226 3282 pactum
1240 3216 1435 3272 anticbressos

779 3299 808 3354 ιι
821 3299 891 3365 legis
905 3298 1126 3354 commissorias

416 3440 449 3522 a)
464 3439 674 3504 Anticbresis
689 3443 742 3504 est
757 3443 894 3523 pactum
910 3457 977 3523 quo
993 3439 1082 3504 inter
1102 3439 1306 3506 creditorem
1320 3443 1355 3504 et
1368 3440 1558 3505 debitorem

375 3547 548 3624 convenit,
564 3551 603 3611 ut
618 3547 726 3612 donec
740 3547 892 3612 debitum
910 3547 1072 3622 solvatur,
1090 3546 1240 3612 creditor
1251 3544 1414 3631 percipiat
1426 3549 1557 3613 fructus

377 3674 419 3720 ex
433 3655 589 3739 pignore.
603 3653 669 3719 Sed
682 3655 718 3718 in
729 3657 807 3738 jure
824 3653 989 3736 Gall.(art.
1007 3641 1088 3718 2072
1102 3651 1181 3718 God.
1194 3654 1274 3736 civ.)
1287 3655 1386 3720 aliter
1399 3654 1558 3736 inteiligi-

378 3769 433 3828 tur
456 3785 463 3828 ε
493 3763 694 3828 anticbresis
713 3762 836 3827 dicitur
855 3763 1032 3846 quodlibet
1049 3762 1175 3846 pignus
1193 3762 1229 3826 in
1245 3781 1281 3826 re
1297 3761 1474 3827 immobili.
1492 3762 1557 3827 Sed

376 3873 460 3938 illud
481 3873 607 3956 pignus
626 3873 761 3938 nullum
782 3874 915 3939 confert
931 3875 990 3956 J'us
1012 3872 1121 3949 reale,
1138 3872 1270 3937 nudum
1285 3871 1504 3956 privilegium
1521 3873 1556 3938 iu

377 4001 463 4046 rem.
484 3981 610 4047 Verum
632 3965 867 4066 percipiuntur
889 3983 1020 4046 fructus
1042 3982 1080 4046 in
1100 3969 1418 4065 compensationem
1441 3981 1554 4047 debiti.

378 4090 519 4155 Pactum
545 4089 644 4168 illud,
666 4098 830 4177 tanquam
855 4091 1066 4167 usurarium,
1089 4090 1272 4156 damnatur
1292 4092 1370 4173 jure
1394 4089 1557 4154 canonico

379 4199 463 4283 (cap.
479 4198 549 4263 tet
563 4199 584 4263 6
596 4199 629 4263 h.
651 4199 699 4282 ι),
715 4197 794 4265 ticet
812 4201 891 4282 jure
912 4198 1002 4263 civili
1023 4197 1178 4264 Romano
1200 4202 1236 4262 et
1251 4197 1374 4264 Gabico
1395 4197 1558 4281 approbe-

382 4314 449 4373 tur.
471 4309 613 4374 Fructus
632 4327 714 4392 ergo
736 4309 863 4374 debent
882 4309 1068 4386 reddi,·aut
1087 4309 1265 4374 insortam
1282 4306 1491 4390 computari3
1511 4311 1559 4371 et-

379 4419 472 4485 enim
499 4436 604 4483 usura
628 4424 682 4483 est
705 4417 869 4504 quidquid
887 4418 977 4484 ultra
1002 4422 1131 4484 sortem
1151 4417 1328 4501 accipitur;
1349 4415 1409 4480 sed
1427 4417 1557 4479 fructus

378 4526 541 4614 pignoris,
550 4525 617 4590 nisi
626 4525 661 4590 in
673 4531 801 4592 sortem
809 4531 1061 4609 computentur,
1074 4525 1164 4591 ultra
1174 4529 1301 4590 sortem
1311 4523 1554 4607 acciperentur.

378 4633 452 4704 Non
463 4637 577 4716 potest
589 4633 673 4716 tingi
689 4633 827 4700 donatio
842 4633 979 4699 illorum
989 4654 996 4708 ;
1008 4651 1090 4698 nam
1102 4632 1230 4699 donam
1244 4649 1315 4697 non
1327 4633 1488 4702 censetur
1498 4628 1555 4718 qui

379 4745 469 4828 eget,
482 4745 517 4804 et
530 4746 683 4831 egestate
698 4741 838 4812 adactus
852 4759 927 4814 rem
941 4739 1190 4826 oppignoravit.
