3510 5574
376 518 436 582 aesc
836 537 889 583 tus
911 537 1090 587 oauoutcuu.

377 657 489 738 ipsum
503 659 690 736 congregat
705 673 766 719 seu
781 655 971 721 ministerio
993 657 1112 740 capitis
1127 655 1313 720 numeralis
1334 657 1407 721 veri
1426 673 1466 722 ac
1479 677 1556 741 pro-

375 764 447 846 prie
476 763 572 840 dicti,
599 781 660 828 seu
687 763 857 848 praesidis3
885 783 985 830 secus
1013 765 1192 848 illegitima
1220 771 1312 830 esset
1338 767 1556 844 convocati03

376 871 468 954 quod
490 871 574 935 alias
597 871 708 936 lacere
730 875 857 954 potest,
878 873 1164 957 quandocumque
1185 871 1348 949 voluerit,
1371 873 1558 945 dummodo

375 979 408 1042 id
423 979 483 1044 ssat
497 978 605 1043 solitis
621 985 656 1042 et
670 979 848 1045 destinatis
865 980 997 1046 diebus.
1544 1049 1551 1062 ,

416 1089 446 1170 b)
460 1087 608 1152 vocandi
623 1093 837 1154 suntomnes
860 1091 970 1176 quiin
991 1090 1067 1156 loco
1087 1095 1276 1174 presentes
1298 1097 1389 1170 sunt,
1412 1098 1558 1158 autnon

373 1195 491 1279 procul
530 1197 700 1262 absentes.
735 1196 930 1264 Generatim
957 1205 1091 1276 tamen,
1135 1200 1172 1263 in
1207 1201 1271 1264 hac
1298 1201 1556 1277 convocatione,

373 1307 522 1371 maxime
547 1306 757 1373 attendenda
780 1315 833 1373 est
851 1311 1080 1387 consuetudo,
1098 1314 1226 1376 statuta
1247 1309 1474 1394 particularia.
1491 1311 1559 1375 Sed

372 1415 445 1478 haec
464 1419 591 1480 statuta
615 1415 786 1499 accipiunt
808 1417 1127 1500 interpretationem
1150 1437 1192 1482 ex
1214 1419 1292 1501 jure
1316 1419 1503 1486 communi.
1521 1419 1559 1482 ln

373 1523 577 1604 quibusdam
603 1524 737 1588 casibus
767 1525 871 1590 etiam
898 1527 1057 1591 absentes
1082 1525 1198 1590 vocari
1225 1525 1365 1604 debent,
1392 1526 1551 1590 scilicet:

373 1631 404 1692 1⁰
421 1632 557 1714 quando
578 1631 740 1715 praelatus
767 1639 820 1698 est
841 1633 1037 1716 eligendum
1058 1635 1090 1698 2⁰
1111 1633 1248 1718 quando
1271 1634 1487 1717 recipiendus
1506 1641 1560 1698 est

372 1738 493 1822 aliquis
508 1741 545 1804 in
559 1742 774 1817 canonicum,
791 1747 826 1806 et
839 1743 1032 1823 generatim
1053 1741 1191 1826 quando
1212 1741 1390 1823 negotium
1409 1741 1560 1807 arduum

372 1852 406 1910 et
429 1848 546 1928 magni
565 1850 733 1914 momenti
750 1853 803 1913 est
826 1849 1052 1914 tractandum.
1070 1849 1315 1913 Verumtamen
1329 1849 1365 1912 in
1382 1850 1436 1913 hia
1452 1852 1560 1914 etiam
1595 1887 1599 1897 -

370 1955 516 2032 casibus,
532 1956 560 2019 si
575 1975 665 2020 unus
679 1961 740 2021 aut
751 1956 837 2022 altar
851 1975 922 2023 non
937 1962 1128 2033 vocaretur,
1144 1961 1240 2022 actua
1253 1975 1275 2021 a
1288 1957 1421 2022 calens
1435 1963 1560 2039 gestus

372 2069 464 2129 esset
477 2063 553 2148 ipso
565 2068 644 2149 jure
660 2065 806 2132 validus.

411 2173 438 2255 c)
453 2171 600 2258 Tempus
623 2173 828 2240 celebrando
853 2173 1001 2258 capitulo
1024 2175 1156 2258 praessgi
1177 2181 1292 2260 potest
1316 2175 1561 2260 quodcumque

372 2281 475 2346 etiam
489 2281 661 2360 feriatum,
679 2281 830 2366 exceptis
854 2281 920 2345 illis
942 2282 1036 2346 horis
1056 2283 1180 2367 quibus
1203 2283 1319 2348 divina
1339 2284 1452 2348 officia
1470 2282 1563 2348 cele-

371 2391 528 2468 brantur;
545 2410 627 2458 nam
642 2397 739 2457 actus
752 2389 958 2475 capitulares
979 2397 1183 2457 exercentur
1202 2393 1276 2456 sine
1292 2393 1446 2475 strepitu,
1464 2392 1563 2458 ideo-

372 2517 437 2582 que
453 2499 573 2564 diebus
587 2500 717 2566 feriatis
737 2518 809 2565 non
831 2499 1066 2583 prohibentur.
1083 2501 1191 2566 Locus
1215 2500 1472 2566 convocationis
1495 2501 1563 2564 erit

371 2606 502 2684 solitus,
516 2608 582 2672 nisi
596 2607 800 2691 capitulares
819 2607 925 2674 alium
938 2609 1125 2675 honestum
1141 2627 1204 2692 pro
1220 2627 1284 2674 suo
1302 2611 1477 2673 conventu
1494 2607 1564 2672 ele-

369 2716 492 2795 gerint,
512 2721 547 2780 et
567 2717 712 2782 mutatio
734 2735 805 2782 non
825 2718 885 2782 flat
905 2718 942 2781 in
964 2717 1131 2782 fraudem.
1150 2717 1340 2800 Separatim
1359 2721 1434 2780 acta
1454 2735 1477 2781 a
1492 2717 1564 2780 sin-

369 2822 459 2902 gulis
474 2841 545 2889 non
559 2831 745 2892 censentur
758 2831 834 2892 acta
847 2825 996 2909 capituli,
1017 2826 1079 2891 sed
1093 2843 1234 2892 necesse
1250 2830 1303 2890 est
1317 2831 1355 2888 ut
1369 2825 1455 2890 dant
1468 2826 1564 2908 capi-

371 2929 534 2996 tulariter.

764 3097 806 3150 111.
825 3097 865 3150 De
879 3095 964 3151 modo
978 3097 1160 3162 procedendi.

411 3261 443 3344 u)
458 3257 576 3326 Modus
590 3261 654 3324 rite
668 3259 877 3344 procedendi
889 3261 925 3325 in
943 3260 1019 3343 ipso
1041 3251 1120 3326 actu
1140 3257 1318 3343 capitulari
1332 3259 1564 3344 sequentihus

302 3365 307 3376 '
370 3371 587 3435 continetur:
605 3371 637 3434 1⁰
656 3367 833 3452 Proposito
855 3369 1006 3451 negotio,
1025 3368 1167 3453 quilibet
1187 3366 1382 3451 capitularis
1402 3373 1565 3433 mentem

371 3495 470 3542 auam
487 3477 678 3560 exprimere
706 3477 808 3542 debet
830 3477 910 3540 viva
933 3493 1017 3541 voce
1039 3497 1046 3539 :
1071 3494 1152 3540 nam
1173 3474 1340 3552 nonnulli,
1365 3478 1566 3558 praesertim

367 3589 530 3668 juvenes,
553 3603 639 3669 quos
662 3584 865 3668 plerumque
889 3583 1043 3666 privatus
1062 3584 1205 3648 affectus
1232 3602 1370 3648 sursum
1393 3583 1566 3648 deorsum

369 3694 405 3756 in
428 3693 586 3758 laxitatos
615 3699 650 3757 et
669 3693 901 3757 exorbitantes
923 3692 1036 3770 trahit,
1061 3711 1152 3775 saepe
1176 3693 1412 3776 imprudenter
1435 3693 1567 3758 darent

371 3801 534 3883 suffragia
556 3806 688 3867 secreta
710 3819 789 3866 oum
807 3818 936 3882 magno
951 3799 1130 3884 dispendio
1145 3800 1301 3866 Ecclesiae
1319 3805 1354 3864 et
1368 3801 1451 3864 honi
1467 3819 1567 3865 com-

370 3909 495 3976 munis.
524 3909 583 3974 llio
610 3910 735 3974 modus
761 3907 969 3993 procedendi
996 3909 1193 3974 manifestat
1220 3909 1393 3974 saniorem
1423 3914 1567 3991 partem

343 4031 345 4035 ·
370 4018 659 4084 consentientium
680 4018 737 4082 vel
759 4017 1047 4082 dissentientium.
1065 4017 1151 4081 Sunt
1170 4021 1287 4081 tamen
1307 4015 1402 4080 varia
1418 4017 1569 4096 negotia

371 4145 447 4209 quaa
463 4127 507 4191 ob
522 4125 705 4210 specialem
727 4143 866 4190 causam
890 4124 1014 4190 melius
1030 4144 1093 4208 per
1116 4124 1281 4206 suffragia
1303 4129 1435 4188 secreta
1457 4143 1569 4208 expe-

371 4233 520 4312 diuntur,
535 4239 573 4298 ut
587 4253 619 4298 v.
632 4251 666 4316 g.
682 4233 719 4297 in
734 4233 878 4308 odiosis;
896 4232 1005 4297 sedin
1020 4233 1193 4314 suffragiis
1207 4233 1338 4297 motiva
1353 4237 1388 4296 et
1405 4233 1569 4297 rationes

370 4341 590 4424 suffragantis
603 4341 639 4405 in
655 4341 780 4424 scripto
795 4341 867 4406 dari
888 4341 1024 4406 debent.
1041 4339 1167 4406 Verum
1193 4341 1229 4404 in
1246 4339 1434 4404 levioribus
1459 4339 1570 4404 datur

370 4449 482 4515 solum
497 4449 712 4532 suffragium.

409 4557 443 4620 ἲ*
456 4556 556 4621 Facta
568 4555 761 4632 collatione,
778 4557 942 4639 praevalet
961 4557 1074 4638 major
1093 4559 1129 4620 et
1150 4557 1266 4621 sanior
1288 4573 1368 4638 pars
1390 4555 1538 4637 capituli
1560 4577 1567 4620 :

371 4667 482 4746 major
502 4681 581 4746 pars
599 4667 652 4726 est
670 4683 744 4747 quae
765 4682 910 4729 numero
932 4681 1160 4746 personarum
1181 4663 1324 4738 excedit,
1347 4661 1468 4727 habito
1493 4683 1570 4728 res-
