3488 5564
235 625 237 628 ·
346 590 385 653 60
805 609 855 654 rus
876 607 1056 653 canonicus.

346 743 480 801 cessus;
505 725 598 810 atqui
620 725 703 808 (cap.
720 725 777 788 iln.
794 725 866 807 huj.
883 724 946 806 tit.)
960 723 992 786 S.
1010 721 1164 787 Pontifex
1188 721 1261 786 vult
1274 721 1368 788 litem
1383 723 1522 790 omnino

348 851 534 916 quiescere.

340 985 344 994 .
385 941 419 1004 4⁰
434 941 609 1006 Sententia
623 942 703 1006 ferri
722 942 850 1025 nequit,
868 941 897 1004 si
911 957 1014 1006 causa
1028 939 1260 1022 cognitionem
1279 944 1313 1004 ei
1328 940 1522 1023 judicialem

347 1049 526 1132 strepitum
540 1049 664 1130 exigat,
686 1054 725 1112 ut
735 1053 828 1132 patet
843 1065 886 1112 ex
905 1048 1012 1134 dictis.
1026 1047 1059 1116 Si
1070 1065 1153 1113 vero
1162 1047 1236 1112 heac
1249 1047 1317 1113 duo
1330 1067 1401 1113 non
1414 1049 1522 1132 requi-

346 1158 400 1233 rit,
415 1157 495 1220 ferri
509 1161 631 1240 potest,
652 1176 732 1221 uam
748 1161 829 1221 tunc
853 1157 945 1221 nulla
967 1156 1150 1220 haberetur
1171 1156 1362 1238 probibitio.
1384 1157 1522 1220 Verrun-

346 1271 461 1332 tamen
477 1267 646 1331 sententia
667 1266 1039 1343 excommunicationis,
1056 1267 1290 1349 suspensionis
1306 1269 1340 1330 et
1354 1265 1522 1330 interdicti

344 1375 425 1439 ferri
452 1380 574 1460 potest,
602 1378 702 1460 juxta
723 1376 995 1440 communiorem
1014 1375 1221 1458 opinionem,
1245 1375 1324 1458 quia
1341 1393 1520 1440 censuram

344 1485 432 1548 ferre
446 1503 516 1548 non
536 1489 587 1548 est
602 1489 671 1550 tam
683 1485 836 1568 judicare
866 1503 968 1570 qutun
997 1487 1204 1568 praeceptum
1231 1483 1312 1549 dare
1339 1483 1375 1547 in
1393 1485 1521 1548 bonurn

345 1591 468 1656 animas
482 1593 629 1674 (Suarez,
644 1594 666 1657 l.
684 1593 708 1672 1,
728 1594 769 1658 de
782 1595 884 1672 Fest„
901 1613 930 1659 c.
946 1594 1008 1676 30).

383 1699 561 1767 Exsecutio
577 1704 755 1768 sententiae
765 1705 973 1786 probabilius
993 1703 1203 1787 prohibetur,
1221 1703 1301 1786 quia
1311 1702 1459 1785 pertinet
1479 1701 1520 1766 ad

344 1808 632 1892 complementum
655 1831 849 1895 processus,
876 1817 910 1878 et
930 1813 1121 1894 generatim
1144 1813 1285 1875 ilicum
1309 1811 1461 1895 strepitu.
1483 1809 1520 1872 ln

341 1919 419 1998 jure
435 1917 558 1985 Gallico
575 1939 734 2004 expresse
749 1924 948 2006 prohibetur
961 1942 1022 2006 per
1034 1927 1096 1986 art.
1110 1922 1187 1984 lost
1198 1921 1253 1985 cit.
1268 1920 1356 1996 cod.;
1370 1924 1520 1984 attamen

344 2026 416 2090 haec
430 2028 610 2110 prohibitio
626 2047 696 2094 non
717 2049 753 2094 se
773 2030 926 2094 extendit
947 2030 990 2094 ad
1009 2029 1188 2094 materiam
1206 2027 1428 2104 criminalem,
1449 2045 1520 2091 cor-

344 2135 564 2200 rectionalem
582 2143 641 2201 aut
660 2139 821 2222 simplicis
842 2138 979 2221 politiae,
998 2158 1040 2203 ex
1062 2138 1185 2202 decret.
1202 2138 1304 2203 curiae
1321 2135 1519 2202 cassationis

344 2245 395 2325 (to
409 2246 489 2311 maii
506 2247 606 2328 1849).
642 2247 648 2260 '

382 2353 415 2416 5⁹
428 2352 626 2436 Appellatio,
644 2356 766 2421 saltem
785 2363 882 2422 extra
899 2375 1018 2422 casum
1035 2357 1263 2432 necessitatis,
1275 2359 1375 2440 juxta
1392 2355 1518 2420 multos

342 2459 430 2524 licite
446 2467 480 2526 et
495 2463 605 2528 valide
620 2466 694 2529 sseri
709 2466 837 2548 nequit.
855 2465 1075 2530 Communior
1088 2469 1204 2530 autem
1224 2465 1393 2528 sententia
1407 2463 1519 2546 appel-

341 2566 504 2634 lationem
518 2571 644 2635 licitam
659 2591 734 2636 esse
748 2573 856 2650 docet,
872 2574 951 2656 quia
969 2573 1009 2638 de
1029 2593 1065 2638 se
1080 2573 1119 2636 fit
1138 2573 1210 2636 sine
1227 2573 1380 2654 strepitu,
1396 2570 1516 2634 deinde

341 2676 444 2740 habet
457 2679 624 2744 rationem
639 2680 856 2758 detensionis,
874 2699 949 2764 quae
964 2683 1041 2763 jure
1059 2685 1189 2745 natura
1209 2697 1344 2762 semper
1362 2683 1396 2742 et
1410 2678 1518 2743 omni-

342 2785 405 2849 bus
419 2788 585 2868 permissa
600 2793 661 2853 est.

714 2975 745 3026 V.
764 2975 803 3026 De
824 2973 918 3026 causis
935 2971 1142 3026 excusantibus.

380 3114 510 3197 Duplex
535 3119 725 3198 generatim
749 3119 939 3184 admittitur
959 3137 1062 3184 causa
1083 3136 1251 3184 excusans
1273 3123 1311 3182 ut
1330 3117 1365 3182 in
1397 3117 1516 3182 diebus

340 3221 467 3286 feriatis
477 3229 572 3288 actus
582 3225 759 3308 judiciales
772 3232 1007 3304 exerceantur,
1019 3245 1143 3310 nempe
1154 3225 1339 3291 necessitas
1352 3229 1386 3289 et
1394 3225 1513 3308 pietas.

379 3331 412 3410 α)
428 3329 476 3392 Ex
488 3349 591 3394 causa
612 3333 824 3398 necessitatis
840 3335 969 3418 judicia
988 3335 1041 3400 die
1060 3335 1181 3398 feriato
1197 3333 1332 3398 tractari
1346 3335 1514 3415 possunt;

340 3436 371 3498 1ο
388 3436 483 3500 sires
497 3437 650 3504 velactio
664 3440 762 3504 aliter
781 3442 824 3504 sit
842 3443 1010 3524 peritura;
1027 3443 1059 3505 2⁰
1075 3442 1103 3504 si
1125 3441 1257 3505 debitor
1275 3444 1453 3522 suspectus
1473 3439 1515 3502 sit

339 3544 381 3609 de
404 3546 496 3626 fuga,
520 3545 576 3609 vel
600 3547 862 3614 deterioratione
884 3549 934 3614 rei
956 3567 1059 3632 super
1081 3567 1148 3632 qua
1166 3553 1219 3611 est
1237 3547 1512 3622 conveniendus;

338 3653 370 3714 3ο
386 3652 413 3715 si
428 3657 542 3735 partes
556 3652 728 3735 litigantes
742 3655 810 3719 sint
823 3675 1002 3740 pauperes,
1020 3657 1118 3720 itaut
1132 3655 1206 3720 aliis
1223 3655 1342 3720 diebus
1361 3654 1434 3718 sine
1455 3673 1516 3719 no

338 3759 432 3824 labili
458 3761 675 3826 incommodo
699 3781 896 3846 comparere
924 3767 1110 3848 nequeant;
1140 3763 1174 3826 4ο
1202 3763 1230 3827 si
1257 3761 1446 3846 periculum
1472 3762 1515 3826 sit

340 3865 454 3931 damni
477 3867 601 3950 publici
625 3870 679 3933 vel
704 3871 836 3952 privati,
861 3889 894 3934 v.
918 3890 951 3951 g.
974 3872 1003 3935 si
1023 3877 1142 3936 contra
1162 3871 1311 3937 latrones
1335 3869 1379 3934 sit
1400 3888 1514 3952 proce-

339 3972 499 4038 dandum.

380 4081 408 4162 b)
423 4081 471 4144 Ex
485 4101 588 4148 causa
601 4085 736 4168 pietatis
752 4091 786 4149 et
805 4086 1044 4152 misericordias
1062 4086 1213 4171 expediri
1233 4091 1376 4168 possunt
1395 4085 1512 4150 diebus

339 4189 466 4254 feriatis
483 4211 490 4252 :
508 4192 539 4254 1⁰
553 4211 664 4256 causas
683 4191 934 4270 alimentorum,
951 4199 1211 4270 carceratorum,
1229 4193 1446 4286 pupillorum,
1465 4194 1513 4258 vi-

340 4296 496 4373 duarum,
509 4307 543 4362 et
556 4302 746 4380 generatim
756 4302 910 4366 omnium
925 4303 1170 4367 miserabilium
1184 4321 1418 4384 personarum,
1435 4301 1513 4385 quia

339 4403 375 4466 in
387 4406 546 4487 operibus
561 4409 799 4474 misericordia
815 4409 947 4475 dierum
963 4411 1217 4477 distinctiones
1232 4415 1284 4476 est
1295 4409 1461 4475 habenda.

379 4511 411 4574 9⁰
426 4511 459 4576 Si
474 4515 517 4577 ob
532 4514 729 4582 dilationem
743 4537 846 4583 causa
858 4519 914 4602 pia
927 4523 1101 4603 pateretur
1114 4518 1381 4596 incommodum,
1397 4520 1512 4601 posset

340 4619 443 4683 etiam
457 4622 618 4704 expediri.

379 4727 411 4790 3ο
427 4727 460 4790 Si
475 4747 577 4796 causa
589 4735 756 4814 pertineat
766 4735 809 4801 ad
824 4753 943 4819 pacem
955 4741 989 4803 et
1002 4735 1217 4804 concordiam
1232 4758 1238 4801 :
1251 4737 1293 4804 ob
1306 4735 1398 4803 illam
1410 4734 1511 4800 ratio-
