3498 5572
7 2033 42 2534 ᾆῗξςῖὲςῗ-εῑαῦῡῖᾐρζξ-ς-τῗὲῗ
35 1985 38 1992 ,
34 1945 37 1964 ,„
22 1891 37 1924 ε,-
9 1761 41 1848 j-ssj
16 1719 25 1742 *a
10 1687 24 1702 τ
9 1633 41 1668 ¹2
9 1505 30 1614 3322‘
17 1473 26 1488 1.
18 1421 26 1460 ,Α
18 1365 25 1396 --
10 1321 16 1350 ⁷
10 1289 29 1298 Γ

7 2535 44 2582 ,ἐ

7 2589 58 2652 {32¹1

6 2763 36 2832 ht

6 2827 38 2962 3

6 2969 42 3044 ρ
92 2972 97 2981 .

6 3075 27 3110 ἐξ,
52 3089 54 3094 ν

6 3141 44 3206 ¹2⁸⁵

10 3241 17 3258 ί
53 3273 55 3280 ,

6 3359 10 3380 Ι

6 3561 28 3590 'a

364 585 425 650 tot
823 605 876 653 sus
897 606 1079 655 canonicus.

364 741 440 805 quae
454 723 525 788 vim
539 722 625 804 legis
639 722 841 790 universalis
854 724 967 802 hahet,
984 728 1130 808 possunt
1151 723 1270 789 fideles
1293 729 1464 808 praecepto
1483 743 1541 790 au-

364 829 478 895 diendi
497 831 639 896 missam
657 832 851 897 satisfacere
873 833 910 897 in
937 834 1058 918 quavis
1080 831 1233 909 ecclesia,
1265 831 1369 898 modo
1396 852 1466 898 non
1497 834 1541 896 sit

363 939 550 1004 oratorium
577 940 759 1022 privatum.
785 939 907 1023 Nequit
933 941 1037 1006 etiem
1059 941 1197 1022 exigere
1218 945 1256 1004 ut
1275 941 1473 1024 parochiani
1498 941 1540 1004 ad

364 1047 508 1110 verbum
526 1047 585 1110 Dei
598 1047 810 1113 audiendum
824 1049 1020 1132 parochiam
1038 1049 1182 1114 adeant:
1204 1049 1252 1115 ite
1267 1047 1391 1114 Bened.
1408 1047 1488 1124 lllV,
1504 1049 1539 1112 in

362 1154 463 1238 Sym,
479 1155 536 1220 lib.
552 1155 619 1234 Vll,
636 1175 709 1240 cap.
721 1157 752 1222 1.

403 1261 618 1346 dlflatremu
633 1267 746 1330 unctio
762 1267 794 1330 l·
805 1285 877 1332 non
891 1267 1105 1350 potestlicite
1119 1266 1308 1332 ministrari
1329 1266 1395 1330 nisi
1410 1283 1431 1331 a
1444 1281 1542 1348 paro·

361 1373 425 1438 cho
454 1373 510 1440 vel
536 1363 612 1458 ejus
637 1374 804 1456 delegato,
825 1377 905 1442 licet
930 1378 1003 1443 haec
1022 1377 1271 1443 administratio
1293 1394 1364 1442 non
1382 1376 1426 1440 sit
1444 1379 1539 1440 actus

357 1483 613 1564 Jnrisdictionis.
630 1483 789 1548 Attamen
805 1483 832 1548 si
846 1485 1014 1568 parochus
1041 1485 1139 1562 absit,
1163 1489 1223 1550 aut
1243 1502 1305 1566 per
1323 1483 1540 1548 manifestam

360 1590 522 1674 injuriam
536 1589 622 1656 nolit
633 1591 698 1656 hoc
712 1597 965 1658 sacramentum
978 1593 1227 1670 administrare,
1244 1609 1308 1657 nec
1320 1609 1479 1658 recursus
1497 1588 1539 1654 ad

360 1697 572 1780 superiorem
597 1699 641 1761 sit
662 1699 833 1782 possibilis
856 1699 899 1764 ad
919 1699 1104 1783 petendam
1126 1699 1310 1775 licentiam,
1328 1704 1408 1764 tunc
1428 1697 1540 1782 quivis

360 1804 519 1870 sacerdos
539 1823 610 1870 non
633 1807 947 1872 excommunicatus
968 1813 1028 1872 aut
1042 1825 1230 1890 suspensus
1244 1806 1333 1871 bcite
1348 1811 1463 1889 potest
1476 1805 1541 1868 hoc

361 1917 612 1978 sacramentum
624 1913 872 1978 administrare.
889 1913 986 1980 Ratio
1002 1917 1064 1990 est,
1082 1916 1162 1997 quia
1185 1914 1342 1992 Ecclesia,
1365 1932 1441 1998 quae
1467 1910 1542 1977 vult

360 2022 489 2087 bonum
502 2039 686 2088 commune
702 2022 866 2100 fidelium,
881 2023 1054 2088 censenda
1068 2029 1121 2088 est
1136 2023 1217 2090 dare
1233 2023 1417 2088 licentiam.

399 2131 432 2194 2⁰
443 2131 613 2196 Parochos
625 2137 762 2196 tenetur
772 2133 835 2196 sub
850 2133 947 2213 gravi
959 2131 1024 2197 hoo
1039 2138 1292 2198 sacramentum
1301 2131 1539 2196 administrare

359 2239 499 2324 petenti,
529 2241 557 2303 si
586 2259 656 2306 non
682 2241 808 2306 habeat
832 2244 963 2325 justam
991 2243 1160 2307 rationem
1188 2240 1392 2322 denegandi.
1422 2239 1539 2303 Pueris

349 2349 501 2441 ¹rationis
525 2367 627 2412 usum
647 2349 851 2415 habentibus
876 2349 1103 2416 sufficientem
1117 2349 1161 2416 ad
1174 2349 1395 2440 peccandum,
1412 2347 1540 2412 scilicet

361 2457 417 2540 qni
442 2462 523 2520 sunt
544 2473 685 2540 capaces
699 2455 884 2540 recipiendi
907 2461 1121 2523 sacramente
1135 2457 1345 2541 poenitentia
1361 2459 1396 2520 et
1410 2454 1538 2520 Eucha-

360 2563 475 2642 ristiae,
492 2581 563 2629 non
578 2569 631 2628 est
644 2563 846 2645 deneganda
859 2571 1013 2630 extrema
1027 2565 1153 2630 unctio.

400 2673 428 2756 e)
445 2671 567 2752 Quoad
577 2672 845 2750 matrimonium,
859 2673 917 2756 jus
932 2672 1108 2756 proprium
1123 2672 1260 2755 parochi
1277 2677 1330 2736 cst
1343 2671 1485 2755 triplex:
1502 2674 1540 2734 ut

359 2799 469 2866 praeco
504 2781 660 2864 publicus
697 2780 853 2846 Ecclesia
889 2781 1069 2848 denuntiat
1101 2782 1339 2858 matrimonia;
1376 2787 1414 2844 ut
1442 2780 1539 2845 testis

359 2889 574 2956 authenticus
590 2887 720 2954 eisdem
735 2889 883 2965 assistit;
901 2889 1047 2973 denique
1063 2896 1102 2954 ut
1116 2890 1272 2954 minister
1285 2889 1443 2956 Ecclesiae
1460 2905 1539 2954 con-

360 2998 533 3064 trahentes
548 2995 728 3064 benedicit.
745 2996 823 3064 llaec
838 2997 955 3063 omnia
967 2998 1043 3062 fuse
1059 2997 1272 3082 explicantur
1285 2997 1320 3062 in
1335 2996 1392 3062 lib.
1405 2996 1456 3060 lV.

366 3193 370 3202 '
475 3191 507 3241 11.
522 3191 590 3242 turs
604 3187 763 3242 honorifica
777 3187 978 3252 parochorum,
993 3199 1045 3242 seu
1059 3187 1223 3242 functiones
1236 3187 1422 3252 parochiales.

399 3323 602 3391 Functiones
626 3323 836 3410 parochiales
866 3328 948 3388 sunt
974 3323 1040 3389 illae
1070 3344 1146 3409 quae
1174 3343 1196 3391 a
1221 3324 1358 3408 proprio
1392 3321 1539 3406 parocho

359 3434 456 3512 fiunt,
473 3439 508 3500 et
523 3433 647 3518 quibus
662 3432 719 3500 alii
734 3431 940 3509 sacerdotes,
957 3451 990 3496 v.
1006 3451 1040 3514 g.
1061 3431 1238 3514 capellani,
1260 3449 1297 3496 sc
1312 3430 1539 3496 intromittere

359 3547 545 3626 nequeunt.
572 3540 648 3607 lstae
665 3559 747 3624 ergo
762 3540 954 3606 functiones
970 3540 1013 3606 ad
1028 3538 1140 3606 solum
1162 3539 1349 3623 parochum
1372 3541 1536 3623 spectant.

401 3652 434 3733 a)
450 3649 537 3714 Sunt
551 3654 736 3735 sequentes
752 3671 760 3712 :

399 3759 431 3822 1ο
445 3758 639 3824 Benedictio
653 3759 758 3824 fontis
781 3756 1009 3841 baptismalis,
1036 3757 1176 3824 sabbato
1206 3761 1340 3834 sancto,
1364 3773 1440 3839 qua
1465 3751 1539 3818 fleri

360 3865 462 3932 debet
485 3885 505 3930 a
527 3867 664 3950 proprio
686 3867 845 3951 parocho,
871 3866 950 3931 licet
971 3885 1042 3932 non
1063 3867 1107 3930 sit
1130 3865 1171 3930 de
1184 3865 1319 3948 juribus
1331 3881 1427 3928 mere
1442 3878 1540 3945 paro-

359 3972 524 4039 chialibus
539 3975 583 4058 (S.
601 3975 723 4057 Congr.
741 3975 806 4040 Rit.
824 3975 863 4039 10
878 3975 1031 4040 decemb.
1048 3975 1149 4056 1703).

399 4083 432 4146 1·
445 4081 640 4150 Benedictio
654 4083 836 4149 domorum
850 4083 887 4147 in
903 4084 957 4149 die
973 4084 1102 4149 sabbati
1119 4083 1237 4158 sancti,
1254 4080 1342 4145 utin
1358 4077 1453 4144 ltalia
1466 4073 1540 4140 fleri

361 4187 458 4256 solet.

399 4298 431 4362 3ο
465 4297 566 4363 llissa
599 4298 692 4363 feriae
725 4299 762 4364 δ’
782 4299 818 4363 in
852 4298 955 4364 Coena
975 4298 1109 4363 Domini
1133 4303 1168 4362 et
1194 4296 1325 4362 sabbati
1354 4293 1461 4360 sancti
1489 4295 1541 4356 est

361 4409 464 4472 etiam
492 4407 621 4473 iunctio
649 4408 865 4491 parochialis,
893 4407 974 4473 licet
1000 4427 1071 4472 non
1093 4407 1137 4471 sit
1158 4405 1200 4472 de
1219 4404 1355 4489 juribus
1375 4419 1470 4466 mere
1484 4417 1540 4483 pa·

360 4513 564 4580 rochialibus
582 4515 665 4597 (Sao.
692 4515 814 4597 Gongr.
835 4515 900 4579 Rit.
923 4515 962 4578 ta
984 4517 1118 4598 januar.
1141 4513 1241 4596 1704).
1265 4511 1332 4576 Sed
1355 4527 1426 4576 non
1449 4507 1540 4572 idem

361 4621 542 4687 dicendum
557 4625 610 4685 est
624 4621 665 4687 de
679 4621 753 4688 aliis
768 4623 1001 4688 functionibus
1014 4619 1238 4687 hebdomada
1254 4623 1391 4685 sanctae.

399 4729 432 4792 4⁰
457 4729 667 4795 sanctissimi
684 4731 891 4796 sacramenti
913 4729 1102 4799 delationes
1125 4733 1159 4792 et
1182 4727 1373 4809 generatim
1403 4739 1537 4807 proces-
