3498 5572
455 589 457 592 ’
546 605 633 650 erran
654 605 780 650 rannus
801 605 1022 650 arcanarum.
1313 583 1374 648 403

198 721 358 804 parochia
381 722 496 785 existit
517 721 692 799 lavacrum
715 740 834 787 recens
855 728 1105 799 constructum,
1123 741 1221 787 secus
1240 723 1268 793 si
1291 724 1374 785 anti-

199 848 305 910 quum
318 830 443 894 existat
456 829 500 912 (S.
517 829 639 910 Congr.
654 829 754 894 Cano.
773 831 812 894 li
821 830 898 912 julii
909 832 1010 914 1737).

239 937 268 1018 b)
284 937 408 1017 Quoad
416 939 668 1021 pauitantiant.
687 938 719 1000 1ο
736 938 906 1002 parochus
920 940 954 1003 vi
970 939 1072 1003 oflicii
1087 938 1293 1003 ordinariam
1308 937 1374 1002 lori

196 1044 323 1109 interni
341 1045 445 1110 hahet
463 1045 739 1129 jurisdictionem
763 1046 799 1108 in
823 1063 886 1110 sua
905 1046 1076 1128 parochia.
1094 1045 1160 1110 Sed
1181 1045 1254 1110 haec
1272 1047 1374 1128 juris·
1434 1087 1437 1092 ,

196 1151 298 1216 dictio
321 1158 373 1216 est
396 1152 594 1234 dependens
615 1153 658 1216 ah
678 1152 849 1216 ordinario
873 1154 986 1236 quoad
1011 1172 1154 1217 casuum
1172 1155 1375 1218 reservatio-

197 1278 288 1324 nem.
312 1259 435 1343 Nequit
456 1263 572 1324 tamen
594 1261 773 1342 episcopus
793 1260 866 1323 sine
888 1279 993 1325 causa
1008 1261 1163 1341 legitima
1181 1261 1269 1325 hanc
1288 1260 1375 1324 crdi-

196 1369 327 1431 nariam
339 1365 623 1449 jurisdictionem,
641 1371 700 1431 aut
713 1384 854 1449 prorsus
869 1368 1014 1443 auferre,
1032 1372 1092 1431 aut
1106 1368 1152 1432 ita
1170 1367 1373 1431 imminuere

196 1478 315 1540 utlere
326 1475 436 1540 inanis
452 1475 586 1539 evadat.
603 1475 654 1540 lta
665 1475 791 1540 Bened.
809 1475 890 1552 XIV,
902 1477 937 1539 in
948 1476 1048 1559 Spu,
1065 1475 1123 1538 lih.
1139 1475 1176 1551 V,
1193 1493 1265 1559 cap.
1282 1475 1325 1558 4).
1336 1511 1374 1520 -

197 1583 262 1647 Sed
274 1582 549 1665 haecjurisdictio
564 1582 702 1665 parochi
717 1583 935 1664 restringitur
949 1582 992 1647 ad
1011 1583 1185 1648 civitatem
1206 1583 1261 1646 vel
1281 1583 1375 1665 oppi-

197 1691 278 1755 dum
292 1691 349 1754 uhi
365 1691 430 1754 sita
444 1690 685 1772 estparochim
702 1707 773 1755 non
789 1710 825 1755 se
840 1690 994 1755 extendit
1007 1691 1050 1755 ad
1066 1695 1173 1754 totam
1185 1690 1372 1754 dioecesim.

235 1800 267 1863 2⁰
292 1799 461 1865 Parachus
485 1802 544 1883 jus
570 1799 673 1864 hahet
698 1800 902 1865 excludendi
930 1799 1014 1867 alios
1043 1799 1253 1875 sacerdotes;
1280 1799 1381 1863 unde·

195 1906 386 1986 generatim
407 1905 539 1971 alienus
562 1908 604 1970 ab
626 1907 785 1990 episcopo
806 1909 1013 1990 approbatus
1034 1909 1153 1992 nequit
1173 1908 1263 1972 licite
1287 1907 1375 1970 exci-

194 2033 275 2098 pere
301 2016 535 2080 confessiones
558 2014 594 2079 in
618 2015 732 2099 aliqua
760 2016 903 2082 ecclesia
930 2016 1114 2099 parochiali
1136 2017 1210 2081 sine
1237 2015 1376 2080 licentia

194 2123 348 2205 parochi;
366 2123 426 2188 sed
440 2123 551 2188 valide
565 2123 770 2200 absolveret,
788 2143 858 2190 non
874 2126 1031 2190 obstante
1047 2125 1261 2208 oppositione
1276 2139 1375 2205 paro·
1480 2110 1484 2127 ⁵

194 2231 259 2294 chi.
282 2230 453 2296 Parachus
477 2237 593 2296 tamen
617 2233 736 2316 nequit
761 2233 898 2314 exigere
926 2239 964 2296 ut
986 2238 1140 2316 tempore
1166 2231 1315 2315 paschali
1340 2236 1374 2295 et

194 2337 342 2404 instante
354 2341 474 2404 mortis
485 2339 912 2424 periculoparochianisihi
931 2346 965 2405 et
977 2341 1144 2416 nonaliis,
1161 2341 1226 2404 nisi
1243 2340 1284 2404 de
1297 2342 1373 2421 ejus

192 2444 339 2523 licentia,
353 2448 605 2512 confessionem
626 2448 766 2523 laciant;
784 2448 912 2512 etenim
933 2466 1044 2514 canon
1070 2447 1250 2531 Utriusque
1271 2464 1371 2510 seaus

193 2554 439 2622 consuetudine
455 2555 624 2619 contraria
638 2557 823 2636 abrogatus
837 2561 900 2619 est.

235 2662 268 2725 3⁰
283 2660 405 2745 Nequit
425 2661 582 2743 delegare
598 2662 640 2726 ad
660 2663 894 2728 consessiones
914 2663 1102 2729 audiendas
1124 2663 1190 2727 nisi
1210 2661 1373 2745 approba·
1446 2663 1448 2669 ’

195 2770 782 2860 tumetiamquaadjurisdictionem
793 2771 836 2853 (S.
856 2770 979 2852 congr.
993 2769 1092 2836 Gonc.
1108 2770 1254 2834 llmart.
1270 2769 1370 2848 liti).
1397 2782 1399 2787 ’

235 2879 262 2959 c)
284 2877 407 2958 moad
418 2877 643 2947 Eucharistiae
658 2880 1001 2944 administrationem.
1024 2881 1055 2943 1⁰
1075 2878 1277 2945 Communia
1297 2896 1373 2960 pas-

194 2984 298 3048 chalis
318 2986 474 3051 facienda
489 2988 592 3052 estin
609 2988 752 3069 ecclesia
773 2986 968 3070 parochiali,
987 2987 1028 3053 de
1044 3005 1150 3052 manu
1172 2984 1227 3050 vel
1246 2986 1372 3069 proprii

192 3094 331 3175 parochi
345 3094 400 3158 vel
413 3094 554 3159 alterius
568 3095 625 3178 qui
641 3095 752 3164 vicem
763 3095 901 3178 parochi
914 3099 1023 3175 gerat.
1034 3094 1102 3159 Nec
1111 3094 1193 3158 huic
1203 3096 1371 3176 praecepto

193 3219 285 3266 nunc
305 3202 427 3267 satisfit
446 3205 481 3266 in
503 3205 645 3269 ecclesia
668 3204 863 3281 cathedrali,
881 3208 920 3268 ut
934 3203 1083 3269 declarat
1096 3203 1223 3267 Bened.
1239 3201 1320 3278 lllV,
1337 3202 1372 3265 in

193 3315 301 3373 const.
317 3311 458 3395 Mapua.

232 3417 265 3480 9⁰
284 3417 322 3480 ln
345 3420 549 3502 quibusdam
569 3422 784 3503 regionibus,
803 3424 921 3506 prim
942 3439 1079 3504 quoque
1104 3418 1301 3484 communio
1321 3421 1373 3480 est

192 3525 321 3591 functio
342 3527 515 3594 exclusive
535 3531 753 3612 parochialis:
772 3536 807 3594 et
827 3532 902 3597 haec
921 3527 1237 3604 consuetud0,cum
1250 3525 1292 3590 ad
1304 3525 1373 3608 pie-

194 3639 299 3699 tatem
311 3637 495 3702 lovcndam
508 3640 686 3716 conducat,
703 3646 756 3705 est
769 3641 951 3706 retinenda
962 3644 997 3702 et
1011 3638 1175 3720 legitima.

233 3745 265 3806 3ο
285 3744 343 3807 Jus
367 3746 627 3811 administrandi
648 3749 811 3812 viaticum
830 3750 993 3832 competit
1009 3748 1112 3812 etiam
1126 3746 1285 3830 parocho,
1303 3764 1371 3818 non

195 3869 294 3915 secus
309 3870 348 3916 ac
361 3855 751 3938 commuuio-paschalis,
770 3861 804 3920 et
818 3856 995 3945 regulares
1017 3856 1075 3938 qui
1098 3856 1133 3918 in
1151 3855 1216 3919 hoc
1237 3853 1372 3917 invade-

194 3966 271 4023 rent
282 3964 339 4043 jus
355 3963 503 4045 parochi,
521 3965 912 4028 excommunicationem
929 3963 1027 4028 Rom.
1047 3963 1143 4028 Pani.
1162 3967 1373 4026 reservatam

193 4067 416 4147 incurrerent,
442 4073 542 4154 juxta
570 4077 678 4138 const.
703 4072 902 4156 Apostolica
918 4071 1234 4154 sediallpisccpus
1260 4077 1373 4134 tamen

194 4179 356 4244 viaticum
384 4182 513 4265 accipit,
539 4201 609 4248 non
639 4202 659 4246 a
684 4183 832 4265 parocho
857 4181 1007 4270 ecclesiae
1029 4179 1240 4265 parochialis,
1271 4179 1374 4244 seda

193 4289 303 4369 prima
316 4290 480 4371 dignitate
498 4292 646 4376 capituli,
660 4293 844 4357 comitante
859 4292 1007 4376 capitulo
1023 4297 1057 4355 et
1070 4295 1141 4355 tcto
1157 4290 1247 4354 clero
1269 4287 1374 4352 eccle-

194 4397 253 4460 siae
268 4397 481 4462 cathedralis.
505 4399 554 4464 lta
574 4400 645 4465 Sao.
668 4399 789 4482 Gongr.
811 4399 910 4466 Gonc.
931 4401 971 4464 tl
984 4399 1066 4464 maii
1085 4398 1180 4474 1873,
1205 4400 1283 4479 post
1307 4395 1373 4458 aa·

193 4522 278 4568 rem.
296 4507 442 4589 episcop.

232 4611 265 4675 l·
280 4613 397 4689 Quoad
412 4616 564 4693 missam,
581 4619 748 4700 parochus
766 4618 954 4682 nonhabet
971 4619 1029 4700 jus
1052 4634 1133 4681 suos
1148 4613 1386 4698 parochianos.

193 4721 337 4802 cogendi
353 4723 395 4787 ad
407 4723 499 4788 illam
508 4725 712 4790 audiendam
728 4727 763 4789 in
777 4726 956 4811 parochia:
971 4743 1052 4789 nam
1067 4743 1109 4788 ex
1121 4721 1370 4788 consuetudine
