3504 5568
556 589 643 637 unsa
663 591 787 638 userius
807 591 1027 638 nsonsmmuu.
1315 571 1374 636 tet

249 707 281 788 a)
302 705 407 771 Casus
428 709 642 786 necessitatis,
663 727 731 792 quo
746 713 872 785 stante,
893 707 1017 791 poterit
1039 707 1113 792 quis
1138 711 1233 771 extra
1257 705 1372 772 loeum

209 829 354 890 sacrum,
372 815 475 879 etiam
491 815 635 893 subdio,
652 815 821 881 celebrare
834 819 1129 890 :oonstatexoan.,
1145 813 1251 893 Sient,
1265 813 1315 890 tl,
1331 813 1372 877 cta

210 919 373 998 Conseri,
391 922 466 986 dist.
484 925 513 986 l.
531 922 597 987 Sed
611 922 828 1007 quandonam
841 923 1034 988 verifleetur
1050 923 1123 988 hoeo
1137 940 1240 987 eausa
1257 939 1373 987 neees-

209 1027 327 1106 sitatis,
341 1049 407 1113 qua
419 1031 625 1114 permittitur
644 1031 825 1096 celebratio
843 1032 956 1095 missae
978 1035 1074 1096 extra
1092 1029 1206 1096 locum
1220 1034 1375 1096 ssorum?

247 1137 395 1202 liabetur
408 1140 451 1215 1⁰,
466 1139 494 1202 si
505 1139 540 1202 in
550 1138 663 1223 aliquo
672 1135 746 1204 looo
757 1137 858 1204 nullae
871 1143 931 1203 aut
945 1138 1064 1204 dnutae
1077 1139 1145 1202 sint
1152 1138 1312 1216 eeclesiae,
1329 1158 1373 1204 ne

208 1244 352 1327 populus
372 1245 535 1310 saoritloio
560 1251 674 1312 eareat
693 1247 792 1330 (ean,
817 1245 1047 1326 Concedimus,
1069 1247 1118 1322 30,
1142 1247 1371 1322 (iettensem,
1439 1283 1443 1295 ·

208 1351 285 1416 dist.
304 1353 332 1414 t.

246 1464 279 1526 2⁰
298 1461 332 1526 Si
353 1463 511 1544 angustia
534 1464 651 1548 templi
668 1465 923 1530 multitudinem
941 1465 1057 1549 populi
1079 1463 1282 1530 oonlluentis
1305 1483 1376 1530 non

208 1569 331 1657 oepiat;
356 1574 446 1648 tuno,
469 1574 570 1654 juxta
596 1590 815 1637 communem
839 1577 925 1638 sent.
940 1571 1019 1648 BD..
1036 1571 1141 1637 altare
1160 1575 1274 1655 potest
1291 1572 1377 1654 erigi

207 1682 287 1742 ante
301 1679 467 1764 templum
481 1681 544 1745 snb
565 1681 631 1758 dio,
648 1701 692 1747 ne
712 1682 827 1766 plures
847 1685 985 1747 careant
1008 1681 1181 1746 saorissoio.
1201 1679 1327 1746 Tamen
1348 1680 1377 1743 si

207 1787 375 1868 majorem
393 1793 526 1871 partem
542 1789 657 1873 populi
672 1789 874 1854 confluentis
891 1790 928 1853 in
943 1788 1087 1854 solemni
1101 1789 1189 1852 testo
1205 1788 1247 1853 ad
1262 1787 1378 1852 divina

208 1895 319 1961 otssoia
333 1897 498 1980 templum
510 1915 630 1981 oapere
643 1903 769 1981 posset,
782 1916 852 1962 non
864 1901 1036 1982 oporteret
1048 1896 1218 1962 celebrare
1230 1897 1293 1960 sub
1304 1895 1375 1971 dio;

208 2008 243 2066 et
255 2003 287 2066 S.
303 2002 424 2087 Congr.
439 2005 503 2068 Rit.
514 2005 563 2088 (Ἡ
579 2005 673 2089 april.
685 2007 773 2088 1836)
786 2006 968 2087 denegavit
977 2003 1172 2070 iaoultatem
1182 2004 1376 2070 celebrandi

208 2115 304 2176 extra
318 2111 505 2188 eeclesiam,
517 2117 656 2195 propter
668 2131 834 2195 magnum
844 2113 960 2197 populi
974 2131 1189 2190 oenomaum,
1207 2113 1262 2178 die
1276 2115 1375 2176 festo.

246 2221 278 2282 3·
297 2219 330 2283 Si
357 2220 463 2284 missa
491 2219 633 2286 dioenda
656 2222 709 2297 sit,
726 2221 847 2285 saltem
868 2220 987 2286 diebus
1009 2221 1104 2285 iestis
1128 2220 1169 2284 de
1195 2225 1376 2303 praeoepto,

208 2345 322 2393 eoram
345 2327 495 2394 exercitu
518 2349 525 2392 :
549 2329 654 2394 missa
674 2329 766 2394 enim
784 2329 820 2392 in
838 2331 957 2394 eastris
971 2330 1033 2394 dioi
1053 2333 1175 2413 potest,
1192 2347 1235 2392 ne
1254 2327 1380 2392 milites

209 2435 326 2500 diebus
338 2437 434 2500 iestis
447 2437 610 2502 saerissoio
623 2437 820 2521 priventur:
837 2437 884 2502 ita
899 2437 1003 2502 etiam
1014 2437 1241 2502 communiter
1251 2436 1316 2501 Ill).
1331 2435 1381 2500 lta

208 2543 354 2608 etiamsi
373 2545 574 2626 navigantes
596 2562 666 2608 non
680 2543 818 2608 valeant
838 2563 962 2610 navem
977 2545 1135 2610 deserere
1153 2565 1160 2608 :
1177 2549 1258 2610 tuno
1271 2544 1379 2608 missa

209 2649 273 2715 diei
287 2655 404 2734 posset
417 2652 453 2715 in
464 2651 577 2717 littore
591 2652 627 2715 in
640 2656 823 2735 conspeetu
839 2654 1004 2716 omnium.

247 2759 279 2822 4⁰
294 2757 328 2822 Si
347 2758 450 2842 longa
470 2758 699 2843 peregrinatio
721 2757 929 2825 instituenda
953 2765 1044 2826 esset
1061 2781 1123 2844 per
1140 2761 1215 2826 loea
1229 2761 1374 2836 deserta,

208 2865 264 2930 vel
277 2866 476 2944 infidelium,
494 2867 552 2931 ubi
567 2885 637 2932 non
655 2869 709 2931 est
721 2865 871 2944 ecelesia,
888 2887 931 2932 ne
949 2869 995 2932 ita
1009 2869 1265 2952 peregrinantes
1283 2872 1377 2934 tanto

209 2976 371 3042 saeritloio
393 2975 451 3040 diu
470 2976 592 3058 privati
615 2976 763 3040 existant
780 2995 787 3037 :
803 2975 851 3041 ita
876 2977 979 3040 etiam
994 2975 1025 3041 S.
1044 2977 1113 3059 lig.
1135 2977 1258 3060 (Theoi.
1278 2996 1376 3052 mor,

207 3083 229 3144 l.
256 3083 310 3160 lll,
326 3103 360 3148 n.
376 3083 446 3160 356,
462 3083 543 3165 359).
559 3083 597 3147 ln
620 3082 753 3148 casibus
772 3083 937 3149 haetenus
955 3085 1174 3161 enumeratis,
1197 3085 1323 3150 suffieit
1346 3088 1381 3148 et

208 3193 390 3276 requiritur
402 3193 538 3258 lieentia
549 3193 707 3277 episcopi,
719 3193 840 3258 saltem
854 3192 990 3277 quando
1000 3193 1043 3258 ad
1053 3195 1165 3277 ipsum
1179 3194 1251 3258 tleri
1266 3199 1380 3278 potest

208 3317 384 3378 reoursus;
399 3301 472 3383 ipse
488 3301 667 3384 episeopus
680 3299 848 3383 judicium
861 3301 951 3366 ferre
966 3300 1066 3366 debet
1080 3301 1122 3365 de
1138 3319 1221 3366 vera
1235 3303 1379 3368 neeessi-

209 3412 292 3485 tate;
308 3409 367 3474 sed
382 3410 410 3472 si
426 3409 603 3493 episcopus
619 3409 662 3472 sit
676 3409 810 3485 absens,
822 3414 940 3491 posset
954 3408 1127 3486 celebrari,
1138 3413 1250 3475 stante
1263 3429 1380 3478 neees-

210 3515 319 3593 sitate‚
336 3519 409 3582 sine
423 3517 570 3582 lieentia.

249 3623 282 3687 a·
296 3625 334 3688 ln
360 3626 441 3690 navi
468 3629 585 3708 posset
608 3623 771 3690 oelebrari
796 3625 1012 3702 sacrificium,
1037 3627 1065 3690 si
1088 3625 1261 3709 navigatio
1288 3633 1380 3694 esset

210 3732 385 3810 diuturna;
401 3734 461 3800 sed
485 3733 686 3815 regulariter
707 3735 890 3818 requiritur
911 3739 950 3798 ut
966 3753 1059 3800 mare
1080 3736 1124 3799 sit
1142 3735 1374 3820 tranquillum,

211 3845 245 3905 et
258 3840 343 3906 alter
357 3841 514 3908 sacerdos
529 3841 666 3907 assistat
679 3839 735 3905 vel
750 3841 922 3916 diaeonus,
940 3860 982 3906 ne
1006 3842 1194 3924 perioidum
1213 3844 1257 3908 sit
1271 3845 1379 3909 effun-

212 3949 312 4014 dendi
328 3951 412 4015 saori
433 3949 619 4032 sanguinis.
636 3949 763 4015 Tamen
774 3950 876 4014 hodie
892 3949 996 4015 Sedes
1013 3951 1205 4034 Apostolioa
1224 3952 1381 4018 coneedit

211 4058 406 4124 laoultatem
420 4060 612 4127 celebrandi
626 4061 662 4124 in
675 4062 773 4136 mari,
790 4061 893 4126 etiam
906 4077 976 4125 non
994 4061 1173 4127 assistente
1188 4063 1255 4128 alio
1272 4079 1380 4130 saeer-

212 4163 290 4230 dote
314 4167 370 4232 vel
393 4167 551 4246 diacono,
570 4166 756 4233 dummodo
777 4165 876 4232 aliter
898 4173 1058 4234 caveatur
1080 4169 1269 4252 perieulum
1293 4171 1377 4234 etiu-

212 4273 327 4338 sionis.
344 4273 411 4339 Sed
424 4275 468 4340 ad
482 4275 722 4340 celebrandum
736 4275 772 4338 in
787 4275 877 4352 navi,
893 4293 1032 4340 neeesse
1047 4281 1099 4341 est
1120 4281 1158 4340 ut
1178 4277 1380 4361 impetretur

212 4383 356 4465 speciale
374 4385 626 4468 privilegiuma
644 4384 729 4450 Sede
748 4383 949 4468 Apostolioa,
966 4389 1001 4450 et
1021 4385 1097 4450 ideo
1117 4402 1187 4451 non
1208 4387 1380 4452 suitloeret

211 4487 348 4557 lieentia
363 4493 523 4578 episcopi.

253 4600 282 4682 b)
296 4600 516 4685 Excipiuntur
530 4603 588 4688 qui
610 4621 653 4668 ex
666 4605 744 4687 jure
758 4602 814 4669 vel
836 4602 1013 4686 privilegio
1035 4604 1162 4672 habent
1183 4604 1378 4673 iaoultatem

213 4709 404 4776 celebrandi
419 4711 455 4778 in
468 4713 566 4781 altari
581 4713 715 4788 viatioo,
732 4713 869 4790 seilicet,

352 4839 384 4883 11.
1137 4837 1140 4846 ’
1202 4825 1241 4890 dt
