3504 5566
533 581 621 630 einen
642 583 793 632 secuuuus
812 584 1042 632 necearlnuu:
1332 567 1371 630 99

203 695 437 764 dubiomelior
450 705 504 764 est
517 701 672 790 conditio¹
681 703 898 787 possidentis,
922 709 956 768 et
971 703 1157 768 favendum
1172 707 1225 767 est
1238 715 1317 778 reo‚‘
1337 705 1372 764 et

202 805 276 870 licet
286 791 370 872 alies
386 808 588 874 mandatum
612 811 798 894 superioris
813 816 1039 895 presumatur
1053 829 1128 875 esee
1140 813 1284 894 justum,
1301 827 1371 874 non

203 919 313 980 tamen
322 915 359 980 in
370 917 434 982 boo
445 917 582 1000 speciali
591 910 683 995 casu,
700 919 757 984 ubi
770 924 823 985 est
831 921 1052 1003 conjunctum
1067 937 1145 986 oum
1161 919 1285 984 damno
1298 934 1372 999 gre-

202 1024 348 1090 vissimo.

239 1131 276 1195 ln
290 1133 391 1198 tertio
405 1152 486 1200 casu
501 1135 626 1219 duplex
641 1141 694 1202 est
704 1136 975 1221 sententieepud
991 1135 1048 1200 GC.
1063 1135 1175 1201 Prima
1190 1136 1369 1209 sententie,

202 1257 273 1322 quae
291 1245 344 1304 est
357 1239 473 1318 Lessii,
488 1243 593 1325 Lugo,
611 1243 798 1322 Reillenst.‚
817 1251 893 1324 etc,
909 1245 1008 1310 docet
1020 1262 1119 1308 reum
1132 1261 1233 1326 posse
1244 1243 1374 1325 emphi-

202 1347 336 1430 bologie
359 1349 408 1413 uti
423 1351 459 1414 in
471 1351 585 1416 causis
604 1353 826 1433 gravissimis,
845 1353 880 1417 in
904 1353 1027 1436 quibus
1048 1353 1186 1417 timetur
1205 1351 1375 1415 sententia

200 1456 330 1532 mortis,
339 1459 496 1540 perpetui
508 1460 663 1537 carceris,
676 1465 739 1525 cte.
756 1461 854 1526 Ratio
862 1479 982 1525 eorum
996 1465 1058 1536 est,
1074 1458 1154 1543 quie
1166 1463 1374 1542 praeceptum
1501 1501 1504 1510 .

200 1562 401 1641 humanum,
425 1566 525 1649 quale
553 1571 605 1632 est
621 1567 756 1650 judicis,
783 1587 853 1633 non
882 1568 970 1633 solet
998 1566 1147 1649 obligare
1177 1584 1256 1631 cum
1280 1570 1373 1631 tanto

200 1670 337 1737 damno.
354 1671 564 1738 Confirmant
576 1675 766 1759 quianemo
783 1677 914 1758 dejure
927 1676 1003 1757 cogi
1018 1679 1130 1759 potest
1145 1679 1183 1738 ut
1196 1673 1375 1739 veritetem

201 1777 736 1864 dicetoontraconsanguineum3
751 1801 834 1866 ergo
845 1783 1203 1849 multominuscontre
1213 1783 1374 1864 seipsum.

200 1921 238 1932 —
252 1886 382 1951 Tamen
411 1889 581 1955 sententie
603 1889 778 1955 affirmans
793 1894 847 1954 est
860 1889 1043 1973 probabilis
1060 1896 1095 1954 et
1107 1889 1209 1970 longe
1225 1907 1378 1954 commu-

200 1995 277 2058 nior
295 1994 385 2077 apud
410 1997 446 2058 b.
467 1996 598 2074 Thom.‚
614 1997 676 2075 lei,
697 2018 729 2081 q.
746 1997 797 2074 69,
814 2016 844 2062 a.
862 1999 896 2074 l;
924 2016 1005 2062 nam
1021 1997 1213 2080 reipublicae
1236 1997 1378 2060 interest

200 2119 242 2166 ne
252 2103 398 2168 crimina
409 2109 571 2168 maneant
582 2105 759 2188 impunite.
778 2105 905 2170 Deinde
920 2105 1121 2172 correlative
1135 2109 1215 2168 sunt
1227 2103 1378 2186 judicem

198 2209 412 2292 interrogare
437 2210 589 2292 legitime
610 2217 645 2278 et
662 2231 761 2278 reum
785 2211 827 2277 ed
844 2213 1148 2294 interrogationem
1171 2211 1377 2294 respondere

201 2317 321 2381 teneri.
350 2317 453 2383 Porro
478 2324 612 2384 constet
629 2320 780 2402 judicem
804 2320 955 2401 legitime
981 2320 1203 2401 interrogare,
1231 2319 1379 2402 quoties-

199 2443 348 2510 cumque
363 2428 552 2509 interrogat
564 2433 603 2492 ut
615 2428 733 2510 judex,
748 2446 872 2510 nempe
886 2427 1022 2512 quando
1035 2433 1154 2494 contra
1165 2447 1264 2492 reum
1277 2428 1380 2492 babe-

201 2539 257 2598 tur
286 2536 456 2602 accusatio
485 2539 544 2600 eut
573 2535 783 2600 denuntiatio
815 2553 877 2599 seu
915 2535 1103 2618 semiplene
1128 2536 1293 2620 probatio,
1324 2535 1379 2600 vel

199 2643 522 2727 quandopraecessit
531 2643 688 2727 quaedem
695 2642 883 2709 diffamatio
896 2661 1000 2727 super
1012 2643 1124 2728 aliquo
1138 2645 1290 2720 crimine,
1301 2661 1380 2708 cum

198 2751 334 2816 indiciis
360 2751 556 2837 semiplenae
572 2751 764 2834 probationi
786 2750 1079 2836 aequivalentibus.
1094 2751 1201 2833 Igitur
1212 2769 1324 2834 neque
1338 2750 1380 2814 de

200 2858 355 2936 occultis,
380 2877 492 2944 neque
517 2860 559 2928 de
582 2858 657 2923 allis
679 2859 879 2924 criminibus
903 2879 979 2943 quae
998 2877 1078 2924 cum
1099 2858 1157 2924 illo
1182 2861 1280 2941 eujus
1300 2877 1380 2920 reue

198 2967 380 3032 convictus
395 2973 457 3042 est,
487 2986 632 3052 queequc
661 2986 704 3032 ex
728 2973 847 3052 suapte
869 2973 992 3034 nature
1006 2973 1065 3032 eut
1091 2985 1135 3031 ex
1157 2967 1290 3030 indiciis
1315 2967 1381 3030 sul-

199 3075 395 3140 flcientibus
408 3093 564 3140 connexa
577 3093 647 3140 non
660 3080 750 3150 sunt,
766 3075 856 3139 licite
872 3081 906 3139 et
919 3075 1071 3157 legitime
1085 3075 1283 3156 interroget.

240 3185 273 3266 b)
289 3183 448 3266 Sequitur
461 3182 552 3266 quod
568 3185 596 3247 ei
604 3183 713 3266 judex
727 3183 926 3265 interroget,
945 3183 1083 3268 innixus
1097 3181 1182 3246 selae
1196 3200 1382 3265 praesump-

200 3293 308 3368 tione,
320 3290 399 3356 licet
411 3289 496 3356 elies
509 3291 662 3372 legitime
675 3292 875 3374 interroget,
892 3296 1043 3374 spectata
1065 3290 1252 3356 universim
1266 3309 1379 3366 causa,

199 3418 285 3465 reus
300 3417 369 3464 non
393 3403 530 3464 tenetur
552 3399 771 3482 respondere,
796 3405 830 3464 et
851 3399 924 3466 sine
938 3403 1077 3482 peceato
1092 3404 1209 3482 posset
1227 3398 1381 3463 absolute

200 3525 343 3590 negare.
359 3505 456 3572 Ratio
481 3511 534 3571 est
555 3507 635 3591 quia
650 3506 804 3590 quaestio,
828 3507 863 3570 in
885 3525 987 3572 sensu
1009 3525 1029 3572 a
1040 3507 1154 3590 judice
1167 3507 1222 3572 hio
1239 3513 1273 3572 et
1292 3525 1382 3571 nune

200 3614 435 3698 principaliter
448 3615 592 3692 intento,
610 3619 662 3680 est
675 3615 770 3680 felse.

262 3812 294 3862 11.
312 3811 354 3862 An
364 3809 454 3874 judex
466 3809 556 3874 possit
569 3809 605 3863 de
619 3821 650 3863 ee
664 3810 827 3864 contessum
842 3809 1018 3876 interrogare
1033 3809 1068 3864 de
1082 3809 1165 3866 sociis
1180 3809 1325 3865 oriminis?

244 3953 278 4014 1ο
301 3949 514 4033 Regulen'ter
533 3967 603 4014 non
622 3953 745 4032 potest,
769 3955 807 4014 ut
825 3955 959 4014 constat
976 3969 1019 4014 ex
1032 3969 1105 4015 can.
1132 3953 1189 4016 ssn.
1205 3970 1309 4016 cause
1332 3953 1380 4029 lb,

204 4077 237 4142 q.
254 4059 285 4134 3,
302 4065 338 4123 et
351 4077 424 4141 cep.
441 4060 457 4122 l
474 4059 546 4141 buj.
572 4058 622 4120 tit.
644 4057 742 4122 Retio
763 4063 825 4133 est,
852 4058 1020 4142 quietalis
1041 4060 1082 4123 de
1103 4078 1139 4124 se
1154 4061 1331 4125 confessus
1346 4061 1384 4123 sst

202 4166 353 4242 infernis,
367 4167 522 4249 adeoque
536 4163 753 4248 repellendus
764 4169 817 4228 est
828 4166 996 4248 ejudicio.
1010 4167 1092 4230 llein
1102 4167 1299 4248 hujusmodi
1309 4187 1385 4250 per·

203 4275 296 4338 versi
311 4275 469 4338 homines
483 4274 582 4356 proni
605 4277 686 4336 sunt
706 4273 749 4337 ad
770 4261 1006 4338 infamandum
1026 4274 1120 4349 elios,
1145 4281 1182 4338 ut
1199 4275 1255 4340 vel
1274 4277 1384 4340 socios

203 4382 353 4446 habeant
366 4399 559 4464 paenarum,
571 4379 627 4444 vel
639 4381 703 4463 ipsi
714 4382 830 4445 mitius
844 4381 1040 4464 punientur,
1052 4387 1191 4464 propter
1202 4382 1384 4466 complices

203 4507 293 4572 quos
306 4489 496 4553 nominant.
514 4488 631 4572 ltaque
646 4489 903 4553 nominantibus
919 4489 1003 4554 elios
1017 4489 1073 4553 vel
1090 4489 1381 4568 denuntiantibus,

204 4595 264 4660 vel
276 4597 357 4661 nibil
372 4596 429 4662 vel
439 4615 562 4680 perum
575 4596 655 4661 fidei
669 4596 901 4662 adhibendum
915 4603 977 4662 est.

248 4705 1274 4789 2⁰Dixiregulariter,namadmittunturexceptiones.Etenim
1279 4707 1386 4790 judex
