3488 5564
430 534 433 542 '
537 559 623 605 crasa
644 559 795 608 snccrnns
815 563 1035 610 nscesmnou.

614 916 840 994 rrrurus
874 917 961 1026 xrr.

415 1088 453 1133 nn
475 1089 569 1134 causa
592 1090 794 1138 rosssssrours
814 1093 853 1138 nr
873 1093 1086 1140 rnormsmrrs
1105 1075 1157 1156 (l).

234 1391 522 1475 Frequentissime
546 1399 729 1459 occurrunt
751 1396 788 1459 in
806 1395 943 1480 judiciis
963 1414 1075 1462 causae
1091 1397 1319 1482 possessionis
1343 1403 1377 1462 et

194 1501 423 1583 proprietatis.
439 1499 534 1566 Unde
546 1508 729 1586 postquam
745 1503 786 1567 de
800 1503 919 1569 ordine
933 1505 1169 1587 cognitionum
1192 1505 1228 1568 in
1248 1523 1375 1586 genere

194 1607 309 1670 visum
320 1613 382 1684 est,
399 1613 490 1673 recte
505 1610 618 1690 agitur
636 1609 677 1674 de
693 1611 811 1675 ordine
828 1630 895 1696 quo
910 1612 1054 1695 proponi
1068 1611 1170 1676 debet
1183 1630 1286 1677 cause
1299 1630 1377 1695 pos-

194 1715 359 1779 sessionis
374 1721 409 1780 et
422 1717 637 1800 proprietatis
651 1717 687 1782 in
702 1719 824 1802 specie.
842 1719 979 1784 Materia
988 1721 1092 1802 hujus
1104 1719 1202 1797 tituli,
1216 1721 1244 1784 si
1256 1738 1377 1784 omnes

193 1822 479 1907 complecteretur
492 1827 700 1910 quaestiones
716 1827 757 1892 de
773 1829 992 1911 possessione
1008 1833 1043 1893 et
1059 1827 1223 1904 dominio,
1244 1825 1378 1912 amplis-

194 1933 285 1996 sima
298 1937 399 1997 esset.
419 1932 485 1997 Sed
500 1933 535 1996 in
551 1953 592 1998 eo
606 1935 718 2016 magis
733 1935 858 2001 directe
874 1937 986 2018 agitur
1002 1935 1043 2001 de
1056 1936 1159 2001 modo
1170 1934 1377 2020 procedendi

194 2039 232 2102 in
245 2039 311 2103 hoc
323 2057 451 2121 genere
468 2057 667 2117 causarum;
684 2042 842 2125 quaedam
856 2049 973 2111 tamen
988 2049 1070 2108 sunt
1084 2041 1324 2126 praemittenda
1336 2042 1378 2107 de

196 2146 500 2230 ipsaposscssione
515 2153 551 2212 et
564 2149 783 2232 proprietate.
965 2133 968 2140 ’

639 2367 774 2428 SECTIO
797 2367 931 2430 PRIMA.

284 2505 447 2560 Nationes
462 2507 599 2574 provio
615 2507 705 2561 circa
721 2508 968 2573 possessionem
986 2510 1022 2560 st
1037 2509 1288 2574 proprietatem.

618 2675 635 2748 ἓ
654 2679 676 2734 1.
695 2677 737 2736 ltc
752 2677 949 2749 possessione.

480 2829 500 2879 1.
519 2830 559 2880 De
576 2829 679 2881 natura
696 2829 725 2881 et
740 2827 879 2882 divisione
894 2827 1089 2892 possessionis.

238 2945 270 3026 a)
292 2943 520 3010 Possessionis
545 2962 673 3010 nomon
696 2945 943 3026 grammaticali
967 2945 1178 3011 derivatione
1212 2965 1233 3011 a
1262 2948 1375 3012 verbis

190 3071 292 3137 posse
319 3059 354 3116 et
374 3051 631 3126 senecensem
657 3052 713 3117 vel
733 3055 833 3136 juxta
845 3055 903 3136 jus
917 3053 1121 3128 Romanum,
1138 3060 1238 3118 sonat
1246 3055 1374 3137 pedum

197 3161 295 3245 quasi
306 3161 519 3245 positionem,
544 3162 624 3244 quia
637 3179 693 3226 res
708 3161 908 3226 naturaliter
922 3167 1082 3226 censetur
1094 3161 1261 3245 possideri
1276 3163 1318 3228 ab
1334 3183 1375 3228 eo

197 3270 256 3354 qui
270 3268 414 3352 pedibus
430 3269 501 3332 suis
512 3268 624 3334 eidem
638 3269 776 3345 insistit,
789 3271 889 3352 juxta
902 3267 984 3334 illud
1000 3269 1112 3345 Dent,
1125 3289 1168 3346 xr,
1183 3269 1242 3334 cl:
1259 3270 1375 3336 manu

196 3379 288 3442 locus
301 3395 402 3460 quam
417 3377 597 3441 calcaverit
604 3395 668 3461 pes
681 3386 799 3452 cester,
815 3385 924 3441 cester
933 3379 1005 3440 crit.
1020 3377 1084 3441 Sed
1097 3396 1161 3442 usu
1171 3378 1236 3443 hoc
1246 3397 1373 3443 nomen

194 3484 369 3550 interdum
382 3485 541 3548 tribuitur
554 3485 634 3570 ipsis
647 3486 750 3549 rebus
765 3484 951 3568 possessis;
968 3485 1151 3568 aliquando
1165 3485 1276 3568 ipsam
1299 3504 1374 3569 pro

195 3593 377 3676 prietatem
391 3593 575 3674 significan
591 3611 655 3657 nec
667 3611 745 3657 raro
758 3611 820 3676 pro
833 3592 1041 3675 usucapione
1057 3593 1213 3657 sumitur.

237 3699 276 3764 ln
300 3701 460 3783 praesenti
484 3704 600 3764 autem
625 3700 837 3778 tractatione,
862 3700 1024 3783 accipitur
1042 3719 1104 3783 pro
1130 3706 1206 3766 actu
1221 3699 1278 3766 vel
1294 3704 1372 3784 jure

195 3806 405 3892 possidendi,
419 3825 440 3872 a
459 3824 527 3891 quo
543 3807 784 3872 denominatur
797 3825 977 3892 possessor
991 3813 1026 3872 et
1040 3826 1096 3873 res
1107 3827 1278 3892 possessa.
1289 3807 1372 3872 Elin

196 3919 263 3980 hoc
277 3934 381 3980 sensu
396 3913 557 3979 delinitur
571 3934 578 3977 :
594 3914 657 3980 Rei
670 3915 851 3999 corporalis
872 3915 1030 3992 detentio,
1048 3917 1205 4000 corporis,
1222 3915 1332 3980 animi
1342 3925 1374 3980 et

187 4024 284 4106 juris
305 4021 521 4088 adminicuto.
539 4021 666 4086 Dicitur
680 4022 712 4085 1ο
729 4021 921 4107 corporatis
934 4023 995 4102 rei,
1017 4041 1098 4088 nam
1113 4021 1285 4106 possessio
1300 4039 1376 4106 pro-

195 4132 269 4215 prie
284 4135 337 4196 est
348 4148 464 4195 rerum
478 4129 645 4195 duntaxat
665 4128 904 4213 corporalium,
920 4136 959 4195 ut
969 4133 1042 4214 jam
1059 4127 1229 4210 colligitur
1242 4147 1285 4192 ex
1296 4147 1376 4194 con-

195 4243 297 4323 ceptu
318 4237 501 4321 primitivo.
519 4235 771 4313 Verumtamen,
798 4238 934 4302 fictione
956 4238 1054 4320 juris,
1078 4237 1249 4320 possessio
1273 4237 1375 4302 etiam

195 4347 320 4412 dicitur
334 4345 376 4410 dc
388 4345 523 4428 juribus
536 4363 598 4409 seu
613 4345 715 4409 rebus
729 4344 1015 4429 incorporalibus:
1028 4345 1244 4409 communius
1258 4349 1376 4410 autem

196 4454 263 4520 dici
277 4452 365 4519 solet
380 4451 672 4538 quasi-possessio.
694 4453 727 4517 θ’
740 4453 906 4530 Detentio,
926 4471 1006 4518 nam
1023 4451 1174 4517 delinitio
1191 4453 1375 4518 convenire

227 4614 265 4683 (t)
279 4613 327 4669 lus
345 4614 396 4668 civ.
415 4613 471 4681 agit
488 4613 521 4666 de
539 4611 582 4666 his
597 4614 685 4666 causis
701 4613 727 4666 Ιο
741 4614 770 4666 in
784 4613 921 4678 Prndect„
936 4613 982 4666 lib.
996 4613 1049 4679 xla,
1062 4613 1104 4666 tit.
1119 4625 1138 4677 1,
1154 4624 1185 4674 ιι,
1200 4611 1247 4665 lib.
1263 4613 1314 4677 XL,
1328 4625 1375 4680 pcr

194 4701 292 4760 totum
305 4697 332 4748 in
346 4695 421 4760 Cod,
436 4695 481 4746 lib.
496 4697 562 4757 vm,
577 4696 616 4746 tit.
634 4707 721 4754 rrum
736 4697 764 4745 ἓν
779 4696 805 4745 in
819 4695 883 4746 God.
897 4709 1014 4762 process.
1029 4695 1090 4760 cia,
1105 4704 1155 4746 art.
1169 4695 1210 4758 23,
1225 4698 1264 4762 25,
1280 4697 1321 4759 26,
1334 4695 1375 4748 rt.

360 4805 392 4847 u.
1195 4787 1215 4849 ὅ
