3488 5564
335 607 339 616 ·
360 568 399 636 at
820 591 872 638 rus
893 591 1074 640 canonican.

359 705 461 769 minis
476 705 566 770 inter
583 707 753 772 actionem
767 713 803 772 et
816 709 1053 792 exceptionem
1066 713 1130 784 est,
1148 709 1227 791 quia
1241 708 1424 791 excipiens,
1437 727 1535 780 secus

359 831 398 880 ac
411 818 515 890 actor,
531 833 601 879 non
614 814 717 880 hahet
729 820 946 897 potestatem,
962 815 1098 900 quando
1111 817 1344 882 conveniatur.

399 922 428 1003 a)
445 922 493 986 Dc
507 922 707 1006 probatione
725 923 804 988 doli.
829 925 860 988 l⁰
880 923 985 990 Dolus
1008 929 1059 990 cst
1082 923 1287 990 difficillimas
1312 925 1532 1009 probationis,

358 1032 438 1116 qnia
457 1051 536 1097 cum
555 1033 591 1096 in
611 1033 726 1098 animo
746 1032 875 1098 lateant
895 1035 1121 1112 intentiones,
1147 1034 1302 1117 probatio
1324 1035 1536 1102 desumenda

359 1145 413 1207 est
432 1159 475 1206 ex
492 1142 708 1224 conjecturis,
728 1141 860 1206 indiciis
882 1161 921 1208 ec
940 1144 1263 1227 presumptionibus
1279 1145 1318 1226 (c.
1334 1144 1394 1208 ssn.
1415 1143 1457 1208 de
1474 1143 1535 1209 Re-

358 1257 469 1328 meat,
480 1249 567 1326 inu,
579 1249 667 1330 etc).
677 1247 781 1315 Porro
791 1268 870 1314 oum
885 1249 984 1315 dolus
996 1249 1200 1332 regulariter
1212 1269 1283 1315 non
1295 1255 1533 1334 praesumatur,

358 1357 435 1424 ideo
451 1359 530 1442 quia
542 1364 596 1423 est
607 1357 744 1442 aliquod
757 1360 898 1437 crimen,
919 1359 1089 1443 ejusmodi
1107 1360 1391 1444 praesumptiones
1410 1359 1537 1425 dehent

358 1483 433 1532 esse
454 1483 578 1549 graves
602 1473 638 1533 et
658 1465 759 1552 plene
781 1469 931 1552 probatae
951 1473 990 1532 ut
1007 1468 1121 1551 ipsum
1144 1467 1261 1532 dolum
1282 1469 1444 1550 probent;
1465 1469 1535 1534 imo

357 1577 507 1658 grovitm
535 1593 654 1642 earum
680 1577 889 1660 respondere
918 1577 1020 1644 debet
1047 1576 1304 1662 presumptioni
1330 1577 1534 1643 innocentie

357 1687 432 1768 ejus
447 1684 504 1768 qui
518 1683 586 1748 doli
601 1685 778 1768 arguitur(
799 1685 820 1768 ).

395 1793 428 1858 l·
443 1793 665 1876 Praesumptio
681 1795 749 1860 doli
764 1795 872 1860 oritur
886 1801 959 1860 tum
973 1815 1015 1860 er
1030 1797 1197 1880 qualitate
1211 1813 1437 1880 personarum
1458 1811 1533 1877 quea

356 1903 400 1967 ad
413 1907 527 1968 actum
541 1901 597 1968 vel
610 1909 824 1968 contractum
839 1909 1094 1981 concurrerunt,
1110 1911 1149 1968 ut
1160 1905 1188 1968 si
1199 1903 1364 1968 auxilium
1377 1920 1533 1987 persone

357 2017 522 2094 suspectas
537 2012 592 2076 vel
607 2013 710 2076 etiam
730 2013 838 2078 tertiae
858 2013 1077 2089 adhibeatur3
1095 2019 1169 2076 tum
1188 2012 1417 2096 esqualitate
1435 2012 1531 2094 sacti,

356 2121 448 2204 quod
463 2123 541 2203 jure
562 2120 707 2185 naturali
727 2120 783 2184 vel
802 2123 948 2204 positivo
972 2126 1086 2204 potest
1110 2139 1185 2186 asse
1207 2119 1380 2196 illicitum;
1398 2126 1471 2186 tum
1492 2140 1534 2184 ec

355 2229 466 2304 modo,
487 2233 639 2311 tempore
659 2233 694 2293 et
711 2229 984 2302 circumstantiis,
1007 2229 1129 2312 quibus
1153 2229 1319 2304 stactus,
1345 2233 1384 2291 ut
1405 2229 1433 2290 si
1458 2229 1533 2312 quis

353 2336 551 2420 locupletari
570 2342 699 2421 quaerat
717 2355 795 2401 cum
819 2337 944 2402 damno
966 2337 1089 2414 alieno,
1114 2339 1141 2402 si
1163 2341 1305 2420 occupet
1328 2355 1383 2400 res
1404 2335 1532 2401 alienas

355 2452 466 2523 nocte,
481 2448 517 2510 in
536 2445 611 2510 loco
632 2445 775 2523 occulto,
792 2446 952 2510 derelicto
967 2447 1089 2522 olticio,
1108 2447 1136 2509 si
1155 2447 1296 2510 nimiam
1313 2450 1347 2508 et
1361 2443 1532 2509 insolitam

354 2555 476 2620 afferat
501 2555 729 2636 diligentiam,
754 2557 782 2619 si
805 2557 893 2620 lacta
918 2557 961 2618 sit
982 2555 1077 2620 laesio
1102 2556 1268 2630 enormis,
1295 2572 1419 2636 nempe
1445 2553 1533 2618 ultra

351 2665 453 2745 justos
466 2664 701 2730 aestimationis
716 2663 906 2728 dimidium.
922 2663 988 2728 Sed

392 2771 426 2833 3ο
439 2767 464 2832 Ε
482 2775 600 2836 contra
620 2770 811 2836 excluditur
832 2770 941 2848 dolus,
959 2771 987 2835 si
1002 2771 1128 2836 adsunt
1141 2771 1264 2836 indicia
1278 2787 1384 2854 prope
1398 2772 1531 2834 contra-

353 2879 403 2942 ria
416 2897 519 2962 supra
532 2881 751 2954 enumeratis,
774 2881 897 2963 quibus
913 2877 1010 2944 dolus
1022 2881 1240 2962 praesumitnr
1256 2899 1263 2941 :
1279 2883 1318 2941 ut
1337 2878 1366 2940 si
1384 2895 1531 2960 persona

353 2986 557 3051 contrahens
570 2986 626 3051 vel
640 3005 747 3068 agene
761 2989 806 3052 sit
819 2989 872 3051 vir
885 2989 984 3052 bonae
1002 2987 1082 3052 ssdei
1098 2987 1244 3052 ethome
1263 2987 1374 3061 lamas,
1391 2986 1419 3048 si
1434 2989 1530 3049 actus

354 3093 466 3177 palam
480 3097 598 3176 gestus
612 3095 666 3170 sit,
683 3101 745 3162 etc.

842 3304 978 3366 suctto
1000 3303 1036 3366 ll.

797 3447 846 3502 De
865 3449 1083 3502 contumacia.

649 3615 669 3665 1.
686 3611 759 3674 Quid
773 3613 802 3666 et
816 3613 967 3678 quotuplex
982 3612 1019 3666 sit
1034 3611 1231 3666 contumacia?
1293 3613 1298 3624 ⁴

391 3743 424 3825 o)
439 3740 667 3819 Contumacia,
679 3743 960 3808 acontemnendo
976 3743 1074 3820 dicta,
1087 3743 1233 3806 sumitur
1241 3739 1308 3806 late
1323 3741 1378 3805 vel
1394 3741 1524 3816 stricte;

349 3849 417 3914 late
441 3855 587 3933 sumpta,
611 3850 768 3932 designat
788 3869 1038 3934 quamcumque
1060 3841 1338 3925 inobedientiam,
1362 3850 1451 3913 intra
1471 3849 1527 3914 vel

350 3963 446 4024 extra
463 3957 629 4042 judicium
647 3957 882 4034 commissam;
897 3958 1011 4022 stricte
1026 3975 1064 4024 ac
1079 3959 1245 4043 specifice,
1263 3958 1403 4022 denotat
1417 3955 1525 4021 solam

347 4065 614 4130 inobedientiam
632 4065 851 4132 commissam
870 4065 1036 4130 adversus
1054 4065 1205 4148 iudicem
1227 4065 1380 4146 legitime
1402 4082 1525 4128 vocan-

317 4267 319 4273 y
349 4177 434 4248 tem,
454 4171 510 4238 vel
533 4173 614 4256 quid
637 4174 712 4238 tlcri
734 4173 997 4258 praecipientem.
1014 4208 1054 4219 -
1072 4171 1110 4237 ln
1128 4174 1205 4255 jure
1227 4171 1351 4238 Gallico
1375 4172 1523 4236 stiictius

349 4277 517 4340 sumitur:
534 4277 569 4340 in
588 4275 666 4342 God.
686 4277 764 4340 inst.
780 4275 874 4340 crim.
891 4275 913 4338 l.
940 4275 979 4351 ll,
997 4277 1047 4339 tit.
1065 4295 1107 4351 vr,
1124 4293 1197 4358 cap.
1213 4275 1243 4352 1,
1260 4292 1329 4339 vox
1348 4279 1525 4340 contuma-

347 4383 399 4449 cia
412 4383 454 4448 de
469 4383 701 4450 inobedientia
713 4383 749 4448 in
767 4401 870 4450 causa
888 4383 1054 4448 criminali
1070 4383 1202 4458 dicitur,
1225 4384 1307 4447 dum
1327 4382 1525 4448 inobedien-

348 4491 395 4558 tia
407 4491 443 4556 in
457 4509 561 4557 cause
573 4491 663 4557 civili
677 4490 830 4557 detectus
842 4495 997 4566 vocatum
1008 4491 1113 4571 igitur
1123 4489 1464 4556 condemnationibus
1478 4489 1523 4559 ob

379 4729 413 4794 (t)
429 4729 493 4780 Cod.
508 4729 569 4790 cin,
583 4743 609 4779 a.
625 4728 696 4780 11111.
