3510 5574
364 578 424 644 est
547 585 550 598 '
827 591 878 641 tus
898 587 1079 642 clnourootl.

363 713 448 778 lium
465 713 508 778 ad
520 711 658 779 ordines
672 712 823 776 minores
836 717 982 791 tantum,
994 712 1038 778 ad
1049 709 1216 794 simplicia
1226 710 1407 787 benelloie;
1422 691 1544 774 deinde

364 827 399 886 et
412 823 449 886 in
461 821 628 886 similibus
640 822 775 887 ensibus
786 823 823 888 in
837 823 972 906 quibus,
986 823 1030 888 ob
1046 821 1219 888 dillloilem
1231 837 1420 896 recursum,
1430 817 1543 883 solent

363 930 560 1014 dispensare
574 930 737 1014 episeopi;

406 1039 439 1104 6ο
452 1037 665 1104 Constituere
688 1037 901 1103 visitatorem
922 1037 1086 1104 idoneum
1105 1033 1273 1116 dioeoesie,
1292 1053 1355 1120 pro
1381 1035 1544 1100 reforme-

364 1148 456 1213 tione
482 1163 620 1211 morum
640 1145 722 1211 oleri
746 1151 781 1210 et
802 1144 931 1230 populi,
950 1144 1072 1212 saltem
1091 1148 1193 1230 juxta
1213 1144 1487 1214 communiorem
1511 1146 1546 1206 et

362 1255 534 1322 veriorem
549 1255 756 1320 sententiam
772 1275 780 1330 ;

403 1365 435 1428 l·
449 1362 552 1428 linire
569 1362 736 1428 benetloia
758 1366 883 1445 potest,
902 1362 994 1446 quod
1009 1367 1062 1427 est
1073 1360 1299 1438 neeessitetis‚
1316 1365 1351 1426 et
1364 1360 1543 1426 admittere

363 1471 615 1553 resignationes
629 1469 896 1546 benenom-em

293 1602 295 1614 ’
400 1580 433 1643 8⁰
448 1579 499 1644 Ire
514 1578 559 1644 ad
574 1577 757 1644 eonsilium
771 1577 982 1661 provinoiale
994 1597 1057 1662 pm
1071 1598 1173 1646 suum
1187 1580 1353 1644 vioerium
1366 1595 1447 1642 eum
1462 1580 1543 1640 voto

362 1688 522 1764 deoisivo‚
548 1686 641 1764 dum,
668 1685 749 1750 sede
769 1683 882 1768 plena,
908 1685 1056 1768 oepitulo
1081 1687 1247 1772 eompee'l
1265 1691 1400 1754 tautum
1423 1689 1544 1748 votum
1665 1676 1669 1684 '

360 1795 638 1861 consultativum.
661 1795 759 1861 Ratio
779 1795 905 1861 horum
924 1797 1080 1860 omnium
1095 1802 1158 1873 est,
1173 1796 1267 1880 quod
1280 1796 1358 1861 hoe
1368 1799 1406 1860 et
1417 1792 1541 1860 similia

359 1907 534 1990 pertinent
542 1903 587 1970 ad
596 1903 804 1970 ordinariam
812 1910 848 1970 et
856 1907 1086 1972 neeessariam
1097 1905 1371 1990 jurisdictionem
1382 1901 1545 1987 episoupi

361 2031 448 2098 que,
464 2013 545 2078 sede
560 2017 716 2091 vetante,
730 2013 852 2078 transit
864 2013 901 2077 in
914 2013 1112 2097 oepitulum.

537 2219 548 2245 ι
593 2206 624 2258 11.
643 2202 716 2268 Quid
731 2215 789 2258 non
803 2203 894 2269 possit
907 2203 1075 2269 capitulum,
1090 2203 1158 2258 sede
1172 2204 1311 2258 vacanter

400 2337 545 2424 Nequit:
564 2341 596 2403 1⁰
621 2338 702 2404 dare
727 2337 858 2402 litteras
882 2335 1092 2403 dimissorias
1112 2337 1156 2403 sd
1169 2337 1307 2404 ordines
1321 2341 1364 2403 ab
1378 2343 1542 2403 extraneo

361 2450 520 2533 episeopo
542 2447 757 2532 recipiendos
777 2447 868 2512 intra
887 2465 1018 2512 annum
1040 2447 1228 2514 venationis
1252 2467 1260 2512 :
1284 2452 1402 2531 posset
1426 2451 1543 2511 tamen

360 2556 531 2640 ejusmodi
551 2557 683 2622 litterae
707 2557 787 2622 dare
809 2556 863 2619 his
890 2557 948 2641 qui
975 2557 1095 2622 aretati
1122 2561 1204 2621 sunt
1227 2555 1360 2621 ratione
1386 2554 1541 2620 benesseii

359 2665 486 2750 reeepti
499 2664 557 2731 vel
569 2664 765 2749 reeipiendi.
781 2663 884 2730 Seeus
899 2665 1041 2750 punitur
1057 2683 1161 2749 poeua
1180 2663 1363 2741 interdicti,
1380 2681 1424 2728 ex
1437 2661 1538 2738 nid„

361 2789 444 2838 sess.
462 2774 493 2851 8,
510 2792 539 2838 o.
557 2773 611 2849 to;

399 2881 431 2946 θ’
445 2880 531 2946 liare
552 2877 727 2946 lieentiem
748 2880 939 2946 aedifiosndi
960 2900 1093 2946 novum
1118 2880 1378 2956 monasterium,
1399 2879 1480 2963 quia
1500 2899 1541 2943 ex

358 2992 466 3054 ronst.
486 2987 638 3070 Gregorii
661 2987 734 3052 lllll
757 2987 938 3070 Quoniam,
954 2987 1155 3073 episcopalis
1173 2987 1310 3054 lieentia
1323 3005 1385 3072 per
1398 2986 1541 3052 modum

358 3099 476 3161 lormae
510 3095 705 3180 requiritur.
735 3095 774 3160 ld
800 3096 985 3162 deelaravit
1017 3097 1059 3162 de
1086 3097 1212 3162 vicario
1240 3094 1416 3179 capitulari
1446 3111 1542 3160 saera

359 3204 480 3285 Congr.
497 3203 597 3269 Cone.
614 3204 654 3268 19
664 3206 800 3287 januar.
818 3204 915 3281 163&

397 3314 430 3376 3⁰
451 3311 643 3378 Gonoedere
666 3311 908 3395 indulgentias,
933 3313 1013 3397 quia
1032 3313 1105 3378 haee
1126 3312 1270 3378 saeultas
1294 3311 1431 3377 videtur
1450 3313 1542 3378 attri-

358 3421 440 3486 bute
455 3421 613 3503 dignitati
627 3421 829 3506 episcopatu

396 3529 430 3594 4⁰
443 3529 600 3595 Aliensre
615 3531 707 3597 hone
723 3530 912 3596 immobilia
925 3531 1081 3596 Eoolesiae
1100 3536 1135 3595 et
1148 3531 1289 3596 mobilis
1299 3531 1450 3614 pretiosa
1465 3549 1539 3615 quae

358 3639 526 3705 servanda
546 3641 676 3705 servari
698 3647 845 3723 possunt
868 3643 925 3717 (ex
945 3659 1019 3724 esp,
1043 3643 1059 3704 l
1082 3641 1154 3724 huj.
1176 3643 1251 3720 tit),
1268 3641 1334 3704 nisi
1348 3639 1539 3724 speoialiter

357 3747 495 3814 socedat
522 3747 660 3815 lieentia
688 3749 819 3815 Senotae
847 3750 955 3826 Sedis,
977 3750 1034 3816 vel
1056 3751 1234 3832 contingat
1256 3769 1356 3819 oasus
1384 3751 1539 3832 urgentis

357 3857 571 3922 necessitatis
586 3876 662 3942 quae
676 3876 811 3924 morem
826 3877 898 3926 non
911 3861 1055 3944 patitur;

396 3968 428 4030 δ’
442 3967 550 4032 litem
570 3966 742 4045 inohoare,
768 3967 825 4033 vel
849 3969 892 4034 ab
915 3968 1075 4052 episeopo
1095 3969 1291 4034 inchoatam
1304 3967 1468 4051 prosequi
1482 3967 1539 4050 (en

355 4091 428 4156 oap.
445 4075 505 4137 ssn.
521 4075 593 4157 huj.
611 4075 674 4156 tit.)
692 4095 699 4138 :
721 4075 812 4158 quia,
835 4075 916 4140 sede
937 4081 1092 4153 vetante,
1111 4075 1260 4140 Euolesia
1272 4081 1367 4141 earet
1382 4074 1537 4156 legitimo

356 4181 546 4246 defensore.
565 4181 599 4247 Si
613 4187 730 4248 tamen
743 4191 904 4265 ageretur
918 4183 959 4250 de
976 4184 1075 4276 bonis
1090 4187 1124 4248 et
1137 4184 1275 4268 juribus
1288 4183 1434 4268 propriis
1448 4181 1538 4266 eapi-

356 4290 417 4354 tuli
438 4293 480 4356 ah
498 4290 658 4375 episeopo
670 4291 992 4375 independentihus,
1009 4293 1045 4358 in
1063 4291 1194 4375 jndicio
1209 4297 1301 4358 stare
1315 4296 1434 4374 posset
1448 4291 1538 4374 oepi-

356 4398 483 4476 tulum3

394 4507 427 4571 6·
441 4506 602 4572 Conferre
625 4509 792 4574 benefitia
816 4529 891 4594 quae
915 4509 959 4575 ad
982 4508 1127 4574 liberam
1149 4508 1368 4575 collationem
1386 4509 1537 4593 episcopi

354 4617 527 4700 pertinent
545 4619 602 4700 (ex
623 4636 697 4703 oap.
713 4619 734 4683 9
748 4621 820 4703 huj.
837 4621 913 4704 tit).
930 4620 1028 4686 Ratio
1048 4626 1110 4697 est,
1135 4621 1216 4705 quia
1237 4618 1315 4686 talis
1328 4618 1465 4684 collatio
1485 4623 1540 4682 eet

355 4726 493 4791 donatio
509 4745 585 4810 quae
600 4727 747 4810 oepitulo
774 4747 844 4794 non
867 4729 1099 4812 permittitur:
1117 4735 1153 4794 et
1171 4730 1200 4793 si
1218 4729 1355 4796 collatio
1371 4728 1538 4812 pertineat
