3498 5572
362 585 423 651 did
824 607 874 652 ros
896 607 1075 653 csuoarcuu.

362 723 612 788 machinante:
638 727 717 788 tunc
746 724 903 802 infidelis,
932 727 995 790 etsi
1014 709 1241 791 ‘convertatur
1269 726 1312 790 ad
1335 725 1449 801 iidem,
1476 745 1544 790 non

363 835 477 913 potest
491 849 635 896 uxorem
651 831 752 896 occisi
767 832 891 897 ducere
907 833 992 912 (can.
1009 834 1049 897 ib
1064 839 1098 898 et
1119 835 1155 898 bt
1179 851 1273 898 cono.
1290 833 1543 912 Trihurcensis),

364 939 454 1022 quia,
473 943 511 1002 nt
523 937 648 1020 legitur
659 939 694 1002 in
704 957 781 1022 cap.
801 941 815 1002 l
828 941 861 1004 h.
874 945 937 1003 tx«
948 941 1022 1005 Non
1032 941 1105 1006 sine
1115 940 1265 1024 periculo
1274 939 1482 1022 dispensatio
1491 939 1546 1003 bic

364 1053 480 1126 posset
506 1045 650 1122 admitti,
677 1065 757 1110 cum
785 1046 852 1112 tale
869 1047 1033 1112 damnum
1048 1047 1106 1113 tuli
1117 1047 1211 1112 lucro
1225 1047 1373 1112 Ecclesia
1384 1065 1546 1129 compen-

364 1171 438 1217 sare
453 1171 523 1216 non
539 1153 631 1218 velit.
649 1179 664 1212 a
681 1154 715 1218 Si
730 1153 824 1220 nulla
837 1155 1042 1220 machinatio
1054 1160 1200 1239 exparte
1215 1155 1325 1220 fidelis
1341 1155 1543 1230 intercessit,

363 1259 496 1324 nullum
512 1261 577 1324 erit
589 1261 874 1344 impedimentum
886 1263 927 1344 (o.
945 1263 1003 1326 lh.
1026 1263 1074 1344 t).
1092 1261 1169 1326 llaec
1184 1266 1318 1326 tanturn
1332 1266 1497 1326 notantur
1509 1261 1546 1324 in

364 1367 535 1448 prasenti,
562 1387 642 1432 oum
657 1369 699 1434 de
722 1369 967 1452 impedimento
988 1369 1140 1435 criminis
1154 1369 1229 1434 fuse
1245 1373 1367 1450 agatur
1380 1369 1416 1433 in
1436 1368 1485 1432 tit.
1503 1387 1545 1431 vu

363 1473 420 1538 lib.
439 1474 489 1538 lV.

769 1865 954 1940 TITULUS
983 1865 1141 1938 XXXIV.

637 2041 681 2085 DE
709 2041 797 2087 V0‘l'0
824 2043 866 2086 Er
892 2041 973 2086 vort
999 2042 1266 2088 subsurrtouu.

404 2347 586 2411 Occasione
602 2351 711 2411 status
734 2347 894 2429 religiosi,
912 2349 967 2412 hic
981 2349 1094 2430 agitur
1109 2348 1250 2412 devotis
1264 2349 1298 2411 in
1311 2367 1439 2430 genere
1455 2347 1545 2411 etde

360 2455 560 2520 liberatione
572 2457 614 2519 ab
625 2455 762 2521 illorum
773 2457 991 2538 obligatione,
1002 2475 1078 2540 quae
1088 2457 1242 2520 liberatio
1253 2456 1307 2520 hic
1320 2456 1388 2520 late
1405 2461 1547 2520 vocatur

360 2561 431 2626 voti
453 2561 663 2645 redampti03
695 2564 823 2628 etenim
850 2563 965 2628 stricte
995 2565 1065 2627 voti
1079 2563 1270 2646 redemptio
1286 2563 1442 2639 habetur,
1461 2563 1545 2626 dum

363 2671 551 2753 personalis
567 2671 729 2755 obligatio
755 2673 826 2736 voti
847 2674 1049 2736 transfertur
1068 2673 1104 2736 in
1126 2691 1213 2755 opus
1233 2671 1335 2737 reale.
1354 2671 1413 2735 llio
1426 2670 1546 2735 titulus

364 2780 466 2843 etiam
481 2798 551 2844 non
565 2783 679 2864 inepte
694 2783 908 2847 subnectitur
922 2781 1113 2847 tractationi
1132 2783 1173 2846 de
1190 2781 1415 2847 conversione
1428 2783 1547 2863 conju-

363 2892 522 2968 gatorum
536 2893 570 2953 et
585 2889 790 2966 inssdelium;
808 2909 888 2956 nam
901 2889 1076 2973 conjugati
1092 2895 1213 2954 votum
1227 2889 1404 2971 religionis
1418 2893 1453 2953 et
1471 2888 1547 2952 inil-

362 2994 457 3060 dcles
467 3001 588 3060 votum
604 2997 682 3061 lldei
699 2999 870 3062 emittunt.

402 3101 635 3168 Tractabimus
654 3105 845 3188 presertim
857 3107 1064 3188 quaestiones
1076 3125 1152 3190 quae
1163 3105 1205 3170 ad
1217 3107 1329 3170 lorum
1344 3103 1547 3169 canonicum

363 3214 526 3292 spectant,
545 3230 625 3275 nam
641 3212 683 3275 de
698 3212 788 3276 votis
803 3214 879 3277 fuse
895 3217 1041 3278 tractant
1054 3213 1250 3278 moralistae.
1268 3214 1418 3294 Agamus
1432 3211 1467 3274 in
1488 3211 1545 3274 du-

362 3317 437 3400 plici
454 3317 606 3383 seotione
621 3319 662 3383 de
678 3324 758 3384 voto
775 3325 810 3384 et
823 3322 894 3386 voti
910 3321 1157 3405 redemptione.

810 3535 947 3597 SEGTIO
969 3535 1103 3598 PRIMA.

576 3679 624 3731 Do
640 3681 711 3732 voti
727 3683 865 3745 nature,
882 3682 1049 3734 varietate
1068 3683 1103 3733 ot
1119 3679 1333 3746 obligatione.

704 3843 725 3892 1.
743 3839 816 3900 Quid
831 3841 859 3893 et
874 3840 1028 3906 quotuplex
1042 3840 1080 3893 sit
1092 3839 1209 3892 votum?

404 3969 436 4044 a)
453 3965 576 4030 Votum
590 3973 642 4032 est
655 3970 836 4051 promissio
850 3969 1034 4034 deliberate
1048 3971 1137 4034 laeta
1151 3969 1222 4032 lieo
1240 3967 1281 4032 de
1295 3968 1386 4032 bono
1406 3963 1548 4028 meliore

365 4078 399 4138 ot
407 4075 570 4156 possibili.
593 4077 761 4142 Diciturl⁰
773 4103 788 4136 «
804 4079 990 4160 promissio
1006 4105 1033 4154 a,
1050 4084 1084 4143 et
1095 4095 1165 4142 non
1181 4080 1314 4140 tantum
1331 4073 1476 4156 simplex
1490 4071 1548 4135 ali-

366 4181 458 4262 quod
473 4183 696 4264 propositum,
715 4185 935 4268 quantumvis
949 4187 1106 4261 llrmum;
1123 4201 1204 4248 nam
1230 4201 1273 4247 ex
1296 4186 1377 4246 voto
1397 4179 1549 4244 nascitur

366 4287 528 4369 obligatio
555 4294 739 4372 praestandi
765 4293 857 4376 quod
881 4299 1047 4369 voratum
1077 4309 1179 4375 porro
1208 4289 1452 4371 obligationem
1478 4303 1548 4349 non

366 4397 495 4461 inducit
510 4400 654 4481 simplex
669 4404 892 4486 propositum,
910 4403 1066 4486 quamvis
1080 4400 1275 4466 absolutum
1289 4399 1329 4479 (c.
1344 4397 1364 4460 3
1380 4398 1414 4460 h.
1430 4395 1477 4476 t).

389 4499 392 4508 ’
407 4507 438 4568 2⁰
453 4531 468 4562 «
479 4505 669 4573 Deliberate
682 4513 771 4575 lacta
782 4531 819 4586 »3
836 4530 917 4576 nam
932 4511 1114 4594 promissio
1129 4509 1187 4572 illa
1198 4507 1299 4571 debet
1312 4505 1386 4569 sseri
1397 4521 1476 4567 cum
1491 4501 1549 4565 ad-

367 4615 538 4680 vertentia
550 4618 701 4694 rationis,
722 4625 756 4683 et
781 4620 967 4684 deliberato
989 4635 1159 4684 consensu
1182 4611 1388 4686 voluntatis;
1409 4609 1499 4674 unde
1519 4607 1547 4670 si

367 4715 458 4786 iacta
474 4722 596 4787 luisset
609 4743 651 4788 ex
667 4743 782 4792 errore
797 4727 852 4792 vel
867 4726 1060 4808 ignorantia
1073 4721 1309 4796 inintellecta,
1324 4719 1352 4783 si
1360 4717 1548 4784 axviabso·
