3498 5572
374 567 436 635 468
837 585 889 634 svs
911 585 1092 634 canonican.

373 702 576 786 regulariter
596 701 782 767 visitationi
804 703 1031 785 subjiciuntur
1053 721 1175 768 omnes
1196 703 1320 768 donms
1343 721 1428 788 quas
1449 723 1554 789 supra

374 811 664 886 enumeravimus,
680 829 805 894 nempe
821 830 896 896 qum
911 811 1071 876 dicuntur
1084 811 1282 895 simpliciter
1296 813 1471 894 subiectae.

413 919 446 984 9·
457 918 639 1004 speciatim
652 919 839 984 visitationi
853 924 934 984 sunt
947 921 1105 985 obnoxiae
1120 919 1272 984 ecclesiae
1287 938 1357 985 non
1370 926 1553 1004 exemptae,

374 1031 414 1092 ut
438 1028 567 1093 dictum
587 1031 655 1104 est;
679 1027 801 1092 deinde
819 1028 971 1094 ecclesiae
996 1029 1177 1094 saeculares
1192 1033 1361 1112 exemptae
1386 1047 1462 1114 quae
1484 1048 1556 1094 non

374 1140 456 1202 sunt
470 1135 608 1212 nullius,
622 1141 661 1200 ut
676 1141 792 1220 aperte
810 1135 959 1202 declarat
972 1156 1067 1202 conc.
1083 1137 1173 1200 Trid.
1189 1137 1288 1218 (sess.
1302 1139 1331 1213 7,
1349 1155 1378 1201 c.
1399 1137 1450 1218 7);
1472 1137 1554 1212 imo,

370 1244 472 1326 juxta
496 1242 626 1328 plures,
656 1243 790 1308 etiamsi
818 1244 887 1308 sint
914 1264 996 1309 vere
1025 1244 1164 1310 nullius.
1195 1243 1351 1310 Ecclesiae
1379 1244 1556 1326 regulares

372 1355 511 1428 curatae,
528 1349 650 1418 saltem
676 1351 789 1436 quoad
813 1369 854 1417 ea
876 1371 952 1435 quae
975 1357 1189 1418 concernunt
1209 1370 1327 1417 curam
1348 1353 1554 1426 animarum,

372 1477 444 1526 non
468 1463 550 1524 sunt
574 1460 748 1525 immunes
772 1479 792 1526 a
817 1460 1029 1538 visitatione,
1046 1467 1085 1526 ut
1107 1459 1257 1526 declarat
1281 1460 1407 1526 Bened.
1426 1459 1496 1524 lllV
1520 1461 1556 1524 in

372 1572 481 1632 const.
495 1567 708 1646 Firmandr‘s;
730 1567 791 1632 sed
811 1567 887 1632 alise
904 1567 1056 1634 ecclcsiae
1078 1567 1290 1650 regularium
1315 1573 1556 1652 exemptorum

372 1675 515 1740 minime
537 1674 765 1758 suinciuntur
786 1675 984 1740 visitationi.
1000 1675 1206 1740 Monasteria
1229 1673 1431 1741 monialium
1452 1673 1558 1738 etiam

373 1783 521 1848 subsunt
547 1783 705 1866 episcopo
731 1783 899 1859 visitanti,
923 1789 963 1846 ut
990 1787 1092 1850 antea
1120 1783 1284 1860 diximum
1305 1783 1353 1846 ita
1376 1787 1412 1846 et
1435 1799 1557 1846 omncs

373 1887 525 1958 ecclesie
559 1890 663 1954 unitae
695 1890 903 1973 quibuslibet
936 1889 1088 1972 collegiis
1121 1890 1177 1955 vel
1207 1889 1554 1956 confraternitatibus.

371 1999 469 2066 Ratio
484 1999 610 2064 horum
625 1999 781 2063 omnium
796 2003 848 2062 est
861 1999 955 2083 quod
964 1999 1113 2064 visitatio
1125 1999 1183 2064 illa
1192 1999 1332 2064 inducta
1345 1999 1411 2064 fuit
1421 1999 1456 2062 in
1466 2017 1558 2064 com·

372 2125 516 2174 munem
529 2106 684 2172 locorum
696 2107 833 2190 piorum
847 2123 887 2172 ac
900 2106 1103 2172 clericorum
1118 2106 1311 2172 utilitatem.

414 2217 444 2300 b)
459 2215 655 2300 Episcopus,
672 2214 744 2280 sive
759 2215 795 2278 in
808 2214 1005 2280 visitatione
1025 2215 1098 2280 sive
1119 2221 1217 2282 extra
1237 2215 1483 2292 visitationem,
1496 2216 1555 2297 jus

371 2323 476 2389 habet
498 2321 659 2404 exigendi
682 2322 833 2386 rationes
858 2321 1180 2398 administrationis3
1196 2323 1341 2406 proinde
1355 2328 1471 2405 potest
1485 2321 1558 2386 exi«

372 2449 456 2513 gere
477 2433 517 2494 ut
534 2429 611 2494 libri
633 2433 669 2494 et
689 2429 864 2512 scripturae
887 2428 930 2494 ad
952 2429 1044 2493 aedes
1065 2429 1275 2514 episcopales
1299 2429 1355 2495 vel
1377 2430 1492 2495 locum
1511 2429 1556 2494 ab

372 2540 447 2624 ipso
462 2537 682 2620 designatum
703 2537 910 2615 deierantur,
927 2543 966 2601 ut
980 2538 1132 2604 rationes
1153 2538 1460 2604 administrationis
1482 2536 1556 2601 dili-

253 2655 260 2670 ·
372 2647 511 2730 gentius
526 2641 765 2730 expendantur
781 2665 788 2708 :
805 2645 853 2710 ita
867 2643 1091 2710 declaravitS.
1102 2644 1224 2728 Gongr.
1240 2645 1353 2722 Gonu,
1372 2646 1426 2710 die
1438 2647 1458 2712 8
1471 2663 1550 2726 aug.

374 2755 465 2820 1772.

412 2865 506 2932 Hanc
524 2867 694 2932 rationem
715 2863 1019 2931 administrationis
1034 2863 1177 2930 reddere
1197 2869 1359 2930 tenentur
1373 2863 1552 2936 moniales,

372 2973 474 3038 etiarn
489 2979 673 3058 exemptae;
691 2991 759 3057 quo
773 2991 865 3048 casu,
884 2972 1063 3056 episcopus
1075 2971 1229 3054 procedit
1247 2977 1285 3036 ut
1300 2972 1478 3054 delegatus
1496 2972 1555 3036 Se-

371 3079 424 3144 dis
438 3080 652 3164 Apostolicae.
668 3079 796 3144 Tamen
812 3083 884 3143 tota
899 3078 1149 3143 administratio
1165 3079 1214 3143 rei
1230 3077 1429 3162 temporalis
1443 3097 1555 3144 rema·

370 3194 432 3254 net
443 3207 551 3272 penes
571 3189 790 3264 abbatissam,
805 3187 889 3251 etin
907 3187 995 3252 banc
1015 3187 1350 3254 administrationem
1372 3187 1554 3272 episcopus

370 3315 442 3364 non
457 3297 558 3362 debet
572 3315 609 3360 se
624 3295 794 3376 ingerere,
811 3294 878 3358 nisi
889 3295 956 3378 ipsi
970 3294 1217 3359 denuntientur
1233 3288 1372 3379 quidam
1388 3313 1553 3360 excessus

369 3404 407 3469 in
421 3404 717 3470 administratione
733 3403 908 3468 commissi
926 3423 932 3465 :
949 3403 998 3468 ita
1011 3403 1241 3468 communiter
1254 3404 1320 3467 bb.

409 3513 547 3597 llocjus
561 3511 723 3578 visitandi
742 3517 778 3576 et
791 3511 951 3592 exigendi
965 3512 1117 3578 rationes
1131 3513 1285 3597 procedit
1299 3513 1403 3578 etiam
1419 3511 1460 3578 de
1474 3513 1555 3578 hos-

368 3618 529 3704 pitalibus
553 3637 629 3703 quae
651 3637 722 3684 non
743 3619 886 3684 fuerunt
908 3623 1022 3684 erecta
1044 3620 1245 3686 auctoritate
1270 3620 1466 3704 episcopali,
1491 3638 1555 3686 seu

370 3748 447 3814 quae
461 3729 578 3793 stricto
589 3745 693 3792 sensu
709 3727 869 3792 dicuntur
882 3727 1006 3792 domus
1015 3727 1080 3811 piae
1094 3748 1100 3791 :
1115 3727 1285 3810 colligitur
1297 3747 1341 3792 ex
1350 3747 1445 3794 conc.
1462 3727 1551 3793 Trid.

370 3839 466 3919 (sess.
482 3837 534 3913 tt,
553 3853 582 3900 c.
597 3835 627 3912 9,
644 3833 686 3898 de
699 3833 863 3915 Reform.)
882 3839 917 3898 ot
933 3840 1069 3899 constat
1082 3853 1126 3898 cx
1139 3835 1242 3899 variis
1263 3835 1552 3900 declarationibus

370 3941 403 4006 S.
421 3943 588 4025 congreg.
606 3941 706 4006 donc.
722 3940 825 4024 (apud
840 3941 1003 4022 Fagnan.,
1019 3940 1061 4005 ad
1074 3961 1102 4006 c.
1116 3941 1138 4004 l
1150 3942 1183 4006 h.
1202 3947 1239 4019 t,
1252 3951 1288 4006 n⁰
1302 3943 1365 4026 56).

409 4051 438 4132 c)
455 4049 520 4114 Sed
536 4067 580 4113 ex
597 4048 672 4111 istis
686 4047 781 4125 locis,
799 4047 920 4112 ultimo
942 4049 1133 4131 praesertim
1156 4047 1231 4113 loco
1254 4050 1474 4127 enumeratis,
1494 4049 1553 4114 ali-

369 4174 439 4242 qua
452 4157 651 4223 eximuntur
665 4174 686 4222 a
698 4155 894 4221 visitatione
911 4155 1092 4239 episcopali
1106 4161 1140 4220 et
1155 4155 1362 4238 obligatione
1384 4158 1551 4224 reddendi

368 4266 540 4331 rationem
556 4263 862 4331 administrationis
880 4285 888 4328 :

409 4376 442 4440 1ο
455 4373 641 4458 Hospitalis
661 4378 697 4439 et
709 4373 776 4440 alia
788 4373 864 4440 loca
877 4375 935 4459 pia
953 4393 1114 4460 expresse
1135 4381 1249 4443 erecta
1269 4376 1332 4441 sub
1352 4377 1552 4444 immediata

368 4483 580 4568 protectione
605 4501 746 4565 regum;
775 4483 955 4568 episcopus
983 4502 1055 4549 non
1080 4490 1200 4569 posset
1223 4484 1281 4552 illa
1308 4486 1448 4553 visitare
1474 4487 1550 4566 ¹sine

368 4589 607 4674 praedictorum
620 4609 742 4672 regum
756 4589 903 4668 licentia,
926 4595 964 4656 ut
979 4591 1164 4658 declaravit
1174 4611 1268 4660 conc.
1288 4593 1375 4659 Trid.
1397 4595 1478 4679 [loco
1494 4596 1547 4660 cit.

367 4714 441 4786 cap.
458 4699 501 4780 8).
522 4697 599 4764 llaec
622 4697 698 4764 loca
722 4717 765 4764 cx
787 4699 932 4782 propriis
959 4701 1152 4784 principum
1178 4703 1402 4786 proventibus
1426 4701 1483 4768 vel
1507 4721 1550 4768 ex
