3504 5566
375 576 413 638 98
834 591 886 638 tus
907 589 1086 638 cauourcuu.

415 711 443 792 b)
460 709 633 774 Confessio
642 706 917 790 extrojudioialis,
935 705 1086 772 licetrite
1097 706 1195 782 iacta,
1207 723 1268 788 per
1276 723 1312 770 se
1328 704 1437 770 solam
1452 722 1551 786 regu-

374 817 491 881 lariter
503 835 572 882 non
586 815 686 900 plene
699 815 830 898 probat,
847 833 958 898 neque
974 813 1099 878 suflicit
1113 812 1155 876 ad
1165 811 1464 878 condemnandum
1479 813 1550 876 sive

374 927 410 988 in
424 925 665 998 criminalibus,
685 925 757 988 sive
783 924 887 988 etiam
910 923 945 986 in
964 921 1129 986 civilibus.
1155 921 1309 986 Diximus
1336 921 1549 1005 repulerim,

377 1033 545 1116 siquidem
568 1031 667 1115 plene
688 1033 809 1114 probat
833 1033 864 1094 1⁰
882 1031 1017 1115 quando
1042 1031 1130 1095 iacta
1157 1034 1210 1094 est
1231 1047 1310 1093 cum
1331 1029 1550 1112 expressione

377 1159 499 1216 causes,
517 1159 549 1204 v.
564 1158 597 1220 g.
608 1141 729 1215 mutui,
745 1139 825 1204 licet
838 1138 1193 1214 absenteadversario,
1208 1136 1265 1202 vel
1278 1137 1306 1200 si
1316 1137 1549 1220 fueritjurata,

376 1254 436 1312 aut
449 1249 537 1312 lacta
551 1266 611 1331 pro
626 1265 729 1312 causa
742 1247 815 1330 pia3
831 1247 864 1310 2⁰
879 1247 907 1310 si
924 1265 1002 1310 cum
1021 1245 1242 1330 expressione
1256 1263 1379 1320 causae,
1399 1249 1435 1308 et
1452 1242 1552 1308 simul

377 1362 544 1440 praesente
560 1355 766 1430 adversario,
782 1357 871 1420 lacta
884 1355 1001 1430 luerit;
1015 1360 1117 1439 atque
1129 1354 1264 1437 probari
1274 1354 1382 1437 possit
1394 1371 1456 1436 per
1467 1353 1553 1416 duos

378 1470 494 1539 testes,
511 1463 566 1528 vel
580 1463 615 1526 in
633 1465 757 1546 scripto
769 1463 858 1527 lacta
871 1463 924 1526 sit.
943 1462 976 1526 Si
987 1481 1069 1528 vero
1085 1463 1225 1527 absente
1241 1459 1438 1526 adversario
1456 1462 1553 1525 sseret

377 1571 546 1634 confessio
568 1589 648 1634 cum
671 1571 891 1654 expressione
914 1587 1037 1645 causae,
1057 1587 1179 1653 pamm
1197 1569 1253 1633 vel
1274 1568 1357 1632 nibil
1381 1569 1550 1652 probaret,

379 1677 458 1762 quia
472 1679 690 1760 praesumitur
703 1679 792 1742 lacto
810 1697 853 1741 ex
864 1677 1183 1742 inconsideratione.
1200 1676 1297 1741 Ratio
1313 1676 1553 1758 exceptionum

378 1792 441 1862 est,
458 1787 537 1868 quia
551 1786 585 1848 in
597 1786 662 1850 hoc
675 1785 797 1869 duplici
813 1805 893 1849 casu
912 1784 1075 1866 generali,
1099 1783 1269 1848 consessio
1289 1782 1552 1866 extrajudicialis

378 1900 537 1958 censetur
553 1912 628 1958 esse
644 1895 733 1959 facta
744 1911 884 1976 prorsus
901 1891 1095 1968 deliberate,
1113 1911 1159 1957 ex·
1171 1897 1264 1957 certa
1274 1893 1415 1958 scientia
1429 1898 1463 1957 et
1474 1910 1553 1957 con-

380 2003 530 2066 scientia.

419 2110 613 2175 Notandum
637 2114 690 2173 est
703 2109 808 2173 etiam
823 2108 915 2190 quod
928 2109 1098 2174 confessio
1112 2109 1283 2174 testatoris
1298 2109 1333 2172 in
1349 2112 1553 2174 testamento

380 2216 492 2282 valide
507 2219 595 2282 lacta
615 2215 715 2300 plene
744 2217 921 2298 probatio
941 2216 1177 2300 praejudicium
1199 2217 1358 2292 confessi,
1384 2217 1487 2281 modo
1513 2217 1556 2280 sit

381 2344 542 2409 expressa
556 2343 659 2390 causa
675 2323 789 2400 debiti,
807 2321 861 2387 vel
876 2323 1004 2406 injusto
1014 2324 1195 2407 possessio,
1208 2343 1289 2389 nam
1303 2324 1375 2389 haee
1386 2324 1554 2390 confessio

381 2439 469 2502 lacta
481 2441 533 2501 est
546 2454 661 2501 coram
674 2435 836 2516 legitimis
850 2435 994 2498 testibus
1009 2437 1284 2502 testamentariis.
1300 2435 1366 2500 Sed
1382 2437 1411 2500 si
1423 2437 1458 2500 in
1472 2455 1557 2520 pree-

258 2541 260 2548 '
379 2544 546 2627 judicium
562 2545 651 2608 tertii
664 2545 753 2608 iacta
769 2549 869 2619 esset,
887 2542 971 2606 nihil
984 2544 1145 2626 probaret
1155 2543 1286 2627 injure,
1299 2545 1379 2629 quia
1391 2543 1476 2608 nulli
1488 2562 1557 2608 cre·

383 2651 534 2716 dandum
548 2657 600 2715 est
614 2652 649 2714 in
663 2649 899 2735 prejudicium
914 2651 1014 2714 tertii.

424 2761 452 2842 c)
467 2758 641 2824 Confessio
652 2759 769 2824 dolose
780 2757 891 2824 elicita
900 2757 1049 2841 ajudioe,
1063 2759 1225 2824 nimirum
1238 2759 1379 2826 rellicta
1391 2760 1560 2844 promissa

385 2885 443 2950 spe
455 2867 667 2949 impunitatis
679 2865 734 2929 vel
743 2885 803 2948 per
820 2865 1027 2949 quaestiones
1040 2867 1208 2948 captiosas
1219 2867 1561 2951 quibusrespondens

384 2975 555 3038 inducitur
575 2974 618 3038 ad
637 2972 906 3057 perplexitatem,
934 2977 985 3036 est
1008 2971 1112 3050 nulla,
1126 2992 1189 3038 nec
1204 2991 1264 3038 reo
1280 2975 1499 3058 prejudicat:
1515 2975 1562 3039 ito

385 3082 600 3147 communior
616 3081 797 3156 sententia,
813 3098 888 3164 quse
903 3079 939 3143 in
955 3080 1115 3164 aequitate
1130 3081 1275 3146 naturali
1288 3081 1459 3146 scindatur.

418 3305 435 3378 j
453 3307 499 3362 lll.
520 3305 560 3362 lle
574 3304 646 3376 jure
665 3301 876 3376 intermanet·
894 3301 1057 3376 injudicio
1076 3308 1106 3362 et
1124 3302 1304 3378 obliquatione
1322 3303 1529 3378 respondendi.

455 3481 474 3532 1.
489 3482 530 3532 An
543 3491 609 3532 raus
620 3479 650 3531 ln
659 3477 769 3543 judlclo
780 3478 972 3542 interrogatus
983 3477 1019 3531 de
1031 3478 1151 3532 crimine
1164 3479 1335 3544 respondere
1346 3480 1494 3534 tenemur?

430 3623 462 3704 a)
472 3623 619 3698 Quaestio
629 3623 702 3687 baec
711 3623 825 3686 locum
834 3619 937 3684 babet
946 3620 982 3684 in
991 3621 1233 3702 criminalibus,
1245 3626 1281 3690 in
1290 3627 1412 3712 quibus
1421 3625 1565 3690 difficilis

391 3736 444 3794 est
457 3729 558 3812 plena
571 3732 737 3814 probatio.
763 3729 801 3792 ln
822 3727 978 3794 civilibus
993 3748 1075 3794 vero
1092 3730 1215 3796 deferri
1227 3733 1316 3798 solet
1329 3737 1565 3818 juramentum

391 3837 640 3920 suppletorium
654 3838 697 3902 ad
711 3835 949 3919 complendam
964 3835 1202 3918 probationem
1216 3841 1278 3921 (tit.
1295 3841 1416 3925 XXIV).

431 3944 669 4029 Respondetur
680 3963 759 4008 cum
772 3943 987 4008 distinctione
1003 3963 1010 4005 ε
1026 3943 1082 4008 vel
1097 3945 1189 4009 enim
1201 3953 1335 4013 constat
1349 3949 1440 4034 quod
1460 3949 1567 4032 judex

392 4071 461 4116 non
473 4048 663 4133 interrogat
676 4051 838 4132 legitime,
858 4051 914 4113 vel
927 4050 1069 4114 dubium
1081 4058 1134 4116 est
1148 4071 1192 4118 an
1205 4054 1393 4138 interroget
1402 4056 1565 4139 legitime,

392 4159 447 4224 vel
462 4165 595 4224 tantum
609 4164 742 4224 constat
756 4159 1061 4239 interrogationem
1076 4179 1152 4224 esse
1165 4161 1365 4242 legitimam.

433 4268 470 4331 ln
485 4269 701 4351 primocasu,
718 4285 798 4331 reus
814 4284 885 4330 non
899 4271 1036 4331 tenetur
1058 4268 1277 4351 respondere,
1294 4276 1329 4335 et
1341 4271 1419 4336 ideo
1434 4289 1478 4336 ex
1492 4271 1569 4336 taci-

394 4376 554 4440 tumitate
577 4377 695 4442 haberi
709 4375 829 4459 nequit
850 4393 911 4457 pro
930 4377 1103 4453 confesso;
1129 4377 1216 4442 ratio
1232 4383 1294 4456 est,
1319 4380 1399 4462 quia
1423 4397 1464 4444 eo
1488 4397 1567 4444 casu

390 4483 498 4564 judex
508 4485 682 4565 egreditur
694 4483 820 4548 limites
831 4501 901 4546 suae
913 4485 1101 4564 potestatis,
1117 4489 1152 4549 et
1164 4491 1416 4569 consequenter
1427 4488 1573 4553 interro-

276 4578 285 4584 ’
394 4596 452 4670 gat
466 4597 628 4674 tanquam
642 4591 806 4673 privatus.

436 4697 472 4760 ln
488 4699 638 4762 secunda
657 4699 848 4779 hypothesi,
868 4699 994 4762 iterum
1014 4719 1082 4764 non
1104 4707 1240 4766 tenetur
1260 4703 1424 4775 confiteri,
1443 4706 1521 4788 quia
1536 4707 1572 4769 in
