<?xml version="1.0" encoding="UTF-8"?>
<!DOCTYPE html PUBLIC "-//W3C//DTD XHTML 1.0 Transitional//EN"
    "http://www.w3.org/TR/xhtml1/DTD/xhtml1-transitional.dtd">
<html xmlns="http://www.w3.org/1999/xhtml" xml:lang="en" lang="en">
 <head>
  <title>
</title>
<meta http-equiv="Content-Type" content="text/html;charset=utf-8" />
  <meta name='ocr-system' content='tesseract 3.04.00' />
  <meta name='ocr-capabilities' content='ocr_page ocr_carea ocr_par ocr_line ocrx_word'/>
</head>
<body>
  <div class='ocr_page' id='page_1' title='image "./juscanonicumjux00grangoog_0130.png"; bbox 0 0 3504 5566; ppageno 0'>
   <div class='ocr_carea' id='block_1_1' title="bbox 409 611 1117 676">
    <p class='ocr_par' dir='ltr' id='par_1_1' title="bbox 409 611 1117 676">
     <span class='ocr_line' id='line_1_1' title="bbox 409 611 1117 676; baseline -0.001 -2"><span class='ocrx_word' id='word_1_1' title='bbox 409 611 485 675; x_wconf 90' lang='lat' dir='ltr'><strong>ll8.</strong></span> <span class='ocrx_word' id='word_1_2' title='bbox 865 629 917 674; x_wconf 80' lang='lat' dir='ltr'><strong>tus</strong></span> <span class='ocrx_word' id='word_1_3' title='bbox 938 629 1117 676; x_wconf 75' lang='lat' dir='ltr'><strong>cruentetur.</strong></span> 
     </span>
    </p>
   </div>
   <div class='ocr_carea' id='block_1_2' title="bbox 406 746 1580 1371">
    <p class='ocr_par' dir='ltr' id='par_1_2' title="bbox 406 746 1577 1137">
     <span class='ocr_line' id='line_1_2' title="bbox 408 746 1577 833; baseline -0.003 -18"><span class='ocrx_word' id='word_1_4' title='bbox 408 751 513 815; x_wconf 87' lang='lat' dir='ltr'><strong>tarius</strong></span> <span class='ocrx_word' id='word_1_5' title='bbox 527 753 640 833; x_wconf 89' lang='lat' dir='ltr'><strong>potest</strong></span> <span class='ocrx_word' id='word_1_6' title='bbox 654 750 689 814; x_wconf 90' lang='lat' dir='ltr'><strong>in</strong></span> <span class='ocrx_word' id='word_1_7' title='bbox 711 747 870 833; x_wconf 84' lang='lat' dir='ltr'><strong>praedioto</strong></span> <span class='ocrx_word' id='word_1_8' title='bbox 892 749 1062 812; x_wconf 88' lang='lat' dir='ltr'><strong>territorio</strong></span> <span class='ocrx_word' id='word_1_9' title='bbox 1082 749 1310 812; x_wconf 88' lang='lat' dir='ltr'><strong>instrumenta</strong></span> <span class='ocrx_word' id='word_1_10' title='bbox 1328 746 1461 832; x_wconf 89' lang='lat' dir='ltr'><strong>publica</strong></span> <span class='ocrx_word' id='word_1_11' title='bbox 1476 749 1577 812; x_wconf 83' lang='lat' dir='ltr'><strong>conb-</strong></span> 
     </span>
     <span class='ocr_line' id='line_1_3' title="bbox 406 855 1575 940; baseline -0.002 -18"><span class='ocrx_word' id='word_1_12' title='bbox 406 876 483 922; x_wconf 90' lang='lat' dir='ltr'><strong>cere</strong></span> <span class='ocrx_word' id='word_1_13' title='bbox 500 875 561 940; x_wconf 92' lang='lat' dir='ltr'><strong>pro</strong></span> <span class='ocrx_word' id='word_1_14' title='bbox 576 857 745 921; x_wconf 84' lang='lat' dir='ltr'><strong>extraneis</strong></span> <span class='ocrx_word' id='word_1_15' title='bbox 759 861 793 920; x_wconf 87' lang='lat' dir='ltr'><strong>et</strong></span> <span class='ocrx_word' id='word_1_16' title='bbox 803 856 992 939; x_wconf 75' lang='lat' dir='ltr'>peregrinis</span> <span class='ocrx_word' id='word_1_17' title='bbox 1006 859 1045 920; x_wconf 94' lang='lat' dir='ltr'><strong>ut</strong></span> <span class='ocrx_word' id='word_1_18' title='bbox 1059 855 1195 920; x_wconf 89' lang='lat' dir='ltr'><strong>valeant</strong></span> <span class='ocrx_word' id='word_1_19' title='bbox 1209 856 1244 918; x_wconf 92' lang='lat' dir='ltr'><strong>in</strong></span> <span class='ocrx_word' id='word_1_20' title='bbox 1259 873 1378 919; x_wconf 91' lang='lat' dir='ltr'><strong>eorum</strong></span> <span class='ocrx_word' id='word_1_21' title='bbox 1395 855 1575 930; x_wconf 87' lang='lat' dir='ltr'><strong>territorio,</strong></span> 
     </span>
     <span class='ocr_line' id='line_1_4' title="bbox 407 961 1577 1046; baseline -0.003 -18"><span class='ocrx_word' id='word_1_22' title='bbox 407 983 486 1028; x_wconf 90' lang='lat' dir='ltr'><strong>oum</strong></span> <span class='ocrx_word' id='word_1_23' title='bbox 498 963 664 1029; x_wconf 78' lang='lat' dir='ltr'>confectio</span> <span class='ocrx_word' id='word_1_24' title='bbox 677 964 894 1028; x_wconf 78' lang='lat' dir='ltr'><strong>instrumenti</strong></span> <span class='ocrx_word' id='word_1_25' title='bbox 911 971 980 1028; x_wconf 88' lang='lat' dir='ltr'><strong>non</strong></span> <span class='ocrx_word' id='word_1_26' title='bbox 995 965 1039 1026; x_wconf 90' lang='lat' dir='ltr'><strong>sit</strong></span> <span class='ocrx_word' id='word_1_27' title='bbox 1053 968 1147 1028; x_wconf 87' lang='lat' dir='ltr'><strong>actus</strong></span> <span class='ocrx_word' id='word_1_28' title='bbox 1159 961 1414 1046; x_wconf 85' lang='lat' dir='ltr'><strong>jurisdictionis,</strong></span> <span class='ocrx_word' id='word_1_29' title='bbox 1432 962 1492 1026; x_wconf 87' lang='lat' dir='ltr'><strong>sed</strong></span> <span class='ocrx_word' id='word_1_30' title='bbox 1505 979 1577 1025; x_wconf 90' lang='lat' dir='ltr'><strong>mu-</strong></span> 
     </span>
     <span class='ocr_line' id='line_1_5' title="bbox 407 1073 508 1137; baseline -0.03 0"><span class='ocrx_word' id='word_1_31' title='bbox 407 1073 508 1137; x_wconf 89' lang='lat' dir='ltr'><strong>neris.</strong></span> 
     </span>
    </p>

    <p class='ocr_par' dir='ltr' id='par_1_3' title="bbox 408 1179 1580 1371">
     <span class='ocr_line' id='line_1_6' title="bbox 446 1179 1578 1263; baseline 0 -21"><span class='ocrx_word' id='word_1_32' title='bbox 446 1181 588 1263; x_wconf 83' lang='lat' dir='ltr'><strong>Insuper</strong></span> <span class='ocrx_word' id='word_1_33' title='bbox 609 1181 760 1243; x_wconf 90' lang='lat' dir='ltr'><strong>notarius</strong></span> <span class='ocrx_word' id='word_1_34' title='bbox 782 1184 878 1244; x_wconf 83' lang='lat' dir='ltr'><strong>extra</strong></span> <span class='ocrx_word' id='word_1_35' title='bbox 903 1179 1111 1244; x_wconf 90' lang='lat' dir='ltr'><strong>territorium</strong></span> <span class='ocrx_word' id='word_1_36' title='bbox 1136 1179 1373 1243; x_wconf 89' lang='lat' dir='ltr'><strong>constituentis</strong></span> <span class='ocrx_word' id='word_1_37' title='bbox 1399 1183 1510 1262; x_wconf 91' lang='lat' dir='ltr'><strong>potest</strong></span> <span class='ocrx_word' id='word_1_38' title='bbox 1529 1179 1578 1242; x_wconf 89' lang='lat' dir='ltr'><strong>in-</strong></span> 
     </span>
     <span class='ocr_line' id='line_1_7' title="bbox 408 1286 1580 1371; baseline -0.003 -19"><span class='ocrx_word' id='word_1_39' title='bbox 408 1293 636 1353; x_wconf 79' lang='lat' dir='ltr'><strong>strumentum</strong></span> <span class='ocrx_word' id='word_1_40' title='bbox 656 1287 823 1351; x_wconf 84' lang='lat' dir='ltr'><strong>ocnllcere</strong></span> <span class='ocrx_word' id='word_1_41' title='bbox 840 1288 931 1371; x_wconf 92' lang='lat' dir='ltr'><strong>quod</strong></span> <span class='ocrx_word' id='word_1_42' title='bbox 943 1287 1065 1363; x_wconf 87' lang='lat' dir='ltr'><strong>valeat,</strong></span> <span class='ocrx_word' id='word_1_43' title='bbox 1084 1286 1205 1352; x_wconf 88' lang='lat' dir='ltr'><strong>saltem</strong></span> <span class='ocrx_word' id='word_1_44' title='bbox 1218 1287 1308 1352; x_wconf 89' lang='lat' dir='ltr'><strong>intra</strong></span> <span class='ocrx_word' id='word_1_45' title='bbox 1322 1286 1530 1351; x_wconf 90' lang='lat' dir='ltr'><strong>territorium</strong></span> <span class='ocrx_word' id='word_1_46' title='bbox 1546 1291 1580 1350; x_wconf 87' lang='lat' dir='ltr'><strong>et</strong></span> 
     </span>
    </p>
   </div>
   <div class='ocr_carea' id='block_1_3' title="bbox 284 1393 1579 1480">
    <p class='ocr_par' dir='ltr' id='par_1_4' title="bbox 284 1393 1579 1480">
     <span class='ocr_line' id='line_1_8' title="bbox 284 1393 1579 1480; baseline -0.004 -19"><span class='ocrx_word' id='word_1_47' title='bbox 284 1470 288 1478; x_wconf 29' lang='lat'>¹</span> <span class='ocrx_word' id='word_1_48' title='bbox 407 1415 467 1480; x_wconf 92' lang='lat' dir='ltr'><strong>pro</strong></span> <span class='ocrx_word' id='word_1_49' title='bbox 484 1394 626 1460; x_wconf 86' lang='lat' dir='ltr'><strong>subditis</strong></span> <span class='ocrx_word' id='word_1_50' title='bbox 641 1397 890 1471; x_wconf 87' lang='lat' dir='ltr'><strong>constituentis,</strong></span> <span class='ocrx_word' id='word_1_51' title='bbox 912 1397 991 1480; x_wconf 92' lang='lat' dir='ltr'><strong>quia</strong></span> <span class='ocrx_word' id='word_1_52' title='bbox 1004 1398 1077 1461; x_wconf 83' lang='lat' dir='ltr'><strong>haeo</strong></span> <span class='ocrx_word' id='word_1_53' title='bbox 1094 1395 1261 1461; x_wconf 85' lang='lat' dir='ltr'><strong>confectio</strong></span> <span class='ocrx_word' id='word_1_54' title='bbox 1282 1400 1334 1459; x_wconf 93' lang='lat' dir='ltr'><strong>est</strong></span> <span class='ocrx_word' id='word_1_55' title='bbox 1350 1401 1445 1459; x_wconf 83' lang='lat' dir='ltr'><strong>actus</strong></span> <span class='ocrx_word' id='word_1_56' title='bbox 1459 1393 1579 1459; x_wconf 89' lang='lat' dir='ltr'><strong>volun·</strong></span> 
     </span>
    </p>
   </div>
   <div class='ocr_carea' id='block_1_4' title="bbox 406 1504 1578 1804">
    <p class='ocr_par' dir='ltr' id='par_1_5' title="bbox 406 1504 1578 1804">
     <span class='ocr_line' id='line_1_9' title="bbox 406 1504 1113 1587; baseline -0.006 -17"><span class='ocrx_word' id='word_1_57' title='bbox 406 1505 522 1580; x_wconf 87' lang='lat' dir='ltr'><strong>tarius,</strong></span> <span class='ocrx_word' id='word_1_58' title='bbox 539 1521 609 1568; x_wconf 89' lang='lat' dir='ltr'><strong>non</strong></span> <span class='ocrx_word' id='word_1_59' title='bbox 624 1509 739 1568; x_wconf 90' lang='lat' dir='ltr'><strong>autem</strong></span> <span class='ocrx_word' id='word_1_60' title='bbox 751 1508 846 1568; x_wconf 88' lang='lat' dir='ltr'><strong>actus</strong></span> <span class='ocrx_word' id='word_1_61' title='bbox 858 1504 1113 1587; x_wconf 87' lang='lat' dir='ltr'><strong>jurisdictionis.</strong></span> 
     </span>
     <span class='ocr_line' id='line_1_10' title="bbox 446 1609 1578 1695; baseline -0.004 -19"><span class='ocrx_word' id='word_1_62' title='bbox 446 1613 473 1695; x_wconf 89' lang='lat' dir='ltr'><strong>c)</strong></span> <span class='ocrx_word' id='word_1_63' title='bbox 485 1611 533 1674; x_wconf 80' lang='lat' dir='ltr'><strong>Ex</strong></span> <span class='ocrx_word' id='word_1_64' title='bbox 546 1615 641 1695; x_wconf 84' lang='lat' dir='ltr'><strong>parte</strong></span> <span class='ocrx_word' id='word_1_65' title='bbox 652 1612 785 1693; x_wconf 66' lang='lat' dir='ltr'><strong>somne,</strong></span> <span class='ocrx_word' id='word_1_66' title='bbox 799 1610 841 1676; x_wconf 90' lang='lat' dir='ltr'><strong>ad</strong></span> <span class='ocrx_word' id='word_1_67' title='bbox 854 1613 1101 1676; x_wconf 88' lang='lat' dir='ltr'><strong>conlectionem</strong></span> <span class='ocrx_word' id='word_1_68' title='bbox 1113 1612 1332 1676; x_wconf 79' lang='lat' dir='ltr'><strong>instrumenti</strong></span> <span class='ocrx_word' id='word_1_69' title='bbox 1342 1610 1465 1694; x_wconf 92' lang='lat' dir='ltr'><strong>publici</strong></span> <span class='ocrx_word' id='word_1_70' title='bbox 1476 1609 1578 1673; x_wconf 82' lang='lat' dir='ltr'><strong>variae</strong></span> 
     </span>
     <span class='ocr_line' id='line_1_11' title="bbox 406 1713 1578 1804; baseline -0.003 -19"><span class='ocrx_word' id='word_1_71' title='bbox 406 1713 625 1804; x_wconf 87' lang='lat' dir='ltr'><strong>requiruntur</strong></span> <span class='ocrx_word' id='word_1_72' title='bbox 640 1719 883 1784; x_wconf 76' lang='lat' dir='ltr'><strong>solemnitates.</strong></span> <span class='ocrx_word' id='word_1_73' title='bbox 899 1719 983 1784; x_wconf 84' lang='lat' dir='ltr'><strong>istas</strong></span> <span class='ocrx_word' id='word_1_74' title='bbox 999 1725 1180 1785; x_wconf 85' lang='lat' dir='ltr'><strong>recensent</strong></span> <span class='ocrx_word' id='word_1_75' title='bbox 1194 1719 1394 1793; x_wconf 77' lang='lat' dir='ltr'><strong>canonistae;</strong></span> <span class='ocrx_word' id='word_1_76' title='bbox 1415 1723 1450 1782; x_wconf 87' lang='lat' dir='ltr'><strong>at</strong></span> <span class='ocrx_word' id='word_1_77' title='bbox 1463 1717 1578 1781; x_wconf 78' lang='lat' dir='ltr'><strong>multae</strong></span> 
     </span>
    </p>
   </div>
   <div class='ocr_carea' id='block_1_5' title="bbox 292 1825 1578 1908">
    <p class='ocr_par' dir='ltr' id='par_1_6' title="bbox 292 1825 1578 1908">
     <span class='ocr_line' id='line_1_12' title="bbox 292 1825 1578 1908; baseline -0.004 -15"><span class='ocrx_word' id='word_1_78' title='bbox 292 1895 298 1908; x_wconf 69' lang='grc'><em>,</em></span> <span class='ocrx_word' id='word_1_79' title='bbox 406 1828 447 1892; x_wconf 89' lang='lat' dir='ltr'><strong>ad</strong></span> <span class='ocrx_word' id='word_1_80' title='bbox 463 1828 690 1892; x_wconf 90' lang='lat' dir='ltr'><strong>substantiam</strong></span> <span class='ocrx_word' id='word_1_81' title='bbox 704 1827 933 1904; x_wconf 85' lang='lat' dir='ltr'><strong>instrumenti,</strong></span> <span class='ocrx_word' id='word_1_82' title='bbox 950 1827 1072 1892; x_wconf 87' lang='lat' dir='ltr'><strong>saltem</strong></span> <span class='ocrx_word' id='word_1_83' title='bbox 1086 1829 1122 1890; x_wconf 92' lang='lat' dir='ltr'><strong>in</strong></span> <span class='ocrx_word' id='word_1_84' title='bbox 1133 1825 1292 1896; x_wconf 91' lang='lat' dir='ltr'><strong>omnibus</strong></span> <span class='ocrx_word' id='word_1_85' title='bbox 1301 1825 1396 1902; x_wconf 90' lang='lat' dir='ltr'><strong>locis,</strong></span> <span class='ocrx_word' id='word_1_86' title='bbox 1407 1842 1477 1889; x_wconf 91' lang='lat' dir='ltr'><strong>non</strong></span> <span class='ocrx_word' id='word_1_87' title='bbox 1488 1842 1578 1907; x_wconf 78' lang='lat' dir='ltr'><strong>spec</strong></span> 
     </span>
    </p>
   </div>
   <div class='ocr_carea' id='block_1_6' title="bbox 406 1931 1582 2988">
    <p class='ocr_par' dir='ltr' id='par_1_7' title="bbox 406 1931 1580 2341">
     <span class='ocr_line' id='line_1_13' title="bbox 406 1931 1576 2018; baseline -0.004 -20"><span class='ocrx_word' id='word_1_88' title='bbox 406 1941 488 2000; x_wconf 80' lang='lat' dir='ltr'><strong>tent.</strong></span> <span class='ocrx_word' id='word_1_89' title='bbox 502 1933 681 2017; x_wconf 83' lang='lat' dir='ltr'><strong>Praeoipuae</strong></span> <span class='ocrx_word' id='word_1_90' title='bbox 690 1939 770 1997; x_wconf 89' lang='lat' dir='ltr'><strong>sunt</strong></span> <span class='ocrx_word' id='word_1_91' title='bbox 779 1936 1034 2017; x_wconf 85' lang='lat' dir='ltr'><strong>utexprimatur</strong></span> <span class='ocrx_word' id='word_1_92' title='bbox 1046 1941 1181 2018; x_wconf 90' lang='lat' dir='ltr'><strong>tempus</strong></span> <span class='ocrx_word' id='word_1_93' title='bbox 1191 1939 1225 1998; x_wconf 89' lang='lat' dir='ltr'><strong>et</strong></span> <span class='ocrx_word' id='word_1_94' title='bbox 1237 1934 1332 1998; x_wconf 88' lang='lat' dir='ltr'><strong>locus</strong></span> <span class='ocrx_word' id='word_1_95' title='bbox 1343 1933 1430 2014; x_wconf 82' lang='lat' dir='ltr'><strong>gesti</strong></span> <span class='ocrx_word' id='word_1_96' title='bbox 1439 1931 1576 2013; x_wconf 81' lang='lat' dir='ltr'><strong>negotii,</strong></span> 
     </span>
     <span class='ocr_line' id='line_1_14' title="bbox 406 2041 1580 2128; baseline -0.004 -21"><span class='ocrx_word' id='word_1_97' title='bbox 406 2049 440 2107; x_wconf 92' lang='lat' dir='ltr'><strong>et</strong></span> <span class='ocrx_word' id='word_1_98' title='bbox 455 2045 567 2128; x_wconf 91' lang='lat' dir='ltr'><strong>ipsum</strong></span> <span class='ocrx_word' id='word_1_99' title='bbox 577 2043 754 2123; x_wconf 84' lang='lat' dir='ltr'><strong>negotium</strong></span> <span class='ocrx_word' id='word_1_100' title='bbox 769 2043 911 2118; x_wconf 91' lang='lat' dir='ltr'><strong>sincere,</strong></span> <span class='ocrx_word' id='word_1_101' title='bbox 925 2041 1072 2106; x_wconf 85' lang='lat' dir='ltr'><strong>fideliter</strong></span> <span class='ocrx_word' id='word_1_102' title='bbox 1081 2047 1115 2107; x_wconf 91' lang='lat' dir='ltr'><strong>et</strong></span> <span class='ocrx_word' id='word_1_103' title='bbox 1125 2043 1257 2124; x_wconf 80' lang='lat' dir='ltr'><strong>integre</strong></span> <span class='ocrx_word' id='word_1_104' title='bbox 1271 2041 1495 2114; x_wconf 87' lang='lat' dir='ltr'><strong>describatur;</strong></span> <span class='ocrx_word' id='word_1_105' title='bbox 1508 2043 1580 2103; x_wconf 84' lang='lat' dir='ltr'><strong>tan-</strong></span> 
     </span>
     <span class='ocr_line' id='line_1_15' title="bbox 407 2149 1579 2230; baseline -0.003 -16"><span class='ocrx_word' id='word_1_106' title='bbox 407 2151 485 2214; x_wconf 92' lang='lat' dir='ltr'><strong>dem</strong></span> <span class='ocrx_word' id='word_1_107' title='bbox 498 2155 536 2214; x_wconf 95' lang='lat' dir='ltr'><strong>ut</strong></span> <span class='ocrx_word' id='word_1_108' title='bbox 557 2152 709 2214; x_wconf 93' lang='lat' dir='ltr'><strong>notarius</strong></span> <span class='ocrx_word' id='word_1_109' title='bbox 725 2149 915 2214; x_wconf 88' lang='lat' dir='ltr'><strong>subscribat</strong></span> <span class='ocrx_word' id='word_1_110' title='bbox 934 2167 1035 2213; x_wconf 91' lang='lat' dir='ltr'><strong>snum</strong></span> <span class='ocrx_word' id='word_1_111' title='bbox 1055 2167 1182 2214; x_wconf 91' lang='lat' dir='ltr'><strong>nomen</strong></span> <span class='ocrx_word' id='word_1_112' title='bbox 1198 2153 1232 2212; x_wconf 93' lang='lat' dir='ltr'><strong>et</strong></span> <span class='ocrx_word' id='word_1_113' title='bbox 1255 2165 1459 2229; x_wconf 74' lang='lat' dir='ltr'><strong>cognomen,</strong></span> <span class='ocrx_word' id='word_1_114' title='bbox 1479 2151 1579 2230; x_wconf 87' lang='lat' dir='ltr'><strong>atque</strong></span> 
     </span>
     <span class='ocr_line' id='line_1_16' title="bbox 407 2257 938 2341; baseline -0.004 -19"><span class='ocrx_word' id='word_1_115' title='bbox 407 2259 572 2340; x_wconf 77' lang='lat' dir='ltr'><strong>adjungat</strong></span> <span class='ocrx_word' id='word_1_116' title='bbox 587 2257 736 2339; x_wconf 77' lang='lat' dir='ltr'><strong>sigillum</strong></span> <span class='ocrx_word' id='word_1_117' title='bbox 753 2259 938 2341; x_wconf 93' lang='lat' dir='ltr'><strong>proprium.</strong></span> 
     </span>
    </p>

    <p class='ocr_par' dir='ltr' id='par_1_8' title="bbox 407 2363 1582 2664">
     <span class='ocr_line' id='line_1_17' title="bbox 447 2363 1582 2449; baseline -0.004 -18"><span class='ocrx_word' id='word_1_118' title='bbox 447 2366 519 2431; x_wconf 92' lang='lat' dir='ltr'><strong>Non</strong></span> <span class='ocrx_word' id='word_1_119' title='bbox 538 2366 721 2449; x_wconf 88' lang='lat' dir='ltr'><strong>requiritur</strong></span> <span class='ocrx_word' id='word_1_120' title='bbox 743 2366 786 2429; x_wconf 90' lang='lat' dir='ltr'><strong>ad</strong></span> <span class='ocrx_word' id='word_1_121' title='bbox 800 2367 1025 2430; x_wconf 86' lang='lat' dir='ltr'><strong>substantiam</strong></span> <span class='ocrx_word' id='word_1_122' title='bbox 1040 2367 1257 2429; x_wconf 85' lang='lat' dir='ltr'><strong>instrumenti</strong></span> <span class='ocrx_word' id='word_1_123' title='bbox 1276 2369 1315 2430; x_wconf 93' lang='lat' dir='ltr'><strong>ut</strong></span> <span class='ocrx_word' id='word_1_124' title='bbox 1327 2383 1432 2429; x_wconf 90' lang='lat' dir='ltr'><strong>manu</strong></span> <span class='ocrx_word' id='word_1_125' title='bbox 1446 2363 1582 2447; x_wconf 90' lang='lat' dir='ltr'><strong>propria</strong></span> 
     </span>
     <span class='ocr_line' id='line_1_18' title="bbox 407 2471 1578 2555; baseline -0.002 -20"><span class='ocrx_word' id='word_1_126' title='bbox 407 2473 530 2537; x_wconf 81' lang='lat' dir='ltr'><strong>notorii</strong></span> <span class='ocrx_word' id='word_1_127' title='bbox 545 2473 707 2555; x_wconf 89' lang='lat' dir='ltr'><strong>scriptum</strong></span> <span class='ocrx_word' id='word_1_128' title='bbox 725 2473 778 2547; x_wconf 91' lang='lat' dir='ltr'><strong>sit,</strong></span> <span class='ocrx_word' id='word_1_129' title='bbox 795 2471 898 2537; x_wconf 92' lang='lat' dir='ltr'><strong>modo</strong></span> <span class='ocrx_word' id='word_1_130' title='bbox 916 2491 1021 2538; x_wconf 89' lang='lat' dir='ltr'><strong>manu</strong></span> <span class='ocrx_word' id='word_1_131' title='bbox 1036 2473 1133 2537; x_wconf 89' lang='lat' dir='ltr'><strong>istius</strong></span> <span class='ocrx_word' id='word_1_132' title='bbox 1148 2473 1379 2538; x_wconf 86' lang='lat' dir='ltr'><strong>subscribatur</strong></span> <span class='ocrx_word' id='word_1_133' title='bbox 1394 2473 1432 2554; x_wconf 88' lang='lat' dir='ltr'><strong>(c.</strong></span> <span class='ocrx_word' id='word_1_134' title='bbox 1448 2473 1468 2536; x_wconf 91' lang='grc'>6</span> <span class='ocrx_word' id='word_1_135' title='bbox 1481 2471 1515 2534; x_wconf 90' lang='lat' dir='ltr'><strong>h.</strong></span> <span class='ocrx_word' id='word_1_136' title='bbox 1530 2471 1578 2552; x_wconf 72' lang='lat' dir='ltr'><strong>tl.</strong></span> 
     </span>
     <span class='ocr_line' id='line_1_19' title="bbox 407 2573 1037 2664; baseline 0.002 -23"><span class='ocrx_word' id='word_1_137' title='bbox 407 2574 485 2644; x_wconf 85' lang='lat' dir='ltr'><strong>llaeo</strong></span> <span class='ocrx_word' id='word_1_138' title='bbox 498 2579 699 2662; x_wconf 80' lang='lat' dir='ltr'><strong>subscriptio</strong></span> <span class='ocrx_word' id='word_1_139' title='bbox 715 2579 864 2661; x_wconf 79' lang='lat' dir='ltr'><strong>delegari</strong></span> <span class='ocrx_word' id='word_1_140' title='bbox 879 2581 1007 2664; x_wconf 89' lang='lat' dir='ltr'><strong>nequit.</strong></span> <span class='ocrx_word' id='word_1_141' title='bbox 1035 2573 1037 2580; x_wconf 78' lang='grc'><em>’</em></span> 
     </span>
    </p>

    <p class='ocr_par' dir='ltr' id='par_1_9' title="bbox 410 2686 1582 2988">
     <span class='ocr_line' id='line_1_20' title="bbox 450 2686 1582 2772; baseline 0.003 -22"><span class='ocrx_word' id='word_1_142' title='bbox 450 2686 621 2770; x_wconf 83' lang='lat' dir='ltr'><strong>Scriptura</strong></span> <span class='ocrx_word' id='word_1_143' title='bbox 636 2705 657 2752; x_wconf 90' lang='lat' dir='ltr'><strong>a</strong></span> <span class='ocrx_word' id='word_1_144' title='bbox 672 2688 805 2752; x_wconf 89' lang='lat' dir='ltr'><strong>notario</strong></span> <span class='ocrx_word' id='word_1_145' title='bbox 825 2689 979 2753; x_wconf 86' lang='lat' dir='ltr'><strong>confecta</strong></span> <span class='ocrx_word' id='word_1_146' title='bbox 992 2688 1060 2770; x_wconf 78' lang='lat' dir='ltr'><strong>legi</strong></span> <span class='ocrx_word' id='word_1_147' title='bbox 1074 2689 1175 2752; x_wconf 87' lang='lat' dir='ltr'><strong>debet</strong></span> <span class='ocrx_word' id='word_1_148' title='bbox 1188 2705 1305 2753; x_wconf 89' lang='lat' dir='ltr'><strong>coram</strong></span> <span class='ocrx_word' id='word_1_149' title='bbox 1318 2689 1470 2772; x_wconf 88' lang='lat' dir='ltr'><strong>partibus</strong></span> <span class='ocrx_word' id='word_1_150' title='bbox 1487 2710 1494 2752; x_wconf 92' lang='lat'>:</span> <span class='ocrx_word' id='word_1_151' title='bbox 1510 2691 1582 2754; x_wconf 84' lang='lat' dir='ltr'><strong>haeo</strong></span> 
     </span>
     <span class='ocr_line' id='line_1_21' title="bbox 410 2793 1580 2880; baseline 0.003 -23"><span class='ocrx_word' id='word_1_152' title='bbox 410 2793 607 2860; x_wconf 79' lang='lat' dir='ltr'><strong>solemnitas</strong></span> <span class='ocrx_word' id='word_1_153' title='bbox 629 2799 682 2859; x_wconf 88' lang='lat' dir='ltr'><strong>est</strong></span> <span class='ocrx_word' id='word_1_154' title='bbox 701 2795 945 2872; x_wconf 85' lang='lat' dir='ltr'><strong>substantialis,</strong></span> <span class='ocrx_word' id='word_1_155' title='bbox 966 2797 1102 2880; x_wconf 89' lang='lat' dir='ltr'><strong>quando</strong></span> <span class='ocrx_word' id='word_1_156' title='bbox 1121 2796 1234 2877; x_wconf 80' lang='lat' dir='ltr'><strong>agitur</strong></span> <span class='ocrx_word' id='word_1_157' title='bbox 1247 2796 1288 2861; x_wconf 92' lang='lat' dir='ltr'><strong>de</strong></span> <span class='ocrx_word' id='word_1_158' title='bbox 1303 2795 1530 2862; x_wconf 88' lang='lat' dir='ltr'><strong>contractibus</strong></span> <span class='ocrx_word' id='word_1_159' title='bbox 1546 2799 1580 2861; x_wconf 90' lang='lat' dir='ltr'><strong>in</strong></span> 
     </span>
     <span class='ocr_line' id='line_1_22' title="bbox 410 2903 1582 2988; baseline 0.003 -24"><span class='ocrx_word' id='word_1_160' title='bbox 410 2903 532 2985; x_wconf 92' lang='lat' dir='ltr'><strong>quibus</strong></span> <span class='ocrx_word' id='word_1_161' title='bbox 547 2903 713 2986; x_wconf 90' lang='lat' dir='ltr'><strong>scriptura</strong></span> <span class='ocrx_word' id='word_1_162' title='bbox 733 2905 775 2968; x_wconf 87' lang='lat' dir='ltr'><strong>ad</strong></span> <span class='ocrx_word' id='word_1_163' title='bbox 798 2905 1023 2970; x_wconf 88' lang='lat' dir='ltr'><strong>substantiam</strong></span> <span class='ocrx_word' id='word_1_164' title='bbox 1041 2909 1136 2968; x_wconf 90' lang='lat' dir='ltr'><strong>actus</strong></span> <span class='ocrx_word' id='word_1_165' title='bbox 1151 2905 1344 2988; x_wconf 80' lang='lat' dir='ltr'><strong>requiritur.</strong></span> <span class='ocrx_word' id='word_1_166' title='bbox 1361 2903 1477 2970; x_wconf 88' lang='lat' dir='ltr'><strong>Partes</strong></span> <span class='ocrx_word' id='word_1_167' title='bbox 1491 2905 1582 2969; x_wconf 87' lang='lat' dir='ltr'><strong>enim</strong></span> 
     </span>
    </p>
   </div>
   <div class='ocr_carea' id='block_1_7' title="bbox 409 3009 1539 3096">
    <p class='ocr_par' dir='ltr' id='par_1_10' title="bbox 409 3009 1539 3096">
     <span class='ocr_line' id='line_1_23' title="bbox 409 3009 1539 3096; baseline 0.004 -24"><span class='ocrx_word' id='word_1_168' title='bbox 409 3009 445 3073; x_wconf 89' lang='lat' dir='ltr'><strong>in</strong></span> <span class='ocrx_word' id='word_1_169' title='bbox 460 3009 660 3093; x_wconf 89' lang='lat' dir='ltr'><strong>scripturam</strong></span> <span class='ocrx_word' id='word_1_170' title='bbox 675 3011 858 3076; x_wconf 88' lang='lat' dir='ltr'><strong>convenire</strong></span> <span class='ocrx_word' id='word_1_171' title='bbox 873 3016 1059 3096; x_wconf 87' lang='lat' dir='ltr'><strong>nequeunt,</strong></span> <span class='ocrx_word' id='word_1_172' title='bbox 1075 3013 1141 3076; x_wconf 91' lang='lat' dir='ltr'><strong>nisi</strong></span> <span class='ocrx_word' id='word_1_173' title='bbox 1155 3011 1248 3077; x_wconf 86' lang='lat' dir='ltr'><strong>illam</strong></span> <span class='ocrx_word' id='word_1_174' title='bbox 1261 3011 1453 3077; x_wconf 90' lang='lat' dir='ltr'><strong>audiverint</strong></span> <span class='ocrx_word' id='word_1_175' title='bbox 1461 3012 1539 3094; x_wconf 80' lang='lat' dir='ltr'><strong>legi.</strong></span> 
     </span>
    </p>
   </div>
   <div class='ocr_carea' id='block_1_8' title="bbox 811 3200 1188 3262">
    <p class='ocr_par' dir='ltr' id='par_1_11' title="bbox 811 3200 1188 3262">
     <span class='ocr_line' id='line_1_24' title="bbox 811 3200 1188 3262; baseline 0.003 -11"><span class='ocrx_word' id='word_1_176' title='bbox 811 3203 842 3252; x_wconf 75' lang='lat'><strong>11·</strong></span> <span class='ocrx_word' id='word_1_177' title='bbox 860 3203 950 3262; x_wconf 81' lang='lat' dir='ltr'><strong>Quem</strong></span> <span class='ocrx_word' id='word_1_178' title='bbox 965 3200 1050 3254; x_wconf 85' lang='lat' dir='ltr'><strong>fldem</strong></span> <span class='ocrx_word' id='word_1_179' title='bbox 1064 3201 1188 3255; x_wconf 73' lang='lat' dir='ltr'><strong>lactante</strong></span> 
     </span>
    </p>
   </div>
   <div class='ocr_carea' id='block_1_9' title="bbox 388 3336 1588 4826">
    <p class='ocr_par' dir='ltr' id='par_1_12' title="bbox 410 3336 1586 3963">
     <span class='ocr_line' id='line_1_25' title="bbox 449 3336 1583 3420; baseline 0.004 -22"><span class='ocrx_word' id='word_1_180' title='bbox 449 3337 480 3418; x_wconf 80' lang='lat' dir='ltr'><strong>c)</strong></span> <span class='ocrx_word' id='word_1_181' title='bbox 498 3336 691 3401; x_wconf 80' lang='lat' dir='ltr'><strong>Generatim</strong></span> <span class='ocrx_word' id='word_1_182' title='bbox 711 3339 979 3401; x_wconf 86' lang='lat' dir='ltr'><strong>instrumentum</strong></span> <span class='ocrx_word' id='word_1_183' title='bbox 1001 3337 1184 3420; x_wconf 91' lang='lat' dir='ltr'><strong>publicum,</strong></span> <span class='ocrx_word' id='word_1_184' title='bbox 1208 3339 1243 3401; x_wconf 93' lang='lat' dir='ltr'><strong>in</strong></span> <span class='ocrx_word' id='word_1_185' title='bbox 1266 3339 1377 3402; x_wconf 81' lang='lat' dir='ltr'><strong>torma</strong></span> <span class='ocrx_word' id='word_1_186' title='bbox 1393 3337 1494 3420; x_wconf 85' lang='lat' dir='ltr'><strong>plene</strong></span> <span class='ocrx_word' id='word_1_187' title='bbox 1507 3357 1583 3402; x_wconf 91' lang='lat' dir='ltr'><strong>con-</strong></span> 
     </span>
     <span class='ocr_line' id='line_1_26' title="bbox 410 3445 1584 3529; baseline 0.001 -22"><span class='ocrx_word' id='word_1_188' title='bbox 410 3447 549 3520; x_wconf 90' lang='lat' dir='ltr'><strong>lectum,</strong></span> <span class='ocrx_word' id='word_1_189' title='bbox 575 3463 611 3510; x_wconf 88' lang='lat' dir='ltr'><strong>se</strong></span> <span class='ocrx_word' id='word_1_190' title='bbox 635 3445 707 3511; x_wconf 91' lang='lat' dir='ltr'><strong>solo</strong></span> <span class='ocrx_word' id='word_1_191' title='bbox 727 3447 807 3510; x_wconf 85' lang='lat' dir='ltr'><strong>facit</strong></span> <span class='ocrx_word' id='word_1_192' title='bbox 830 3445 967 3529; x_wconf 86' lang='lat' dir='ltr'><strong>plenam</strong></span> <span class='ocrx_word' id='word_1_193' title='bbox 981 3446 1095 3521; x_wconf 86' lang='lat' dir='ltr'><strong>fldem,</strong></span> <span class='ocrx_word' id='word_1_194' title='bbox 1113 3445 1233 3511; x_wconf 89' lang='lat' dir='ltr'><strong>saltem</strong></span> <span class='ocrx_word' id='word_1_195' title='bbox 1249 3445 1357 3512; x_wconf 90' lang='lat' dir='ltr'><strong>donec</strong></span> <span class='ocrx_word' id='word_1_196' title='bbox 1378 3447 1584 3512; x_wconf 89' lang='lat' dir='ltr'><strong>contrarium</strong></span> 
     </span>
     <span class='ocr_line' id='line_1_27' title="bbox 410 3553 1586 3638; baseline 0.001 -22"><span class='ocrx_word' id='word_1_197' title='bbox 410 3554 571 3636; x_wconf 88' lang='lat' dir='ltr'><strong>probetur</strong></span> <span class='ocrx_word' id='word_1_198' title='bbox 587 3573 594 3616; x_wconf 93' lang='lat'>:</span> <span class='ocrx_word' id='word_1_199' title='bbox 611 3573 654 3617; x_wconf 83' lang='lat' dir='ltr'><strong>ex</strong></span> <span class='ocrx_word' id='word_1_200' title='bbox 670 3559 813 3637; x_wconf 88' lang='lat' dir='ltr'><strong>utroque</strong></span> <span class='ocrx_word' id='word_1_201' title='bbox 826 3558 914 3636; x_wconf 87' lang='lat' dir='ltr'><strong>jure.</strong></span> <span class='ocrx_word' id='word_1_202' title='bbox 931 3555 1014 3619; x_wconf 89' lang='lat' dir='ltr'><strong>Nam</strong></span> <span class='ocrx_word' id='word_1_203' title='bbox 1028 3573 1089 3638; x_wconf 94' lang='lat' dir='ltr'><strong>pro</strong></span> <span class='ocrx_word' id='word_1_204' title='bbox 1104 3555 1246 3619; x_wconf 86' lang='lat' dir='ltr'><strong>veritate</strong></span> <span class='ocrx_word' id='word_1_205' title='bbox 1262 3555 1479 3618; x_wconf 91' lang='lat' dir='ltr'><strong>instrumenti</strong></span> <span class='ocrx_word' id='word_1_206' title='bbox 1499 3553 1586 3617; x_wconf 93' lang='lat' dir='ltr'><strong>mili-</strong></span> 
     </span>
     <span class='ocr_line' id='line_1_28' title="bbox 411 3663 1586 3747; baseline 0.003 -23"><span class='ocrx_word' id='word_1_207' title='bbox 411 3667 459 3726; x_wconf 91' lang='lat' dir='ltr'><strong>tat</strong></span> <span class='ocrx_word' id='word_1_208' title='bbox 476 3667 543 3726; x_wconf 92' lang='lat' dir='ltr'><strong>tam</strong></span> <span class='ocrx_word' id='word_1_209' title='bbox 558 3663 702 3746; x_wconf 89' lang='lat' dir='ltr'><strong>qualitas</strong></span> <span class='ocrx_word' id='word_1_210' title='bbox 716 3683 871 3747; x_wconf 78' lang='lat' dir='ltr'><strong>personae</strong></span> <span class='ocrx_word' id='word_1_211' title='bbox 882 3664 989 3746; x_wconf 90' lang='lat' dir='ltr'><strong>ipsius</strong></span> <span class='ocrx_word' id='word_1_212' title='bbox 999 3663 1132 3737; x_wconf 87' lang='lat' dir='ltr'><strong>notarii,</strong></span> <span class='ocrx_word' id='word_1_213' title='bbox 1148 3683 1251 3746; x_wconf 88' lang='lat' dir='ltr'><strong>quam</strong></span> <span class='ocrx_word' id='word_1_214' title='bbox 1261 3663 1494 3728; x_wconf 88' lang='lat' dir='ltr'><strong>solemnitates</strong></span> <span class='ocrx_word' id='word_1_215' title='bbox 1503 3663 1586 3745; x_wconf 81' lang='lat' dir='ltr'><strong>legi-</strong></span> 
     </span>
     <span class='ocr_line' id='line_1_29' title="bbox 412 3769 1586 3854; baseline 0.002 -22"><span class='ocrx_word' id='word_1_216' title='bbox 412 3769 513 3846; x_wconf 75' lang='lat' dir='ltr'><strong>timec,</strong></span> <span class='ocrx_word' id='word_1_217' title='bbox 523 3789 597 3854; x_wconf 82' lang='lat' dir='ltr'><strong>quae</strong></span> <span class='ocrx_word' id='word_1_218' title='bbox 607 3789 745 3834; x_wconf 90' lang='lat' dir='ltr'><strong>omnem</strong></span> <span class='ocrx_word' id='word_1_219' title='bbox 757 3771 832 3836; x_wconf 87' lang='lat' dir='ltr'><strong>falsi</strong></span> <span class='ocrx_word' id='word_1_220' title='bbox 843 3771 1071 3854; x_wconf 86' lang='lat' dir='ltr'><strong>suspicionem</strong></span> <span class='ocrx_word' id='word_1_221' title='bbox 1082 3769 1215 3834; x_wconf 92' lang='lat' dir='ltr'><strong>tollunt.</strong></span> <span class='ocrx_word' id='word_1_222' title='bbox 1227 3769 1310 3835; x_wconf 85' lang='lat' dir='ltr'><strong>ilinc</strong></span> <span class='ocrx_word' id='word_1_223' title='bbox 1320 3771 1586 3835; x_wconf 89' lang='lat' dir='ltr'><strong>instrumentum</strong></span> 
     </span>
     <span class='ocr_line' id='line_1_30' title="bbox 411 3877 1071 3963; baseline 0 -23"><span class='ocrx_word' id='word_1_224' title='bbox 411 3877 583 3960; x_wconf 87' lang='lat' dir='ltr'><strong>publicum</strong></span> <span class='ocrx_word' id='word_1_225' title='bbox 599 3884 740 3943; x_wconf 80' lang='lat' dir='ltr'><strong>vocetur</strong></span> <span class='ocrx_word' id='word_1_226' title='bbox 746 3880 902 3963; x_wconf 80' lang='lat' dir='ltr'><strong>probatio</strong></span> <span class='ocrx_word' id='word_1_227' title='bbox 915 3877 1071 3961; x_wconf 81' lang='lat' dir='ltr'><strong>prolata.</strong></span> 
     </span>
    </p>

    <p class='ocr_par' dir='ltr' id='par_1_13' title="bbox 412 3984 1587 4285">
     <span class='ocr_line' id='line_1_31' title="bbox 451 3984 1587 4073; baseline 0.006 -27"><span class='ocrx_word' id='word_1_228' title='bbox 451 3984 604 4056; x_wconf 83' lang='lat' dir='ltr'><strong>Diximus</strong></span> <span class='ocrx_word' id='word_1_229' title='bbox 621 4011 636 4042; x_wconf 76' lang='grc' dir='ltr'>α</span> <span class='ocrx_word' id='word_1_230' title='bbox 647 3985 755 4050; x_wconf 90' lang='lat' dir='ltr'><strong>donec</strong></span> <span class='ocrx_word' id='word_1_231' title='bbox 769 3985 977 4051; x_wconf 89' lang='lat' dir='ltr'><strong>contrarium</strong></span> <span class='ocrx_word' id='word_1_232' title='bbox 990 3987 1192 4068; x_wconf 89' lang='lat' dir='ltr'><strong>probetur»,</strong></span> <span class='ocrx_word' id='word_1_233' title='bbox 1209 4005 1290 4051; x_wconf 90' lang='lat' dir='ltr'><strong>nam</strong></span> <span class='ocrx_word' id='word_1_234' title='bbox 1302 4007 1364 4071; x_wconf 90' lang='lat' dir='ltr'><strong>per</strong></span> <span class='ocrx_word' id='word_1_235' title='bbox 1378 3995 1482 4054; x_wconf 90' lang='lat' dir='ltr'><strong>testes</strong></span> <span class='ocrx_word' id='word_1_236' title='bbox 1494 3993 1587 4073; x_wconf 86' lang='lat' dir='ltr'><strong>jure-</strong></span> 
     </span>
     <span class='ocr_line' id='line_1_32' title="bbox 414 4092 1586 4180; baseline 0.005 -26"><span class='ocrx_word' id='word_1_237' title='bbox 414 4097 464 4156; x_wconf 90' lang='lat' dir='ltr'><strong>tos</strong></span> <span class='ocrx_word' id='word_1_238' title='bbox 476 4092 611 4175; x_wconf 89' lang='lat' dir='ltr'><strong>probari</strong></span> <span class='ocrx_word' id='word_1_239' title='bbox 626 4098 739 4176; x_wconf 90' lang='lat' dir='ltr'><strong>potest</strong></span> <span class='ocrx_word' id='word_1_240' title='bbox 753 4111 848 4158; x_wconf 90' lang='lat' dir='ltr'><strong>error</strong></span> <span class='ocrx_word' id='word_1_241' title='bbox 862 4093 917 4157; x_wconf 89' lang='lat' dir='ltr'><strong>vel</strong></span> <span class='ocrx_word' id='word_1_242' title='bbox 931 4093 1025 4158; x_wconf 86' lang='lat' dir='ltr'><strong>fraus</strong></span> <span class='ocrx_word' id='word_1_243' title='bbox 1039 4093 1074 4157; x_wconf 90' lang='lat' dir='ltr'><strong>in</strong></span> <span class='ocrx_word' id='word_1_244' title='bbox 1088 4095 1325 4160; x_wconf 89' lang='lat' dir='ltr'><strong>instrumentis</strong></span> <span class='ocrx_word' id='word_1_245' title='bbox 1343 4117 1350 4158; x_wconf 94' lang='lat'>:</span> <span class='ocrx_word' id='word_1_246' title='bbox 1366 4096 1586 4180; x_wconf 63' lang='lat' dir='ltr'><strong>praesumptio</strong></span> 
     </span>
     <span class='ocr_line' id='line_1_33' title="bbox 412 4199 1044 4285; baseline 0.003 -23"><span class='ocrx_word' id='word_1_247' title='bbox 412 4200 504 4263; x_wconf 91' lang='lat' dir='ltr'><strong>enim</strong></span> <span class='ocrx_word' id='word_1_248' title='bbox 517 4199 606 4263; x_wconf 90' lang='lat' dir='ltr'><strong>cedit</strong></span> <span class='ocrx_word' id='word_1_249' title='bbox 619 4199 753 4264; x_wconf 89' lang='lat' dir='ltr'><strong>veritati</strong></span> <span class='ocrx_word' id='word_1_250' title='bbox 768 4201 868 4284; x_wconf 89' lang='lat' dir='ltr'><strong>plene</strong></span> <span class='ocrx_word' id='word_1_251' title='bbox 883 4205 1044 4285; x_wconf 68' lang='lat' dir='ltr'><strong>probata.</strong></span> 
     </span>
    </p>

    <p class='ocr_par' dir='ltr' id='par_1_14' title="bbox 388 4307 1588 4826">
     <span class='ocr_line' id='line_1_34' title="bbox 388 4307 1588 4393; baseline 0.003 -23"><span class='ocrx_word' id='word_1_252' title='bbox 388 4322 392 4331; x_wconf 89' lang='lat'><em>·</em></span> <span class='ocrx_word' id='word_1_253' title='bbox 453 4307 482 4389; x_wconf 85' lang='lat' dir='ltr'><strong>b)</strong></span> <span class='ocrx_word' id='word_1_254' title='bbox 496 4307 723 4371; x_wconf 82' lang='lat' dir='ltr'><strong>Protccollum</strong></span> <span class='ocrx_word' id='word_1_255' title='bbox 738 4309 773 4372; x_wconf 93' lang='lat' dir='ltr'><strong>in</strong></span> <span class='ocrx_word' id='word_1_256' title='bbox 788 4310 898 4392; x_wconf 88' lang='lat' dir='ltr'><strong>specie</strong></span> <span class='ocrx_word' id='word_1_257' title='bbox 915 4311 1018 4376; x_wconf 88' lang='lat' dir='ltr'><strong>habet</strong></span> <span class='ocrx_word' id='word_1_258' title='bbox 1032 4312 1102 4374; x_wconf 88' lang='lat' dir='ltr'><strong>vim</strong></span> <span class='ocrx_word' id='word_1_259' title='bbox 1110 4309 1209 4393; x_wconf 90' lang='lat' dir='ltr'><strong>plene</strong></span> <span class='ocrx_word' id='word_1_260' title='bbox 1220 4311 1396 4393; x_wconf 89' lang='lat' dir='ltr'><strong>probandi,</strong></span> <span class='ocrx_word' id='word_1_261' title='bbox 1408 4317 1447 4376; x_wconf 91' lang='lat' dir='ltr'><strong>ut</strong></span> <span class='ocrx_word' id='word_1_262' title='bbox 1455 4315 1588 4376; x_wconf 86' lang='lat' dir='ltr'><strong>constat</strong></span> 
     </span>
     <span class='ocr_line' id='line_1_35' title="bbox 413 4413 1586 4504; baseline 0.003 -26"><span class='ocrx_word' id='word_1_263' title='bbox 413 4433 455 4478; x_wconf 85' lang='lat' dir='ltr'><strong>ex</strong></span> <span class='ocrx_word' id='word_1_264' title='bbox 466 4417 544 4496; x_wconf 89' lang='lat' dir='ltr'><strong>juro</strong></span> <span class='ocrx_word' id='word_1_265' title='bbox 558 4413 647 4478; x_wconf 92' lang='lat' dir='ltr'><strong>civili</strong></span> <span class='ocrx_word' id='word_1_266' title='bbox 668 4421 702 4479; x_wconf 88' lang='lat' dir='ltr'><strong>ot</strong></span> <span class='ocrx_word' id='word_1_267' title='bbox 716 4433 758 4479; x_wconf 83' lang='lat' dir='ltr'><strong>ex</strong></span> <span class='ocrx_word' id='word_1_268' title='bbox 770 4433 798 4504; x_wconf 91' lang='lat' dir='ltr'><strong>c.</strong></span> <span class='ocrx_word' id='word_1_269' title='bbox 816 4417 851 4480; x_wconf 90' lang='lat' dir='ltr'><strong>ll</strong></span> <span class='ocrx_word' id='word_1_270' title='bbox 870 4417 911 4482; x_wconf 83' lang='lat' dir='ltr'><strong>de</strong></span> <span class='ocrx_word' id='word_1_271' title='bbox 923 4419 1059 4483; x_wconf 83' lang='lat' dir='ltr'><strong>Probat.</strong></span> <span class='ocrx_word' id='word_1_272' title='bbox 1076 4417 1173 4482; x_wconf 90' lang='lat' dir='ltr'><strong>Ratio</strong></span> <span class='ocrx_word' id='word_1_273' title='bbox 1191 4422 1254 4495; x_wconf 91' lang='lat' dir='ltr'><strong>est,</strong></span> <span class='ocrx_word' id='word_1_274' title='bbox 1271 4417 1350 4501; x_wconf 90' lang='lat' dir='ltr'><strong>quia</strong></span> <span class='ocrx_word' id='word_1_275' title='bbox 1362 4419 1586 4502; x_wconf 88' lang='lat' dir='ltr'><strong>protocollum</strong></span> 
     </span>
     <span class='ocr_line' id='line_1_36' title="bbox 397 4523 1588 4611; baseline 0.004 -26"><span class='ocrx_word' id='word_1_276' title='bbox 397 4527 465 4585; x_wconf 82' lang='lat' dir='ltr'><strong>est</strong></span> <span class='ocrx_word' id='word_1_277' title='bbox 479 4523 575 4605; x_wconf 88' lang='lat' dir='ltr'><strong>quasi</strong></span> <span class='ocrx_word' id='word_1_278' title='bbox 589 4523 666 4587; x_wconf 87' lang='lat' dir='ltr'><strong>fons</strong></span> <span class='ocrx_word' id='word_1_279' title='bbox 681 4541 724 4586; x_wconf 88' lang='lat' dir='ltr'><strong>ex</strong></span> <span class='ocrx_word' id='word_1_280' title='bbox 744 4542 811 4607; x_wconf 91' lang='lat' dir='ltr'><strong>quo</strong></span> <span class='ocrx_word' id='word_1_281' title='bbox 828 4525 983 4591; x_wconf 88' lang='lat' dir='ltr'><strong>hauritur</strong></span> <span class='ocrx_word' id='word_1_282' title='bbox 998 4526 1122 4591; x_wconf 89' lang='lat' dir='ltr'><strong>veritas</strong></span> <span class='ocrx_word' id='word_1_283' title='bbox 1140 4527 1361 4609; x_wconf 88' lang='lat' dir='ltr'><strong>transumpti;</strong></span> <span class='ocrx_word' id='word_1_284' title='bbox 1384 4533 1588 4611; x_wconf 89' lang='lat' dir='ltr'><strong>quapropter</strong></span> 
     </span>
     <span class='ocr_line' id='line_1_37' title="bbox 414 4629 1584 4716; baseline 0.006 -24"><span class='ocrx_word' id='word_1_285' title='bbox 414 4631 439 4692; x_wconf 92' lang='lat' dir='ltr'><strong>si</strong></span> <span class='ocrx_word' id='word_1_286' title='bbox 459 4629 597 4695; x_wconf 90' lang='lat' dir='ltr'><strong>daretur</strong></span> <span class='ocrx_word' id='word_1_287' title='bbox 618 4630 770 4706; x_wconf 93' lang='lat' dir='ltr'><strong>dubium,</strong></span> <span class='ocrx_word' id='word_1_288' title='bbox 785 4633 982 4713; x_wconf 90' lang='lat' dir='ltr'><strong>protocollo,</strong></span> <span class='ocrx_word' id='word_1_289' title='bbox 1000 4637 1118 4716; x_wconf 90' lang='lat' dir='ltr'><strong>utpote</strong></span> <span class='ocrx_word' id='word_1_290' title='bbox 1133 4634 1248 4716; x_wconf 92' lang='lat' dir='ltr'><strong>priori,</strong></span> <span class='ocrx_word' id='word_1_291' title='bbox 1264 4633 1471 4699; x_wconf 89' lang='lat' dir='ltr'><strong>credendum</strong></span> <span class='ocrx_word' id='word_1_292' title='bbox 1485 4639 1584 4710; x_wconf 90' lang='lat' dir='ltr'><strong>esset,</strong></span> 
     </span>
     <span class='ocr_line' id='line_1_38' title="bbox 413 4739 1586 4826; baseline 0.005 -25"><span class='ocrx_word' id='word_1_293' title='bbox 413 4739 628 4822; x_wconf 86' lang='lat' dir='ltr'><strong>potiusquam</strong></span> <span class='ocrx_word' id='word_1_294' title='bbox 655 4743 877 4820; x_wconf 88' lang='lat' dir='ltr'><strong>transumpto.</strong></span> <span class='ocrx_word' id='word_1_295' title='bbox 905 4743 1032 4807; x_wconf 83' lang='lat' dir='ltr'><strong>llantur</strong></span> <span class='ocrx_word' id='word_1_296' title='bbox 1054 4746 1167 4806; x_wconf 86' lang='lat' dir='ltr'><strong>tamen</strong></span> <span class='ocrx_word' id='word_1_297' title='bbox 1197 4743 1424 4824; x_wconf 81' lang='lat' dir='ltr'><strong>exceptiones,</strong></span> <span class='ocrx_word' id='word_1_298' title='bbox 1452 4743 1586 4826; x_wconf 85' lang='lat' dir='ltr'><strong>quando</strong></span> 
     </span>
    </p>
   </div>
   <div class='ocr_carea' id='block_1_10' title="bbox 0 0 1761 5566">
    <p class='ocr_par' dir='ltr' id='par_1_15' title="bbox 0 0 1761 5566">
     <span class='ocr_line' id='line_1_39' title="bbox 0 0 1761 5566; baseline 0 0"><span class='ocrx_word' id='word_1_299' title='bbox 0 0 1761 5566; x_wconf 95' lang='lat' dir='ltr'><strong> </strong></span> 
     </span>
    </p>
   </div>
  </div>
 </body>
</html>
