3488 5564
382 567 421 630 'ic
777 653 780 664 ·
841 587 892 632 rus
912 586 1092 632 cinomcmi.

382 703 557 786 occupatio
571 703 710 778 bellice;
726 701 865 781 alluvio,
881 702 1086 786 specificatio
1101 719 1163 766 seu
1186 704 1346 770 formatio
1367 723 1467 770 novae
1486 723 1560 770 mo·

380 808 496 875 reliter
523 811 646 893 speciei
675 829 719 875 ex
743 811 887 876 materie
907 809 963 874 vel
987 809 1187 893 simpliciter
1212 810 1334 888 alienu,
1353 812 1409 877 vel
1435 814 1559 896 purtim

379 917 525 1001 proprie,
546 919 670 1001 partim
697 919 828 994 clieue;
860 917 1020 994 accessio,
1052 917 1219 994 contusio,
1251 919 1441 996 aediiicstio,
1467 919 1560 1004 plen-

380 1025 474 1103 iciio,
492 1030 554 1091 ele.

418 1133 544 1198 Nure
565 1132 658 1198 civili
676 1141 851 1218 sequentes
864 1143 1095 1219 apncscnntnr
1110 1134 1207 1200 modi
1217 1154 1229 1199 :
1252 1133 1474 1219 prescriptio,
1500 1137 1560 1202 dc-

380 1241 473 1308 natio
495 1241 616 1307 mortis
639 1259 753 1318 censs,
784 1242 949 1325 legatum,
973 1241 1287 1319 fideicommissum,
1314 1243 1494 1320 successio,
1516 1243 1558 1310 (le

380 1349 503 1440 quihus
518 1347 715 1430 singillatim
728 1357 871 1432 agemus
885 1351 962 1415 fuse
976 1349 1033 1414 111⁰
1046 1349 1143 1416 libro.

868 1572 1004 1636 SEGTIO
1026 1573 1064 1635 11.

623 1731 671 1784 De
687 1743 790 1785 cenes
806 1729 1012 1796 punctionis
1028 1731 1064 1782 et
1078 1729 1307 1798 proprietatis.

417 1897 512 1964 Nori.
535 1899 595 1962 lus
618 1897 821 1963 canonicum
846 1895 883 1959 in
898 1897 1058 1961 omnibus
1078 1895 1207 1979 recepit
1217 1898 1275 1978 jus
1294 1895 1497 1974 Romanum,
1523 1901 1558 1961 et

376 2005 453 2072 ideo
468 2005 653 2071 cononislse
666 2003 721 2069 hic
730 2003 805 2069 fuse
814 2003 1012 2086 expendunt
1020 2003 1293 2087 prescriptioncs
1303 2005 1391 2087 juris
1399 2003 1555 2080 Romnni3

378 2115 438 2179 sed
453 2114 624 2197 ejusmodi
637 2113 909 2198 praescriptiones
922 2111 1024 2176 hodie
1039 2113 1113 2176 fere
1128 2111 1255 2196 ubique
1270 2116 1352 2176 sunl
1364 2112 1530 2178 obsoletae
1547 2133 1555 2176 :

377 2220 454 2286 ideo
469 2222 618 2286 breviter
632 2220 832 2285 earumdem
845 2219 1058 2284 mentionem
1077 2219 1253 2296 faciemus,
1271 2219 1336 2285 etsi
1350 2223 1556 2303 conceptum

377 2328 663 2416 perfectissimum
677 2344 858 2411 processus
867 2326 1033 2410 judiciarii
1051 2327 1244 2392 exhibeant.

655 2521 676 2570 1.
693 2519 733 2570 De
746 2515 864 2582 judiciis
882 2515 1021 2580 petitoriis
1037 2517 1067 2570 ei
1081 2517 1271 2582 possessoriis.

417 2656 450 2739 n)
465 2655 571 2720 Geuss
585 2653 799 2740 proprietatis
823 2653 935 2734 egitur
946 2653 983 2716 in
994 2651 1123 2736 jndicio
1138 2652 1308 2736 petitorio,
1327 2656 1363 2719 in
1379 2673 1446 2740 quo
1461 2661 1557 2723 ector

376 2766 461 2850 petit
476 2783 512 2829 se
528 2763 691 2830 declarari
705 2763 884 2829 dominum
898 2763 965 2840 rei;
981 2781 1085 2828 ceusu
1098 2779 1182 2828 vero
1198 2764 1438 2846 possessionis,
1455 2767 1489 2830 in
1501 2769 1557 2850 ju·

377 2875 463 2941 dicio
477 2876 691 2960 possessorio,
707 2875 744 2940 in
758 2891 827 2960 quo
841 2877 936 2940 ocior
949 2872 1126 2938 contendit
1138 2874 1393 2957 possessionem
1403 2877 1453 2940 rei
1465 2877 1555 2942 adse

375 2985 556 3068 pertinere.
581 2983 750 3048 iudicium
761 2983 1012 3068 possessorium
1027 2981 1150 3046 dicitur
1163 2987 1245 3048 tunc
1265 2992 1552 3062 momentaneum,

376 3097 410 3158 el
424 3093 498 3176 ipse
512 3091 695 3176 possessio,
711 3097 939 3168 momentum,
956 3091 1037 3176 quie
1048 3091 1122 3155 haec
1135 3071 1240 3157 ceus'c
1260 3097 1339 3177 epte
1359 3095 1412 3158 esi
1433 3094 1554 3160 durare

375 3205 552 3266 momento
567 3219 628 3264 seu
644 3201 759 3265 stetim
773 3200 963 3265 refomneri.

416 3311 445 3393 b)
459 3309 621 3376 Remedia
634 3309 767 3394 cpentis
775 3308 906 3390 jndicio
917 3309 1088 3394 petitorio.
1116 3309 1150 3372 1⁰
1164 3307 1198 3373 Si
1212 3313 1349 3394 petetur
1360 3327 1416 3375 res
1437 3329 1553 3396 corpo

375 3437 433 3486 ree
458 3420 557 3503 cujus
571 3436 693 3483 verum
717 3415 908 3482 dominium
924 3417 1035 3494 delur,
1058 3418 1223 3501 competit
1240 3417 1290 3483 rei
1304 3419 1500 3499 vindicatio,
1516 3423 1551 3487 in

376 3515 596 3614 quaestione
611 3528 747 3612 probari
771 3527 874 3592 debet
895 3545 954 3593 ens
974 3545 1031 3592 res
1052 3545 1137 3612 ques
1150 3531 1244 3593 ector
1256 3530 1351 3612 petil,
1368 3547 1446 3595 esse
1459 3549 1549 3606 sues,

376 3659 502 3722 easque
516 3625 541 3702 e'
559 3655 630 3714 reo,
657 3640 777 3702 contre
798 3653 902 3720 quem
916 3635 1039 3717 agitur,
1055 3637 1241 3720 possideri;
1266 3637 1321 3702 vel
1337 3637 1459 3703 sellem
1473 3637 1552 3704 dolo

376 3749 517 3814 desiisse
531 3746 709 3832 possideri.

413 3857 447 3920 9⁰
469 3857 503 3920 Si
520 3860 655 3939 petetur
676 3872 731 3918 res
753 3854 963 3937 incorporee,
987 3856 1086 3937 cujus
1110 3855 1207 3939 qussi
1231 3857 1421 3922 dominium
1440 3856 1549 3934 detur,

374 3970 573 4049 competunt
587 3963 689 4028 veriae
711 3962 862 4027 cotiones
884 3960 1005 4038 reeleS,
1023 3961 1243 4029 vindicationi
1264 3964 1403 4040 similes,
1426 3983 1551 4049 nempe

373 4076 461 4141 ectio
478 4073 695 4157 confessoris,
722 4090 790 4156 quc
809 4072 992 4136 confltetur
1008 4077 1104 4137 ector·
1114 4075 1173 4155 Jus
1185 4071 1322 4158 aliquod
1336 4074 1400 4139 sihi
1414 4093 1551 4159 compe-

375 4189 445 4252 tere
461 4189 496 4251 el
509 4203 545 4248 se
563 4185 599 4247 in
612 4183 688 4266 ejus
701 4181 809 4247 libero
824 4201 888 4246 usu
906 4183 1052 4258 turberi;
1069 4184 1156 4249 actio
1168 4185 1356 4267 nequioris,
1369 4188 1551 4268 quenegel

371 4312 445 4358 rem
460 4310 569 4370 suem,
587 4310 620 4355 v.
637 4309 671 4372 g.
690 4291 847 4356 servituti
863 4307 940 4355 esse
954 4293 1149 4357 obnoxium.

411 4403 444 4466 3ο
458 4401 492 4467 Si
507 4405 641 4466 lantum
655 4401 698 4466 de
709 4402 787 4484 jure
803 4401 846 4466 cd
860 4419 935 4466 rem
948 4408 1079 4484 egetur,
1100 4409 1300 4489 competunt
1309 4401 1460 4470 actiones
1473 4419 1549 4486 per-

371 4509 507 4575 sonelcs
522 4527 597 4593 qun
611 4507 724 4574 solent
737 4509 851 4574 vocari
864 4509 1109 4584 condictiones„

411 4619 439 4702 c)
453 4617 615 4684 Remedia
631 4636 696 4703 per
705 4614 841 4698 J'ndicie
847 4619 1064 4703 possessorio.
1092 4617 1227 4704 Triplex
1242 4619 1441 4704 hujusmodi
1457 4621 1548 4706 judi-

370 4727 460 4794 cium
471 4726 708 4810 distinguitur:
722 4724 958 4810 adipiscendae,
970 4727 1157 4794 retinendos
1168 4732 1204 4792 et
1216 4729 1459 4814 recuperande
1470 4746 1546 4813 pos-
