3504 5566
367 509 424 576 196
821 521 873 566 tus
895 519 1072 568 canomcuu.

365 661 434 708 non
453 638 640 705 seeundum
658 652 877 702 communem
895 639 1114 714 taxationem,
1134 636 1194 702 sed
1215 638 1403 709 seeundum
1424 641 1533 724 priva·

364 757 434 816 tam
458 749 674 815 affectionem
692 752 727 812 et
751 745 1047 822 commoditatem
1068 747 1101 810 3·
1121 764 1220 832 super
1246 748 1401 812 interesse
1419 749 1533 833 sinpo-

365 859 440 938 lari,
454 876 511 922 seu
521 863 618 920 entra
632 873 715 933 rem,
733 852 824 937 quod
843 853 1024 936 deponitur
1034 871 1137 938 super
1146 852 1271 920 damno
1284 860 1423 921 oausato
1439 875 1483 921 ex
1496 876 1532 923 re

364 968 535 1031 subtracta
547 963 603 1029 vel
617 963 730 1028 debito
745 969 897 1046 tempore
912 981 981 1027 non
997 961 1138 1028 reddita.

404 1075 433 1156 b)
448 1073 528 1151 Quis
549 1071 656 1156 possit
677 1070 807 1134 deferre
826 1067 909 1133 illud
922 1073 1180 1152 juramentum?
1196 1073 1226 1135 l⁰
1241 1071 1339 1138 Solus
1351 1074 1458 1158 judex
1474 1095 1533 1158 po-

365 1187 431 1247 test
445 1181 576 1245 deferre
581 1181 815 1262 juramentum
824 1175 1019 1258 affectionis,
1034 1178 1113 1262 quia
1127 1178 1156 1241 is
1169 1177 1261 1242 solus
1271 1180 1374 1245 habet
1388 1187 1533 1263 potesta-

365 1284 1533 1374 tempuniendi;porroilludjuramentumdeferturaetoriinpoeuam

364 1398 413 1462 rei
427 1398 470 1462 oh
483 1396 636 1461 dolosam
650 1410 782 1458 moram
803 1393 839 1456 in
852 1393 1064 1458 restituendo
1082 1414 1088 1456 :
1108 1395 1157 1460 ita
1171 1397 1229 1477 jus
1250 1395 1346 1460 Rom.
1364 1395 1429 1460 Sed
1441 1399 1534 1480 jura-

364 1504 688 1582 mentumveritatis,
702 1503 789 1566 siout
798 1507 833 1565 et
836 1503 1071 1584 juramentum
1081 1521 1181 1586 super
1191 1505 1346 1568 interesse
1356 1505 1532 1588 sinpulort',

365 1613 487 1678 deferri
500 1615 613 1696 potest
629 1612 732 1676 etiam
756 1627 866 1686 areo,
889 1615 1057 1692 praesente
1083 1616 1198 1676 tamen
1221 1613 1346 1694 judioe,
1376 1613 1455 1696 quia
1480 1615 1534 1678 hie

365 1727 535 1806 speetatur
546 1725 679 1786 tantum
691 1721 817 1786 ventas
831 1719 930 1804 pretii
946 1719 1134 1784 seeundum
1155 1739 1375 1786 communem
1394 1723 1535 1787 taxatio-

365 1849 444 1895 nem
461 1853 467 1894 :
484 1829 547 1895 soli
561 1829 666 1895 sotori
679 1828 736 1912 qui
751 1833 803 1892 est
817 1826 977 1891 dominus
987 1827 1067 1904 litis,
1085 1826 1168 1892 illud
1182 1828 1305 1895 deferri
1317 1835 1440 1913 potest,
1456 1849 1534 1896 oum

366 1940 481 2004 tendat
495 1939 537 2004 ad
552 1937 793 2003 alienationem
807 1957 814 1998 :
827 1937 874 2001 ita
883 1937 941 2018 jus
956 1935 1053 2000 Rom.

405 2049 430 2130 e)
444 2047 590 2130 Effectus
602 2047 787 2130 juramenti
801 2046 837 2108 in
851 2045 958 2108 litem.
977 2047 1008 2108 1ο
1019 2045 1207 2110 iuramenti
1225 2048 1378 2114 venitatis
1393 2049 1534 2114 effeetus

365 2163 426 2234 est,
441 2163 478 2221 ut
492 2145 555 2221 hoo
568 2156 719 2239 praestito
733 2173 813 2218 reus
827 2153 1108 2219 condemnandus
1121 2155 1164 2218 sit
1182 2156 1225 2220 ad
1244 2157 1447 2222 solvendum
1461 2177 1536 2242 pre-

365 2268 467 2342 tium;
483 2273 598 2330 tamen
612 2284 692 2330 reus
704 2264 884 2329 ostendere
899 2270 1017 2354 posset
1028 2282 1148 2329 revera
1158 2284 1231 2330 rem
1246 2267 1360 2330 minus
1374 2267 1532 2344 valuisse,

365 2381 399 2438 et
413 2381 494 2440 tuno
505 2374 613 2457 judex
625 2391 796 2438 summam
806 2376 956 2456 juratam
968 2373 1123 2438 minuere
1139 2374 1288 2439 deberet.
1395 2403 1398 2424 ·

404 2485 436 2548 2⁰
449 2484 684 2549 iuramentum
696 2481 896 2558 affectionis,
907 2487 1031 2564 praeter
1040 2481 1200 2547 ellectum
1213 2482 1309 2548 illum
1321 2503 1422 2569 quem
1434 2504 1536 2568 supra

365 2593 543 2656 tribuimus
567 2594 762 2674 juramento
785 2571 1031 2668 aestimationis,
1069 2576 1258 2656 dominium
1286 2593 1334 2656 rei
1360 2594 1534 2659 aestimata

365 2701 525 2766 transfert
537 2701 573 2763 in
587 2717 695 2774 reum,
713 2701 827 2764 statim
843 2718 881 2764 ao
895 2701 983 2765 iacta
998 2703 1050 2764 est
1063 2699 1313 2767 condemnatio.

404 2809 437 2894 d)
451 2810 466 2873 J
470 2812 686 2872 uramentum
709 2807 944 2874 aestimationis
958 2807 1072 2874 looum
1086 2809 1189 2874 habet
1202 2809 1238 2872 in
1252 2809 1410 2874 omnibus
1426 2811 1536 2876 osusis

366 2925 435 2983 tam
455 2919 553 2980 bonae
575 2916 653 2980 tidei
675 2935 778 2998 quam
803 2917 909 2980 striati
928 2919 1026 3001 juris,
1053 2919 1124 2982 sive
1146 2937 1189 2982 ex
1210 2923 1384 2982 eontraotu
1407 2919 1478 2982 sive
1493 2938 1536 2982 ex

366 3027 496 3102 delicto,
513 3025 615 3090 modo
628 3023 979 3108 intemesseritaliqus
988 3025 1086 3109 eulpa
1095 3025 1256 3092 debitoris
1267 3025 1358 3107 (Vide
1373 3027 1535 3090 fusiorem

239 3115 242 3120 ⁵
366 3135 508 3218 exposit.
524 3133 612 3216 apud
628 3131 845 3214 Sohmalzgr„
864 3133 897 3196 h.
915 3137 963 3211 t).

703 3325 734 3374 11.
751 3324 790 3374 ue
801 3321 965 3386 juramento
979 3321 1036 3374 lltls
1051 3321 1196 3376 decisos-io.

407 3453 438 3534 a)
452 3452 503 3516 ad
520 3454 755 3534 juramentum
772 3449 855 3513 illud
878 3451 1060 3534 requiu'tur
1077 3469 1083 3512 :
1107 3453 1138 3514 1ο
1160 3457 1198 3514 ut
1211 3451 1252 3515 lis
1268 3454 1311 3516 sit
1326 3453 1438 3532 dubia,
1453 3473 1532 3520 oum

366 3581 469 3626 eausa
483 3565 575 3626 oerta
598 3578 667 3624 non
687 3559 837 3640 indigeat
851 3558 1040 3634 decisione3
1063 3559 1096 3622 2⁰
1112 3565 1150 3622 ut
1169 3561 1385 3642 probationes
1399 3562 1535 3627 aliunde

366 3689 436 3736 non
450 3675 630 3753 suppetant
642 3669 683 3734 sd
697 3669 877 3732 veritatem
901 3669 939 3749 (o.
957 3669 976 3731 l
995 3669 1036 3732 de
1051 3669 1172 3751 Prot),
1201 3671 1282 3736 alias
1302 3673 1536 3754 jurameutum

368 3779 496 3844 teme're
508 3783 744 3862 praestinatum
766 3777 798 3839 3ο
814 3781 852 3839 ut
865 3777 925 3841 fiat
938 3777 981 3842 ad
997 3777 1203 3843 delationem
1213 3779 1317 3861 partis
1332 3780 1386 3843 vel
1400 3781 1533 3862 judicis,

367 3905 445 3952 oum
460 3887 655 3953 ultroneum
670 3887 753 3950 nihil
765 3887 896 3970 probet.
913 3886 963 3953 lta
973 3890 1030 3972 jus
1044 3887 1140 3953 Rom.

408 3997 437 4078 d)
451 3997 687 4060 iuramentum
708 3995 938 4060 voluntarium
962 4001 1074 4080 potest
1099 3995 1222 4061 delerri
1242 3999 1273 4061 1ο
1293 4017 1536 4082 aquocumque

368 4107 562 4173 laenitatem
578 4105 786 4186 transigendi
802 4111 837 4169 et
849 4106 1050 4189 disponendi
1057 4107 1214 4186 habente,
1224 4126 1302 4172 oum
1311 4108 1394 4173 illud
1407 4129 1450 4173 ex
1459 4128 1536 4174 oon-

369 4217 528 4280 ventione
550 4215 620 4278 vim
644 4215 880 4279 transactionis
900 4215 1032 4280 habeat.
1058 4215 1173 4293 Quoad
1197 4215 1273 4281 illos
1288 4217 1346 4300 qui
1366 4218 1402 4282 in
1425 4219 1536 4302 specie

368 4329 512 4409 possunt
534 4323 590 4387 vel
607 4342 677 4389 non
700 4330 844 4406 possunt
865 4323 996 4388 deferre
1010 4324 1104 4402 illud,
1124 4323 1201 4390 vide
1216 4325 1431 4408 Sohmalzgr„
1448 4328 1480 4392 h.
1498 4335 1534 4405 t.,

368 4452 401 4498 n.
421 4433 522 4496 11-13.

408 4543 525 4608 uillis
540 4541 698 4605 omnibus
722 4546 835 4623 potest
849 4541 971 4607 deterri
995 4544 1117 4626 quiex
1135 4546 1362 4610 conventione
1390 4545 1454 4610 sibi
1482 4544 1537 4610 vel

370 4652 465 4718 alteri
476 4650 649 4733 acquirere
659 4652 979 4731 possuntaotionem
988 4653 1301 4734 autexoeptionem.
1313 4651 1426 4736 ltajus
1436 4652 1532 4718 Rom.
