3504 5566
483 589 487 600 .
527 553 613 601 ussa
635 551 785 600 SECUNDUS
806 545 1024 600 DBGRB'lstUN.

501 804 582 878 §vt
603 803 644 862 lte
661 801 813 876 alfaltios
832 799 1051 876 appellationis.

231 1009 263 1090 a)
277 1006 358 1072 tres
372 1004 534 1090 precipui
551 1024 558 1068 :
575 1005 607 1068 1ο
623 1002 773 1087 Effectus
793 1003 1018 1088 suspensione,
1036 1001 1117 1067 dum
1140 1017 1201 1083 per
1219 995 1364 1083 appella·

191 1117 320 1184 tionem
334 1113 554 1198 suspenditur
569 1113 739 1178 sententia
750 1112 874 1197 judicis
888 1131 910 1176 a
923 1130 990 1196 pao
1012 1113 1155 1194 ejusque
1172 1106 1363 1192 jurisdictio

190 1226 226 1290 in
246 1225 309 1290 hac
328 1240 441 1299 causa,
458 1226 498 1285 ut
515 1239 626 1304 neque
649 1222 693 1286 ad
710 1219 966 1286 exsecutionem
984 1217 1172 1292 sententiae,
1190 1233 1302 1299 neque
1321 1213 1364 1278 ad

191 1331 283 1398 aliud
296 1331 384 1397 circa
394 1331 629 1395 hanccausam
642 1329 878 1395 innovandum
889 1327 1073 1411 procedere
1087 1324 1205 1410 possit.
1222 1323 1262 1386 Et
1274 1323 1365 1387 huno

192 1441 354 1506 effectum
374 1438 616 1521 suspensivum
630 1435 833 1520 regulariter
852 1435 940 1519 parit
957 1433 1137 1519 appellatio
1155 1434 1194 1516 (c.
1215 1431 1255 1496 39
1276 1431 1309 1495 h.
1326 1435 1363 1506 t.;

191 1565 221 1612 c.
238 1547 288 1626 ro,
304 1545 379 1612 eod.
396 1545 432 1608 in
446 1547 502 1626 6⁰),
519 1545 669 1628 exceptis
681 1545 815 1609 casibus
829 1544 918 1610 inira
931 1541 1092 1608 dicendis.

231 1656 264 1719 Ψ
278 1653 427 1736 Effectus
450 1653 672 1728 devolutione,
697 1651 779 1716 dum
799 1669 902 1717 causa
924 1669 985 1734 per
1009 1647 1272 1734 appellationem
1287 1663 1366 1712 oum

194 1763 352 1829 omnihus
364 1760 560 1826 accessoriis
572 1757 1129 1842 devolviturajodiceinterioriad
1142 1757 1364 1842 superiorem,

195 1872 243 1936 ita
250 1875 288 1934 ut
297 1888 400 1954 super
408 1867 461 1932 his
476 1867 635 1932 omnibus
643 1866 796 1950 J'udicare
807 1867 924 1950 possit,
939 1871 1021 1949 puta
1035 1883 1105 1931 non
1118 1865 1229 1932 solum
1243 1865 1284 1930 de
1296 1867 1368 1948 jus-

196 1977 268 2043 titio
292 1973 538 2061 appellationis,
560 1974 620 2040 sed
635 1973 738 2038 stiam
753 1974 795 2040 de
816 1974 945 2040 meritis
959 1991 1080 2040 oausae.
1102 1974 1142 2038 Et
1159 1974 1250 2040 hunc
1270 1972 1368 2038 elisc-

197 2089 270 2148 tum
292 2081 532 2150 devolutivum
551 2099 649 2166 oeque
667 2080 869 2164 regulariter
885 2081 975 2165 parit
994 2080 1175 2167 appellatio
1192 2082 1230 2166 (c.
1253 2081 1304 2158 tt,
1327 2079 1367 2144 aa

194 2189 637 2284 ammaimdmffl.

235 2303 267 2368 3⁰
283 2299 478 2368 sanatam
493 2299 656 2364 attentati
674 2315 733 2362 sea
754 2305 1010 2376 attentatarum,
1028 2315 1095 2384 quo
1110 2301 1314 2364 revocantur
1329 2315 1369 2363 ea

196 2409 312 2475 omnia
337 2425 412 2493 quae
433 2405 604 2494 pendente
627 2403 853 2489 appellatione
874 2407 1047 2484 innovata,
1068 2405 1125 2472 vel
1144 2411 1221 2490 post
1235 2410 1369 2472 senten-

197 2517 279 2584 tiam
297 2517 387 2582 intra
408 2515 610 2581 decendium
625 2518 791 2580 attentata
810 2519 890 2580 sunt
909 2515 948 2598 (c.
970 2517 988 2578 Ἰ
1006 2515 1040 2578 h.
1055 2514 1131 2598 tia),
1148 2532 1229 2582 nam
1245 2513 1370 2578 similia

198 2643 268 2692 non
292 2627 468 2710 ponuntur
493 2624 645 2708 dejure,
669 2621 730 2688 sed
751 2623 794 2688 de
817 2624 917 2700 lecto,
941 2629 976 2688 et
1000 2623 1077 2690 ideo
1098 2624 1186 2690 hene
1213 2623 1371 2688 dicuntur

196 2737 372 2800 attentata.
728 2793 731 2805 ,

238 2841 268 2926 t)
280 2843 322 2908 In
336 2837 455 2926 quibas
475 2839 606 2906 casilaco
622 2837 803 2926 appellatio
818 2858 887 2904 noa
903 2841 1022 2926 pariat
1035 2839 1189 2924 effectum
1205 2843 1371 2928 suspensi-

196 2949 301 3016 vum?
316 2949 394 3014 l⁰ln
408 2950 554 3014 censuris
564 2948 790 3014 ecclesiasticis
797 2949 963 3026 absolute,
980 2953 1099 3014 etanta
1108 2949 1370 3034 appellationem

196 3055 273 3124 latis
296 3059 336 3139 (o.
364 3057 415 3135 37,
439 3057 479 3122 53
501 3055 535 3122 h.
561 3055 614 3138 t.);
637 3073 717 3121 nam
739 3057 793 3122 hae
810 3057 925 3121 statim
941 3057 1134 3141 producunt
1149 3075 1251 3122 suum
1270 3059 1371 3123 effec-

200 3171 274 3232 tum
287 3171 323 3231 et
334 3165 443 3248 ligant
461 3157 621 3241 ammam,
639 3163 792 3249 adeoque
806 3184 877 3230 non
892 3165 1166 3250 suspenduntur;
1181 3165 1241 3231 sed
1256 3165 1370 3251 appel-

196 3273 278 3340 latio
292 3273 335 3340 ab
355 3273 408 3338 his
427 3273 627 3356 interposita
649 3271 738 3356 parit
755 3272 866 3339 solum
886 3274 1046 3338 ellectum
1065 3272 1311 3352 devolutivum,
1332 3278 1371 3337 ut

195 3381 303 3466 judex
312 3381 467 3466 superior
478 3385 662 3463 cognoscat
675 3379 717 3446 de
729 3380 862 3464 justitia
871 3399 1034 3446 censurae.
1049 3381 1092 3444 tt
1102 3382 1130 3446 si
1144 3400 1288 3448 censura
1301 3400 1370 3448 non

200 3495 253 3556 est
264 3489 418 3557 absoluta
431 3487 510 3568 lota,
526 3487 586 3554 sed
597 3487 837 3564 conditionata,
853 3493 913 3554 aut
925 3489 1194 3567 comminatoria,
1210 3495 1245 3556 et
1258 3487 1372 3573 appel-

198 3599 280 3666 latio
301 3602 380 3664 ante
398 3600 561 3662 eventum
574 3597 780 3664 conditionis
797 3595 909 3663 delata
928 3602 981 3662 est
997 3597 1041 3663 ad
1058 3599 1280 3683 superiorem,
1297 3619 1371 3663 sus-

198 3705 358 3792 penditur
371 3705 545 3770 exsecutio
559 3723 712 3770 censurae
726 3707 765 3788 (c.
776 3705 817 3770 to
829 3705 863 3768 h.
881 3705 930 3786 t.);
940 3723 1089 3789 namper
1099 3705 1371 3791 jurisdictionem

200 3814 384 3898 superioris
397 3811 581 3897 impeditur
595 3815 688 3898 prior
702 3814 871 3879 sententia
884 3833 905 3879 a
918 3813 1136 3898 producendo
1153 3833 1214 3880 suo
1235 3814 1369 3879 effectu.

200 3920 294 3988 Idem
317 3922 370 3986 dic
389 3921 425 3985 in
444 3937 526 3986 casu
548 3937 616 4006 quo
636 3938 780 3986 censura
800 3921 909 3986 fertur
932 3922 994 3986 sub
1013 3921 1207 3987 conditione
1227 3920 1373 4006 appella-

200 4031 313 4108 tionis,
329 4049 362 4094 v.
380 4047 413 4113 g.
429 4029 691 4095 Eecommaaico
706 4037 749 4105 te,
763 4029 795 4092 si
802 4027 1035 4113 appellaveris,
1050 4047 1131 4095 nam
1141 4029 1217 4096 talis
1229 4047 1374 4096 censura

201 4157 271 4205 non
290 4137 474 4204 incurritur
491 4143 570 4203 ente
587 4135 861 4221 appellationem,
879 4153 959 4200 cum
972 4137 1121 4202 conditio
1137 4155 1206 4203 non
1229 4139 1371 4212 existat;

202 4261 313 4331 neque
331 4251 410 4330 post
423 4245 697 4331 appellationem,
714 4245 794 4330 quia
810 4245 874 4310 hac
887 4245 1007 4328 posits,
1025 4245 1140 4310 statim
1155 4246 1375 4329 suspenditur

105 4351 108 4356 ’
200 4354 389 4437 jurisdictio
420 4359 454 4418 et
474 4354 643 4420 sonantia
660 4351 784 4436 judicis
807 4371 941 4436 aquo:
962 4353 1174 4419 retrotraotio
1188 4357 1305 4418 autern
1320 4354 1374 4420 hic

204 4477 272 4526 non
285 4461 389 4528 habet
401 4460 525 4527 locum.

242 4567 274 4632 9·
302 4567 340 4634 ln
362 4569 474 4635 causis
503 4569 540 4634 in
566 4567 689 4654 quibm
714 4572 860 4651 negatur
881 4567 1078 4652 appellatio,
1104 4568 1160 4633 vel
1181 4567 1376 4654 proceditur

203 4683 333 4740 remota
346 4677 584 4762 appellatione,
596 4677 679 4741 utin
690 4693 794 4743 causa
807 4675 908 4751 dotis,
919 4674 1159 4742 alimentorum
1168 4677 1374 4754 futurorum,

329 4803 361 4846 u.
1219 4787 1255 4848 ll
