3510 5574
373 571 433 637 900
834 593 885 638 rus
907 591 1088 638 canonicus.

373 711 600 792 recuperaret,
618 707 698 792 quia
710 705 855 792 privatio
874 727 995 776 eorum
1018 727 1088 776 non
1113 715 1167 776 est
1186 709 1340 796 injunota
1358 709 1393 774 in
1414 727 1551 793 pennam

373 835 435 900 per
449 815 591 880 modum
610 815 754 900 alicujus
768 817 1001 900 depositionis,
1020 819 1081 884 sed
1099 818 1177 884 ideo
1191 817 1283 904 quod
1297 817 1403 882 alium
1423 820 1550 880 statum

373 924 662 1007 incompatibilem
676 929 711 989 et
720 923 891 990 clericatui
906 931 1158 1011 repugnantem
1172 926 1407 1012 assumpserit.

805 1342 1018 1420 'l'lTULUS
1054 1344 1117 1419 lV.

463 1525 501 1572 DE
523 1525 655 1598 cadurcus
677 1525 733 1574 NON
756 1525 972 1573 llESlllEN'l'lliUS
993 1525 1024 1571 lli
1045 1526 1187 1574 ECGOESIA
1209 1527 1267 1576 vat
1287 1525 1463 1574 Pandanam.

412 1857 1551 1944 auvitaclericalishonestatem,praeterreeensita,pertinetertam

374 1971 410 2030 ut
426 1965 461 2030 iu
477 1966 627 2032 ecelesiis
644 1971 678 2030 et
700 1966 805 2030 titulis
819 1967 1064 2033 banelloiorum
1084 1986 1225 2033 suorum
1244 1967 1356 2032 elerici
1368 1965 1549 2039 resideant,

373 2079 407 2138 ut
420 2075 570 2140 ofssoinm
581 2073 714 2140 ratione
728 2075 883 2140 beneficii
898 2075 1051 2140 debitum
1063 2080 1237 2160 praestent.
1256 2075 1339 2139 llino
1348 2073 1392 2139 ad
1403 2072 1551 2157 superio·

372 2201 426 2248 res
441 2182 558 2249 titulos
573 2183 696 2249 merito
710 2183 932 2267 conjungitur
946 2183 1064 2250 titulus
1082 2184 1123 2249 de
1137 2184 1332 2250 desideratio
1346 2183 1435 2248 cleri.

511 2411 525 2478 5
544 2411 566 2464 1.
584 2407 625 2466 lte
644 2414 768 2478 notura,
788 2408 937 2468 varietate
955 2413 985 2468 et
1003 2407 1120 2483 eripior
1138 2406 1312 2467 residentia
1331 2405 1414 2466 etro.

413 2577 446 2654 a)
464 2572 659 2639 desidentia
679 2575 908 2639 communiter
921 2573 1083 2640 delinitur
1098 2595 1105 2638 :
1123 2595 1139 2632 u
1157 2573 1385 2640 commoratio
1405 2571 1543 2638 assidua

371 2681 406 2744 in
431 2681 573 2747 eeclesia
596 2699 658 2746 seu
680 2680 757 2746 looo
778 2683 944 2759 beneficii,
967 2700 1071 2748 rausa
1087 2681 1216 2748 servitii
1240 2681 1457 2746 aeolesiastiei
1477 2698 1552 2764 per-

373 2789 536 2856 sonaliter
551 2790 746 2872 praestandi.
769 2815 785 2848 a
806 2791 935 2855 Dicitur
959 2811 967 2854 :
994 2792 1025 2855 l·
1046 2791 1264 2855 commoratio
1289 2789 1442 2864 assidua,
1473 2787 1553 2872 quia

373 2902 524 2980 spectato
537 2900 615 2982 jnre
637 2899 822 2975 communi,
839 2917 910 2964 uon
933 2900 1057 2964 suffieit
1075 2905 1114 2964 ut
1133 2897 1356 2964 beneficiatus
1369 2917 1431 2982 per
1448 2900 1553 2962 iuter-

372 3004 461 3070 valla
484 3005 632 3070 resideat
651 3007 686 3070 in
701 3006 777 3072 loon
798 3007 851 3071 sui
871 3007 1038 3084 beneficii,
1060 3007 1120 3072 sed
1143 3005 1330 3072 residentia
1353 3006 1455 3071 debet
1476 3023 1551 3070 esse

372 3113 511 3179 assidua
524 3132 585 3178 eeu
595 3115 768 3192 contiuua,
781 3113 903 3180 saltem
916 3115 1107 3192 moraliter;
1119 3116 1264 3181 Padusa
1278 3115 1460 3194 servitii...;
1472 3131 1551 3178 nam

371 3221 557 3286 residentia
566 3240 636 3287 non
649 3222 750 3287 debet
759 3241 835 3288 esse
849 3241 934 3307 pure
949 3222 1145 3300 materialis,
1159 3223 1219 3288 sed
1234 3221 1388 3288 sonneiis
1403 3239 1463 3286 seu
1474 3239 1552 3285 oum

372 3329 511 3406 ellectu,
532 3328 580 3394 ita
599 3333 637 3393 ut
655 3331 809 3395 residens
839 3331 1065 3414 personaliter
1086 3333 1244 3396 exerceat
1271 3335 1367 3395 artus
1387 3327 1551 3394 beneficio

372 3453 536 3502 annexos.

410 3545 440 3625 d)
455 3545 532 3610 llaeo
553 3544 738 3611 residentia
759 3546 886 3631 duplex
906 3553 982 3613 est:
1006 3549 1037 3611 l·
1053 3566 1144 3624 vera,
1171 3545 1308 3633 quando
1331 3545 1552 3611 hanelloiatus

371 3672 453 3718 vere
473 3659 508 3717 et
530 3653 668 3719 realiter
687 3659 741 3718 est
758 3673 910 3738 praesens
925 3657 961 3720 in
981 3655 1056 3720 looo
1080 3655 1247 3730 benedad,
1274 3659 1309 3720 et
1328 3653 1553 3738 personaliter

371 3765 508 3826 exercet
536 3761 688 3825 ollloium
714 3762 887 3846 spirituale
915 3768 1055 3848 propter
1084 3762 1175 3848 quod
1204 3763 1305 3827 datur
1331 3761 1550 3835 benelloium;

372 3869 405 3931 2⁰
418 3871 499 3948 ficto
512 3866 644 3943 dieitur,
662 3871 799 3952 quando
813 3873 969 3937 absonae
984 3869 1060 3936 loon
1073 3870 1241 3946 beneficii,
1252 3869 1389 3934 datione
1397 3869 1485 3952 juris
1495 3868 1552 3932 ha·

371 3977 471 4041 betur
484 3997 546 4061 pro
564 3981 737 4063 prasenti.
752 3979 811 4044 Jus
827 3980 988 4065 supponit
1006 3979 1236 4064 presentiam,
1253 3977 1391 4062 quando
1406 3995 1449 4042 ex
1460 3979 1554 4061 justa

370 4102 474 4150 nausa
487 4085 596 4168 alege
614 4087 765 4152 admissa
779 4089 1001 4152 beneficiatus
1013 4089 1121 4153 abest.

411 4193 437 4273 r)
454 4193 488 4256 Si
510 4209 643 4278 quaeras
660 4213 810 4278 quonam
818 4195 899 4277 jure
920 4195 1115 4262 introducta
1134 4197 1187 4272 sit,
1205 4195 1450 4284 respondetur:
1470 4192 1502 4256 1⁰
1516 4191 1552 4254 lu

371 4299 528 4364 confesso
554 4317 631 4365 esse
651 4299 742 4384 apud
764 4317 886 4364 omnes
914 4299 1136 4366 residentiam
1164 4299 1366 4366 elericorum
1389 4297 1555 4363 benenom

371 4409 488 4472 ourata
508 4423 582 4472 non
604 4407 807 4472 habentium
834 4425 909 4472 esse
930 4408 1018 4492 juris
1042 4407 1290 4475 ecelesiastici:
1313 4403 1395 4473 nam
1421 4405 1554 4470 nullum

372 4515 540 4598 reperitur
557 4517 615 4600 jus
631 4515 785 4580 divinum
813 4535 856 4580 ex
877 4535 945 4600 quo
963 4515 1153 4597 colligatur.
1175 4515 1241 4581 Sed
1264 4513 1553 4580 Eoolesia‘talilrus

373 4619 503 4686 oleriois
522 4623 687 4688 benedeia
705 4623 861 4688 oouoedit
875 4625 938 4688 sub
953 4623 1148 4690 conditione
1164 4649 1180 4681 «
1191 4625 1218 4688 si
1234 4621 1460 4708 personaliter
1473 4619 1553 4686 resi-

375 4725 480 4793 deant
491 4753 506 4786 »
523 4729 567 4812 (G.
585 4729 747 4806 rudent,
764 4748 848 4796 sess.
865 4730 915 4806 il,
929 4749 958 4796 o.
976 4729 1041 4813 ta).
