3488 5568
417 547 478 614 sla
818 561 823 575 ¹
875 563 926 610 ms
946 560 1125 610 canonican.

453 684 532 742 Licet
551 684 694 755 episcopo
713 695 808 740 unum
826 695 863 738 ex
885 679 1056 753 approbatis
1078 679 1109 736 in
1130 691 1280 736 concursu
1303 675 1486 750 praeeligere,
1501 691 1587 749 quem

417 773 454 832 ad
465 773 597 832 ecclesiae
612 773 746 846 regimen
761 776 790 828 et
804 771 840 829 ad
856 770 1024 828 animarum
1039 781 1142 826 curam
1160 766 1357 826 exercendam
1373 767 1471 840 magis
1488 771 1587 837 aptum

416 863 639 931 existimaverit,
653 859 833 934 posthabitis
848 859 915 918 aliis
928 859 981 932 qui
995 858 1160 930 majoribus
1175 855 1306 928 polleant
1316 853 1472 928 requisitis
1483 853 1586 928 (ibid).

450 955 545 1026 Atque
559 951 665 1010 merito
690 950 747 1008 luit
761 949 875 1008 electus
898 949 946 1006 ille
969 948 1022 1020 qui
1036 945 1192 1004 nonnullis
1213 943 1367 1018 requisitis
1387 943 1463 1001 alios
1486 958 1587 1016 super·
1685 993 1686 1024 2

414 1045 547 1103 excessit
562 1042 659 1117 (lita,
673 1041 690 1114 ἓ
704 1043 740 1114 9).

451 1137 486 1191 Et
498 1133 587 1192 sicuti
604 1133 770 1206 peculiares
782 1131 919 1204 quadam
934 1129 1093 1204 qualitates
1106 1129 1228 1186 reddere
1241 1127 1340 1185 valent
1351 1127 1476 1184 electum
1492 1123 1586 1196 magis

414 1221 556 1280 idoneum
570 1222 607 1280 ad
623 1237 725 1280 curam
741 1221 920 1290 animarum,
936 1219 978 1277 ita
992 1218 1158 1276 intrinseca
1171 1217 1217 1274 vel
1235 1216 1405 1274 extrinseca
1418 1213 1587 1272 earumdem
1685 1211 1686 1284 ξ

414 1311 591 1386 qualitatum
609 1311 715 1370 notitia
730 1325 848 1368 movere
869 1309 966 1381 potuit
983 1307 1158 1380 episcopum
1178 1306 1215 1364 ad
1234 1305 1320 1364 illum
1335 1309 1479 1376 tanquam
1494 1299 1588 1372 magis
1685 1359 1686 1380 χ

414 1400 556 1460 idoneum
571 1399 743 1475 eligendum
761 1397 867 1471 (itm).

448 1491 543 1549 ludex
553 1505 623 1548 voro
639 1490 848 1562 appellationis
863 1488 893 1545 in
907 1487 1029 1546 ferenda
1040 1484 1189 1546 sententia
1201 1483 1289 1542 inniti
1302 1483 1391 1542 debet
1402 1481 1587 1543 solummodo
1685 1487 1686 1534 l

413 1579 640 1652 probationibus
659 1579 697 1637 ab
720 1579 795 1636 actis
815 1577 923 1637 elicitis
944 1580 1004 1634 tam
1025 1579 1162 1648 respectu
1183 1573 1328 1632 doctrinm
1349 1587 1440 1646 quam
1462 1572 1586 1630 aliorum

413 1669 587 1726 meritorum
608 1667 714 1740 (lota).

446 1757 640 1826 testimonia,
656 1755 731 1815 tides
745 1761 805 1814 tam
819 1753 978 1828 judiciales
993 1767 1083 1825 quem
1102 1751 1351 1825 extrajudiciales,
1367 1757 1397 1808 ot
1410 1751 1587 1808 documenta

412 1859 610 1918 quecumque
632 1844 768 1903 studiose
790 1843 962 1916 conquisita
982 1848 1011 1900 et
1030 1847 1098 1914 post
1116 1855 1309 1911 concursum,
1329 1847 1362 1898 ut
1376 1841 1472 1910 aiunt,
1493 1839 1586 1910 expis-

412 1939 487 2004 cala,
504 1933 588 1992 nullo
603 1934 779 1992 modosunt
792 1933 963 2005 recipienda
979 1931 1075 2006 (lota,
1091 1931 1107 2003 ᾖ
1123 1932 1176 2002 lc).

447 2021 557 2096 llleque
577 2027 692 2080 tantum
713 2023 749 2079 ad
774 2037 876 2080 curam
897 2021 1066 2078 animarum
1086 2019 1277 2078 existimatur
1295 2019 1500 2078 admittendus
1523 2031 1586 2078 osse

410 2111 462 2186 qui
477 2111 582 2186 majori
596 2111 732 2170 doctrina
746 2125 780 2168 ao
795 2111 921 2168 scientia
935 2110 1025 2182 pollet
1040 2107 1137 2181 libid,
1152 2109 1169 2182 ᾖ
1186 2109 1239 2182 lt).

445 2200 597 2258 iudicium
612 2200 744 2273 episcopi
760 2215 853 2258 unum
870 2200 971 2272 potius
987 2213 1077 2272 quam
1097 2199 1224 2256 alterum
1239 2199 1453 2273 praeeligentis,
1472 2198 1584 2256 irratio·

410 2287 509 2348 nabile
525 2289 683 2362 dijudicari
704 2305 764 2347 nou
784 2295 893 2361 potest,
910 2288 971 2346 nisi
985 2295 1068 2346 tana
1086 2287 1261 2346 meritorum
1281 2287 1471 2361 inaequalitas
1485 2289 1585 2360 depre-

409 2377 568 2448 hendatur,
584 2392 651 2452 quae
666 2378 858 2436 manifestum
875 2383 904 2436 ot
922 2376 1158 2435 inexcusabilem
1174 2391 1331 2436 excessum
1347 2375 1474 2434 suadeat
1491 2375 1584 2447 (inid,

409 2467 426 2540 fi
443 2469 496 2539 l8).

446 2559 478 2613 ln
494 2556 597 2627 dubio,
613 2557 753 2616 standum
769 2563 815 2616 est
827 2556 941 2630 jndicio
957 2557 1112 2629 ordinarii,
1130 2557 1182 2630 qui
1198 2557 1391 2629 praesumitur
1406 2558 1584 2618 informatus

409 2645 530 2716 devita,
547 2647 682 2706 moribus
697 2647 825 2719 aliisque
840 2646 1082 2704 concurrentium
1098 2646 1295 2718 qualitatibus
1311 2645 1418 2719 (ibid).

444 2737 547 2793 Potest
564 2735 688 2809 impune
709 2736 810 2808 sperni
829 2735 989 2809 appellatio
1006 2735 1049 2793 uti
1069 2735 1175 2793 frivola
1194 2741 1223 2793 et
1242 2735 1279 2794 ad
1300 2735 1439 2794 ellectum
1459 2751 1584 2808 suspen-

408 2821 507 2881 sivum
521 2825 670 2896 prohibita
684 2839 702 2882 a
716 2839 800 2882 sacro
815 2823 943 2882 concilio
957 2823 1129 2882 Tridentino
1144 2821 1251 2896 (liridi.

445 2913 481 2969 Et
497 2911 582 2970 locus
603 2927 663 2970 non
687 2919 732 2972 cst
754 2927 833 2971 novo
852 2912 1000 2982 examini,
1024 2912 1070 2970 vel
1090 2911 1162 2984 quia
1181 2912 1238 2970 sibl
1264 2915 1426 2984 quaesitum
1452 2919 1502 2973 est
1525 2914 1584 2987 jus,

408 3001 455 3060 vel
476 3002 549 3075 quia
562 3003 737 3076 prohibetur
757 3005 788 3060 in
809 3003 917 3061 litteris
939 3001 1100 3076 encyclicis
1113 3003 1204 3075 jussu
1230 3004 1391 3062 Clementis
1409 3007 1445 3062 lll
1469 3003 1585 3063 datisa

409 3093 439 3150 S·
453 3093 690 3167 congregatione
704 3093 827 3151 concilii
843 3091 948 3166 (ibid).

445 3181 600 3248 Quatenus
623 3195 691 3239 vero
715 3195 884 3240 concursus
904 3181 1006 3240 nullus
1025 3183 1126 3254 luerit,
1142 3197 1203 3240 non
1223 3183 1312 3240 datur
1331 3181 1512 3254 appellati03
1536 3181 1585 3241 sed

409 3269 589 3342 parochialis
603 3270 738 3328 ecclesiae
750 3271 817 3344 jure
831 3269 970 3329 devoluto
987 3271 1155 3344 impetratio
1171 3271 1276 3346 (ibid).

444 3361 480 3416 Et
504 3358 541 3417 ad
564 3361 785 3418 retraetandum
807 3360 955 3434 judicium
980 3361 1143 3432 ordinarii,
1165 3361 1328 3436 requiritur
1353 3361 1536 3421 manifestus
1560 3365 1586 3418 el

408 3447 625 3508 inexcusabilis
640 3463 785 3508 excessus
800 3448 896 3524 (racd,
911 3449 979 3523 gl).

445 3539 481 3594 Ut
503 3537 572 3610 quis
596 3537 713 3596 dicatur
735 3537 865 3612 dignior,
886 3545 934 3596 sat
954 3544 999 3597 est
1018 3553 1056 3596 ne
1075 3538 1250 3612 reprobetur
1273 3539 1310 3600 ab
1330 3539 1585 3599 examinatoribus

444 3713 547 3773 Merite
563 3716 588 3776 si
606 3717 696 3774 simul
710 3731 780 3776 cum
801 3717 928 3776 scientia
942 3722 1134 3788 concurrant,
1158 3733 1276 3791 sempor
1294 3719 1407 3794 dignus
1428 3718 1584 3792 praesumi·

408 3807 468 3873 tur,
483 3805 535 3876 qui
550 3803 589 3863 iis
605 3805 748 3878 praeditus
762 3812 808 3865 est
823 3807 927 3880 (Satn,
940 3807 1035 3866 Prata.
1052 3806 1155 3877 ttreol,
1172 3811 1205 3864 tt
1217 3807 1274 3880 jnl.
1293 3811 1372 3878 ileo,
1387 3807 1404 3882 ἕ
1419 3809 1455 3880 3),

443 3893 568 3952 Maxime
590 3895 617 3950 si
635 3893 746 3953 lactum
762 3896 803 3954 sit
820 3897 1070 3969 experimentum,
1091 3896 1255 3956 dummodo
1277 3897 1314 3954 ab
1330 3895 1583 3956 examinatoribus

407 3995 467 4039 non
482 3981 572 4040 fuerit
587 3982 831 4056 rejectusuttdd.

443 4071 568 4140 Quando
590 4071 677 4130 ambo
693 4079 765 4130 sunt
779 4073 946 4146 approbati,
968 4079 1066 4146 potest
1087 4075 1250 4148 opiscopus
1275 4075 1384 4150 oligorc
1408 4090 1475 4132 oum
1495 4089 1582 4148 quem

407 4155 576 4233 digniorem
589 4161 713 4232 putavit,
725 4161 793 4220 lioot
807 4163 915 4222 minori
925 4164 1141 4238 suffragiorum
1151 4181 1276 4224 numero
1288 4168 1459 4225 decoratum
1469 4165 1583 4239 (Fit-ra..

406 4247 488 4319 Por,
506 4254 541 4308 tl
552 4249 608 4322 jul.
626 4253 706 4322 itta,
722 4251 739 4324 ἓ
753 4252 790 4326 6).

442 4343 477 4396 ut
497 4341 630 4412 praeferri
648 4348 778 4400 meretur
797 4343 847 4402 ille
869 4345 921 4417 qui
946 4345 1049 4404 senior
1074 4351 1171 4416 aetate,
1198 4352 1227 4404 et
1246 4347 1399 4421 antiquior
1420 4347 1450 4406 in
1480 4346 1583 4406 ordine

406 4429 613 4502 presbyterali,
628 4436 657 4488 ct
670 4431 700 4488 in
717 4447 840 4492 munere
855 4435 1032 4494 confessarii
1049 4435 1145 4508 (told,
1160 4437 1226 4509 57).

443 4521 648 4594 Praerogatlvae
673 4523 916 4582 concurrentium
939 4523 1054 4584 nullius
1077 4531 1149 4584 sunt
1169 4527 1328 4598 ponderis,
1354 4543 1448 4601 quum
1469 4530 1580 4600 spectet

406 4607 442 4666 ad
457 4607 632 4681 episcopum
648 4609 757 4684 eligere
770 4611 938 4686 digniorem
952 4615 1054 4685 (Part,
1068 4615 1150 4686 Pom,
1167 4615 1276 4689 ‘lb'jum
1294 4621 1371 4688 1763,
1387 4619 1404 4690 ἓ
1419 4617 1456 4690 5).

442 4701 477 4757 Et
488 4697 558 4759 licet
568 4715 617 4759 res
632 4699 724 4760 dubia
737 4701 787 4774 sit,
802 4717 862 4760 non
878 4709 925 4761 est
943 4705 1164 4764 retractandum
1177 4705 1325 4779 judicium
1346 4708 1489 4782 episcopi,
1512 4721 1578 4766 curn
