3504 5566
835 585 886 634 JUS
907 585 1086 636 canosinam.

797 959 982 1036 rrrunus
1009 959 1149 1058 xxvn.

620 1143 663 1186 oe
689 1141 892 1187 suuruurrs
918 1141 960 1186 nr
987 1141 1030 1184 ue
1055 1140 1229 1186 ruorcsrs
1252 1123 1304 1204 (l).

413 1468 595 1532 Sententiae
610 1465 812 1549 regulariter
830 1467 1045 1548 premittitur
1063 1465 1235 1530 conclusio
1257 1465 1293 1528 in
1313 1481 1438 1529 causa:
1455 1461 1546 1526 unde

273 1559 278 1568 ’
374 1575 564 1640 successive
579 1593 721 1655 agemus
737 1573 779 1638 de
793 1574 1011 1640 conclusione
1026 1576 1061 1638 in
1081 1592 1193 1648 causa,
1210 1573 1252 1636 de
1271 1573 1345 1655 ipsa
1363 1571 1543 1644 sententia,

374 1684 414 1746 de
427 1701 463 1746 re
475 1683 636 1764 judicata,
648 1689 682 1746 et
695 1682 833 1746 tandem
847 1682 889 1746 de
902 1683 1079 1746 sententies
1095 1681 1313 1745 exsecutione
1329 1697 1368 1744 ac
1382 1680 1423 1742 de
1436 1679 1547 1761 paenis

371 1790 447 1854 latis
461 1795 579 1854 contra
593 1789 680 1854 male
691 1788 884 1872 judicantes
898 1789 953 1852 vel
968 1789 1150 1870 litigantes.

712 2027 728 2091 fi
747 2025 768 2080 l.
790 2023 829 2081 lle
848 2021 1035 2081 conclusione
1053 2023 1086 2080 tu
1105 2037 1208 2082 cause

412 2201 444 2278 o)
458 2196 624 2278 Defieritur
637 2194 809 2258 conclusio
819 2195 855 2257 in
870 2211 983 2272 causo,
995 2213 1070 2278 quse
1082 2194 1164 2258 nihil
1177 2193 1268 2258 aliud
1281 2199 1334 2256 est
1343 2210 1446 2276 quam
1461 2192 1546 2255 ulte-

372 2305 499 2367 riorum
510 2303 749 2386 probationum
764 2309 796 2363 et
812 2301 1056 2384 allegationum
1068 2303 1288 2375 ressurrectio,
1300 2317 1339 2364 ac
1354 2318 1463 2364 causor
1478 2301 1547 2382 apl-

373 2419 454 2474 tctae
469 2409 642 2476 submissio
658 2409 706 2471 od
717 2408 916 2472 decisionem
932 2429 954 2472 a
963 2409 1078 2490 judice
1091 2409 1298 2491 faciendam.
1315 2407 1383 2472 Hoc
1393 2396 1547 2488 lltdupli-

372 2519 466 2592 citer,
484 2517 583 2580 tacite
599 2520 633 2578 et
650 2533 809 2598 expresse
827 2535 834 2578 :
851 2535 1007 2600 cupressu
1025 2521 1078 2580 cst
1095 2515 1267 2580 conclusio
1285 2516 1321 2578 in
1335 2533 1448 2590 causa,
1462 2515 1544 2578 duur

372 2629 485 2706 partes
505 2624 630 2704 scripto
645 2627 705 2687 out
731 2627 892 2686 oretenus
915 2625 1113 2687 renuntiant
1136 2612 1351 2687 ulterioribus
1377 2623 1547 2705 probatio-

331 2787 334 2794 r
373 2732 488 2806 nibus;
502 2731 608 2794 tacito
622 2735 738 2794 autem
753 2735 815 2806 est,
833 2729 915 2792 dum
933 2731 1202 2796 controversiam
1221 2749 1319 2794 suam
1340 2730 1546 2794 submittunt

371 2837 535 2901 decisioni
559 2837 683 2920 judicis
712 2841 771 2901 aut
798 2841 933 2919 tempus
963 2838 1219 2920 probationibus
1247 2839 1425 2921 praefixum
1458 2835 1543 2901 elabi

373 2945 499 3008 sinunt.

409 3051 586 3116 Conclusio
605 3051 641 3114 in
655 3069 758 3116 cause
773 3057 825 3114 est
845 3052 900 3138 vel
907 3071 1002 3136 pura
1021 3071 1082 3116 seu
1104 3053 1270 3128 absoluta,
1289 3069 1364 3136 quae
1386 3050 1545 3134 simplici-

371 3165 421 3223 ter
437 3176 576 3224 causam
595 3157 775 3234 concludit,
792 3155 847 3220 vel
870 3159 1107 3222 conditionalis
1120 3179 1181 3224 seu
1200 3159 1398 3237 occulcatis,
1416 3177 1491 3242 quse
1507 3159 1545 3220 tlt
1613 3241 1616 3245 .

369 3285 447 3330 cunr
470 3265 674 3338 conditione,
697 3267 941 3347 protestatione
964 3272 1023 3330 aut
1043 3268 1285 3332 reservatione.
1306 3266 1421 3356 Potest
1443 3266 1545 3328 etiarn

369 3373 523 3438 concludi
546 3372 602 3436 vel
625 3372 660 3434 in
685 3377 755 3435 totu
778 3391 881 3436 causa
904 3373 958 3436 vel
979 3379 1112 3438 tanturn
1132 3393 1234 3456 super
1248 3373 1361 3456 aliquo
1376 3371 1542 3436 articulo:

370 3483 405 3544 in
420 3482 634 3564 primocasu,
651 3478 773 3542 dicitur
787 3480 965 3562 pecualis,
981 3481 1191 3558 insecundo,
1207 3481 1369 3566 peciolis.

410 3587 587 3653 Conclusio
611 3587 647 3649 in
670 3604 773 3650 causa
792 3585 1001 3670 probabilius
1024 3605 1094 3652 non
1117 3593 1169 3652 est
1192 3588 1233 3652 de
1257 3583 1451 3651 substantia
1468 3605 1544 3670 pro-

369 3715 485 3761 cessus
505 3694 691 3778 judicialis,
712 3713 793 3758 nam
815 3692 909 3758 nullo
934 3700 1026 3759 certo
1044 3697 1121 3778 jure
1143 3696 1335 3778 praecipitur
1357 3696 1419 3758 sub
1442 3713 1544 3778 prena

369 3805 553 3869 uitiationis
568 3821 758 3886 processus,
772 3805 806 3864 et
818 3801 902 3865 alias
914 3821 975 3884 per
985 3821 1061 3866 eam
1075 3803 1159 3866 nihil
1172 3803 1380 3867 defensionis
1393 3803 1544 3867 aufertur

368 3913 530 3995 partibus,
548 3911 608 3974 sed
623 3915 755 3974 tantum
771 3913 936 3991 suspectae
951 3909 1131 3974 dilationes
1146 3909 1321 3974 tolluntur.

408 4023 437 4104 b)
451 4021 566 4084 Partes
580 4017 752 4098 litigantes
770 4021 805 4080 et
824 4021 1022 4098 procurator
1035 4037 1115 4082 curn
1128 4018 1289 4083 mandato
1306 4017 1442 4101 speciali
1464 4035 1543 4082 cou-

367 4129 502 4194 cludere
514 4132 659 4210 possunt
672 4126 707 4188 in
722 4143 834 4200 causa,
851 4143 929 4190 cunr
946 4125 995 4188 eis
1010 4131 1179 4209 competat
1193 4127 1389 4190 renuntiare
1407 4127 1542 4190 ulterio-

367 4237 460 4300 ribus
489 4233 759 4315 allegationibus.
786 4231 903 4296 Modus
929 4251 991 4296 seu
1019 4233 1130 4298 forma
1157 4233 1380 4298 concludendi
1410 4235 1445 4297 in
1480 4233 1543 4296 boc

366 4344 554 4427 praesertim
573 4342 728 4407 consistit
752 4345 789 4403 ut
808 4339 925 4422 judex,
943 4341 1048 4404 llnitis
1069 4341 1271 4418 recessibus,
1289 4361 1349 4406 seu
1369 4341 1557 4422 allegatio.

398 4559 429 4620 (tt
445 4557 482 4606 Dc
493 4555 542 4606 hcc
552 4555 663 4606 motoria
673 4554 761 4618 egitur
776 4556 802 4602 l⁰
815 4551 843 4602 in
854 4551 929 4614 lost,
940 4550 987 4601 lib.
1000 4551 1042 4612 1v,
1056 4551 1095 4601 tlt.
1110 4563 1202 4614 xxvu3
1217 4553 1245 4602 in
1259 4551 1394 4612 Pendeat,
1410 4552 1457 4603 lib.
1469 4553 1541 4616 xtlt,

365 4639 404 4688 tit.
420 4650 430 4688 1
445 4641 472 4688 ct
485 4650 551 4702 seq.;
567 4637 595 4686 in
608 4635 714 4700 Codice,
736 4635 782 4685 lib.
804 4633 858 4696 Vll,
877 4633 918 4682 tit.
936 4643 1063 4695 xcii-cru
1080 4635 1107 4682 2·
1121 4633 1147 4682 iu
1160 4634 1224 4684 cod.
1241 4647 1342 4698 proces.
1359 4634 1442 4698 civil,
1456 4649 1479 4685 s.
1497 4639 1541 4686 llll

364 4727 391 4772 et
405 4734 471 4784 seq.,
488 4723 541 4778 135,
556 4719 612 4778 rsa,
628 4720 673 4768 tas
688 4722 715 4767 ct
726 4731 793 4780 aeq„
807 4719 863 4778 3⁴5,
878 4719 928 4765 etc.
