3488 5564
544 519 630 566 11111
652 519 802 568 seccanae
824 519 1043 567 0111111101.
1342 504 1378 566 31

205 637 367 706 mandato
386 638 535 722 episcopi
558 637 734 715 inservire,
761 639 815 703 vel
841 639 980 704 tandem
1000 639 1036 700 in
1052 635 1233 700 seminario
1246 635 1383 700 clerieo-

202 767 280 812 rum
295 753 356 814 aut
374 746 508 820 scholia,
525 745 566 810 de
589 745 726 810 licentia
747 747 906 830 episcopi,
929 747 1067 810 versari.
1092 745 1149 808 Hae
1170 745 1382 810 conditiones

202 856 424 940 requiruntur
439 874 479 918 ex
494 872 588 918 conc.
605 853 704 930 Trid,
720 872 803 918 sess.
819 855 868 930 23,
885 873 956 937 cap.
974 857 1004 932 s,
1023 853 1064 915 cle
1082 853 1228 934 Reform.

241 963 275 1027 Ψ
297 961 481 1042 Regulares
496 963 672 1046 utriusque
684 981 798 1038 sexus,
811 981 881 1026 non
896 963 975 1045 quia
989 967 1069 1024 sunt
1081 979 1124 1022 ex,
1134 961 1247 1043 aliquo
1263 959 1380 1023 ordine

201 1071 431 1136 ecclesiastico
445 1071 607 1152 insigniti,
625 1071 685 1134 sed
699 1072 778 1154 quia
792 1072 955 1154 obsequio
972 1071 1086 1134 divino
1101 1074 1182 1134 sunt
1193 1067 1382 1152 specialiter

201 1181 396 1263 mancipati.
426 1179 564 1243 Constat
587 1198 629 1243 ex
647 1179 749 1242 variis
776 1179 925 1243 textibus
951 1181 1128 1262 utriusque
1148 1177 1246 1260 juris.
1264 1176 1302 1239 Et
1317 1176 1382 1240 hoc

201 1287 381 1369 privilegio
396 1293 540 1352 utuntur
554 1289 658 1352 etiam
672 1289 802 1364 novitii,
820 1289 890 1351 imo
916 1291 949 1350 et
965 1287 1105 1352 tertiarii
1120 1287 1151 1350 S.
1167 1285 1333 1349 Dominici
1348 1289 1382 1348 11

201 1395 235 1458 S.
252 1395 429 1472 Francisoi,
446 1395 566 1460 saltem
581 1396 610 1460 si
625 1395 660 1460 in
675 1397 848 1462 communi
864 1398 997 1472 vivant;
1018 1397 1065 1461 ita
1079 1399 1114 1459 et
1128 1393 1278 1474 religiosi
1293 1392 1381 1457 ordi·
1490 1487 1491 1492 ἵ

202 1523 287 1566 num
301 1503 508 1568 militarium.
903 1527 906 1532 ·

243 1613 275 1674 3ο
290 1611 450 1678 Rectores
478 1613 697 1698 hospitalium
722 1611 904 1698 episcopali
918 1613 1117 1680 auctoritate
1133 1617 1334 1676 erectorum.
1352 1609 1380 1672 si

202 1719 331 1800 degant
346 1722 436 1786 intra
450 1721 581 1787 domos.

242 1827 274 1890 1ο
291 1829 354 1905 Qui
379 1835 459 1892 sunt
473 1829 514 1894 de
538 1831 676 1906 familia,
704 1850 764 1895 seu
779 1831 973 1905 familiares
992 1829 1150 1913 episcopi,
1177 1847 1299 1911 nempe
1324 1829 1381 1910 qui

197 1937 300 2018 juxta
313 1937 596 2002 consuetudinem
609 1937 673 2004 loci
689 1959 750 2022 pro
775 1938 974 2004 officialibus
990 1957 1050 2002 seu
1066 1935 1285 2002 familiaribus
1301 1943 1381 1999 sunt

200 2044 318 2108 habiti.
336 2045 460 2110 Verum

244 2151 273 2234 d)
287 2153 432 2232 0111101
447 2155 621 2238 praudeant
635 2154 905 2238 boeprlm'lepto?

242 2259 341 2344 Resp.
363 2261 395 2324 l⁰
407 2261 523 2326 Clerici
538 2263 713 2344 degradati
734 2267 767 2326 et
781 2263 881 2326 0111111
898 2265 1050 2329 saeculari
1066 2265 1175 2330 traditi
1191 2267 1229 2350 (c.
1246 2267 1312 2330 111.
1332 2265 1377 2346 tl.

242 2369 274 2432 θ’
290 2367 353 2443 Qui
368 2375 420 2432 ter
433 2370 475 2433 ab
491 2369 650 2453 episcopo
664 2369 785 2434 moniti
800 2389 869 2434 non
896 2371 1054 2436 deferunt
1077 2375 1230 2438 habitum
1255 2378 1289 2438 11
1304 2377 1378 2438 ton-

200 2495 329 2542 suram.

240 2587 274 2650 3·
286 2585 377 2649 Reus
391 2586 574 2666 homicidii,
585 2593 663 2671 post
675 2590 880 2654 sententiam
897 2589 1153 2656 declaratoriam
1163 2591 1323 2667 criminis,
1337 2609 1380 2655 ex

200 2696 445 2760 constitutione
462 2695 625 2760 Clamant.
639 2697 708 2761 Vlll
724 2699 762 2762 18
778 2698 850 2762 deo.
868 2700 957 2762 15911.

238 2805 272 2867 4⁰
283 2803 317 2867 Si
341 2805 490 2869 demisso
508 2806 626 2871 habitu
640 2806 785 2872 clericali
801 2809 955 2872 enormia
970 2809 1112 2874 crimina
1127 2811 1328 2886 committat,
1345 2815 1379 2874 et

198 2917 278 2995 post
288 2913 411 2976 trinam
427 2915 575 2996 episcopi
586 2916 813 2979 monitionem
826 2934 896 2980 111
910 2917 1086 2999 resipiscat
1093 2917 1214 3000 aliquis
1222 2917 1375 2994 clericus,

198 3022 354 3104 privatur
368 3023 471 3086 etiam
486 3023 550 3086 boc
564 3023 753 3106 priuilegio.
803 3019 809 3030 '

241 3127 280 3194 ll.
295 3130 336 3194 In
347 3131 549 3212 quibusnam
560 3119 669 3196 carreis
679 3134 790 3198 clerici
798 3137 993 3199 eximantur
1005 3155 1026 3198 a
1031 3135 1267 3216 jurisdictione
1276 3154 1377 3200 secre-

200 3237 296 3301 lori?

239 3349 272 3426 a)
291 3347 488 3412 Generatim
503 3349 538 3412 in
561 3349 723 3412 omnibus
738 3353 850 3416 causis
866 3352 901 3414 in
916 3354 1038 3438 quibus
1052 3373 1121 3418 101
1143 3357 1195 3418 est
1210 3354 1373 3435 exceptio,

198 3455 246 3519 ita
261 3461 299 3518 ut
313 3457 425 3520 nullus
437 3458 544 3539 judex
561 3457 731 3522 saecularis
745 3461 854 3542 possit
863 3481 925 3542 per
935 3481 971 3525 se
983 3463 1135 3544 judicare
1150 3461 1376 3526 1111011111-

197 3583 281 3628 nare
305 3564 455 3640 clericos,
487 3565 551 3630 nisi
576 3585 679 3649 super
701 3568 765 3632 hos
788 3569 913 3632 habeat
933 3569 1121 3650 legitimam
1148 3569 1319 3634 licentiam
1343 3575 1377 3634 et

197 3675 477 3738 commissionem
492 3675 677 3740 aRomano
692 3675 853 3741 Pontifice
868 3678 923 3741 vel
939 3679 1108 3761 episcopo.

239 3781 311 3846 lmo
321 3783 415 3848 nulla
428 3785 651 3860 consuetudo,
662 3787 765 3850 etiam
780 3787 1047 3864 immemorialis,
1064 3788 1156 3853 illam
1171 3792 1375 3870 potestatem

197 3894 384 3958 concedere
408 3891 500 3959 valet
520 3895 626 3978 judici
652 3895 822 3972 saeculam
847 3897 920 3960 haeo
945 3897 1037 3960 enim
1057 3895 1268 3960 consuetudo
1285 3903 1376 3958 esset

198 4005 435 4070 irrationabilis
452 4011 485 4069 et
499 4007 657 4082 invalida,
672 4007 726 4071 cui
749 4008 833 4072 sacri
853 4025 1001 4072 canones
1016 4008 1190 4082 resistunt,
1207 4026 1239 4070 v.
1256 4025 1288 4086 g.
1305 4004 1375 4086 Syl-

196 4111 294 4178 labus
308 4133 440 4197 paragr.
457 4113 482 4178 V
497 4115 532 4178 in
546 4115 833 4198 propositionibus
848 4135 941 4198 seqq.
960 4135 967 4178 :
1070 4153 1076 4169 ,

239 4221 334 4286 llllli.
352 4223 506 4288 Ecclesia
532 4230 567 4290 11
580 4243 804 4308 personarum
819 4224 1123 4290 ecclesiasticarum
1141 4222 1339 4287 immunitas
1354 4239 1375 4286 a

193 4329 272 4411 jure
296 4331 385 4396 civili
409 4338 522 4397 ortum
537 4333 655 4398 habuit
679 4334 762 4416 (Litt.
788 4339 896 4416 apost.
918 4332 1120 4416 Multiplices
1136 4332 1372 4416 taterldjunii

197 4437 299 4520 1871).
1408 4524 1411 4530 ¹

237 4545 348 4611 lllllll.
373 4547 643 4616 Ecclesiastieum
672 4549 785 4616 lorum
817 4567 878 4636 pro
906 4549 1147 4634 temporalibus
1172 4549 1372 4616 clericorum

196 4659 308 4722 causis
333 4663 404 4723 sive
427 4659 582 4725 civilibus
599 4661 670 4724 sive
696 4659 926 4726 criminalibus
951 4661 1090 4725 omnino
1113 4661 1154 4725 de
1176 4659 1289 4724 medio
1310 4657 1373 4722 tol-
