3504 5568
367 593 426 658 als
825 605 877 652 ros
898 603 1077 654 canonicor.

365 744 436 790 non
450 725 563 790 minus
578 723 727 806 pretiosa
741 727 794 788 est
813 742 896 788 auro
920 729 955 788 et
969 729 1129 806 argentm
1145 723 1346 807 supponitur
1361 720 1452 807 quod
1467 741 1538 789 non

368 833 412 896 sit
425 832 611 916 periculum
627 835 666 894 ut
678 831 889 912 effringatur,
905 831 960 896 vel
975 849 1087 897 sacras
1100 831 1230 915 specics
1247 832 1398 896 imbibat.

407 941 440 1004 t·
451 939 597 1004 Materia
611 939 773 1021 requisito
786 939 842 1003 vet
855 939 956 1004 licita.
973 939 1131 1024 Sequitur
1146 959 1189 1004 ex
1203 940 1310 1016 dictis,
1328 939 1418 1023 quod
1434 943 1539 1004 mate·

369 1050 419 1113 ria
438 1047 550 1113 calicis
571 1051 606 1111 et
628 1051 760 1129 patanae
783 1052 862 1130 apta
891 1047 934 1111 sit
959 1066 1081 1112 aurum
1103 1047 1159 1113 vel
1180 1053 1360 1130 argentum
1382 1067 1389 1109 :
1411 1049 1540 1131 quanto

369 1156 550 1240 pretiosius
565 1158 618 1218 est
630 1171 753 1237 corpus
768 1159 802 1218 et
822 1155 961 1235 sanguis
973 1154 1119 1232 Domini,
1136 1159 1230 1220 tanto
1243 1154 1445 1238 pretiosiora
1463 1171 1540 1218 esse

370 1263 497 1330 debent
517 1281 600 1328 vasa
624 1263 659 1326 in
681 1263 803 1346 quibus
825 1268 1054 1327 asservantur.
1069 1263 1107 1328 ln
1122 1265 1214 1328 rubr.
1230 1264 1318 1328 ltfiss.
1337 1262 1433 1326 Rom.
1459 1259 1541 1342 legi-

370 1389 464 1436 mus:
479 1397 494 1428 «
504 1370 595 1436 Galia
606 1371 707 1434 debet
722 1389 797 1434 esse
811 1388 936 1434 aureus
946 1369 1001 1434 vel
1008 1375 1202 1452 argenteus,
1215 1371 1271 1435 vel
1285 1370 1405 1435 saltem
1415 1370 1541 1434 habere

370 1497 515 1563 cuppam
525 1483 724 1560 argenteam
738 1479 829 1542 intus
843 1477 1048 1556 inauratam
1065 1503 1080 1536 »
1095 1480 1130 1542 in
1146 1480 1210 1543 hoc
1226 1479 1346 1543 ultimo
1368 1495 1461 1554 casu,
1477 1495 1539 1560 pes

371 1605 447 1652 esse
457 1591 571 1670 potest
581 1605 622 1652 ex
637 1584 787 1670 qualibet
799 1585 942 1650 materia
956 1585 1064 1650 solida
1078 1591 1112 1649 et
1123 1587 1262 1651 munda.

411 1696 656 1760 Permittuntur
678 1695 781 1759 etiam
804 1695 925 1760 calices
948 1715 991 1760 ex
1012 1694 1175 1760 aluminio
1194 1714 1263 1761 non
1277 1714 1374 1778 puro,
1394 1693 1453 1758 sed
1468 1691 1541 1757 allis

372 1803 517 1869 metallis
536 1803 755 1868 validioribus
776 1804 973 1880 commixto,
997 1807 1128 1870 attenta
1150 1807 1349 1887 paupertate
1373 1800 1541 1876 ecclesiae;

373 1909 432 1976 sed
453 1911 636 1994 requiritur
658 1914 696 1974 ut
719 1929 828 1994 cuppa
857 1910 968 1974 calicis
993 1915 1027 1974 et
1049 1916 1174 1994 patena
1205 1912 1242 1974 in
1272 1915 1343 1975 tota
1366 1909 1545 1992 superficie

372 2023 514 2100 argento
527 2019 620 2102 prius
636 2024 670 2082 et
693 2017 814 2082 deinde
829 2035 923 2093 auro,
946 2018 983 2081 in
1001 2020 1153 2101 partibus
1176 2018 1341 2084 arubn‘ca
1361 2016 1544 2101 requisitis,

374 2128 575 2191 obturentur
592 2146 598 2188 :
613 2127 660 2190 ita
674 2125 706 2189 S.
724 2125 889 2206 Congreg.
905 2125 981 2202 itit,
998 2127 1017 2189 9
1032 2127 1103 2192 dec.
1120 2127 1208 2190 laco.
1228 2126 1266 2190 ln
1280 2125 1387 2190 altera
1400 2123 1549 2189 declara-

374 2234 477 2310 tione,
493 2233 745 2298 distinctissime
759 2232 926 2297 indicatur
939 2233 1062 2298 modus
1076 2233 1255 2300 inaurandi
1273 2232 1393 2298 calices
1411 2251 1454 2298 ex
1476 2229 1547 2296 alu-

374 2340 479 2405 minio
493 2342 676 2406 confectos.

416 2447 468 2510 An
489 2447 641 2512 adhiberi
662 2447 794 2531 possint
806 2448 928 2514 calices
942 2454 976 2513 et
989 2453 1122 2533 patenae
1137 2468 1180 2514 ex
1192 2468 1271 2526 aare,
1288 2447 1477 2512 aurichalco
1491 2444 1548 2510 vel

376 2559 511 2632 stanno,
527 2555 663 2638 quando
680 2555 897 2632 deaurantur,
914 2555 1055 2620 dubium
1080 2561 1142 2632 est,
1160 2561 1199 2620 ut
1213 2561 1331 2620 monet
1345 2555 1376 2619 S.
1394 2553 1547 2636 ligorius

375 2661 500 2743 (Tbeot
530 2681 628 2740 moa,
657 2662 680 2726 l.
704 2663 755 2740 Vl,
773 2673 808 2728 n⁰
824 2663 911 2746 370);
930 2665 1045 2729 verius
1064 2664 1261 2746 negandum
1285 2668 1347 2740 est,
1369 2681 1411 2727 ex
1433 2661 1547 2727 verbis

376 2769 516 2835 rubricae
532 2788 634 2854 supra
648 2769 783 2836 relatis:
799 2776 892 2836 certo
906 2775 958 2836 est
971 2772 1113 2837 materia
1128 2771 1445 2836 dudie‘consecrata.

415 2877 448 2940 3⁰
468 2877 516 2941 Ex
539 2878 696 2960 analogia
710 2878 947 2944 destinationis
968 2885 1003 2944 et
1027 2899 1069 2944 ex
1084 2879 1223 2945 Caram.
1240 2881 1350 2964 episc,
1366 2879 1388 2942 l.
1410 2877 1448 2956 ll,
1469 2896 1497 2942 c.
1514 2879 1546 2956 3,

376 2984 546 3066 colligitur
559 2985 650 3068 quod
673 2986 771 3069 pyxis
792 2991 827 3050 et
848 2986 967 3052 lunula
989 2987 1169 3053 ostensorii
1196 3007 1239 3052 ex
1261 2987 1381 3052 eadem
1404 2986 1550 3050 materia

377 3093 496 3158 confici
511 3093 635 3158 debent
648 3111 687 3158 ac
699 3093 820 3158 calices
834 3100 868 3158 et
882 3101 1025 3178 patenae.

418 3200 450 3282 b)
474 3199 686 3265 Consecratio
708 3201 821 3264 calicis
844 3210 877 3265 et
891 3211 1039 3286 patenae.
1066 3205 1096 3266 1⁰
1111 3204 1243 3268 llebent
1257 3221 1331 3268 esse
1351 3205 1551 3268 consecrata

378 3308 445 3372 ritu
462 3313 497 3372 et
516 3309 674 3392 precibus
688 3311 730 3374 ab
743 3308 891 3374 Ecclesia
906 3311 1122 3395 praescriptis,
1149 3317 1187 3374 ut
1206 3309 1357 3377 adhiberi
1380 3311 1416 3373 in
1433 3309 1550 3373 missa

345 3467 350 3485 .
380 3415 542 3481 sacrificio
550 3415 692 3498 possint.
703 3415 950 3481 Necsulftceret
965 3417 1056 3501 quod
1071 3417 1107 3481 in
1119 3417 1195 3493 illis,
1207 3417 1361 3484 nondum
1375 3431 1549 3482 cousecra-

380 3523 433 3598 tls‚
450 3523 602 3588 oblatum
617 3524 720 3588 fuerit
733 3524 935 3588 sacriflcium
949 3525 1074 3601 missae,
1091 3525 1171 3608 quia
1185 3529 1361 3589 contactus
1377 3541 1549 3589 sacrarum

380 3631 569 3714 specierum
583 3636 721 3696 nonest
740 3631 886 3715 juridica
911 3631 1083 3716 deputatio
1108 3637 1142 3696 et
1165 3631 1331 3697 ordinatio
1355 3631 1398 3696 ad
1420 3631 1549 3697 sacrifl-

378 3739 470 3804 cium
482 3759 489 3802 :
503 3740 550 3805 ita
563 3739 663 3804 hodie
675 3741 867 3805 communis
882 3741 1037 3805 omnium
1051 3741 1229 3805 sententia.

419 3851 452 3912 2⁰
474 3849 549 3914 llaec
571 3851 780 3916 consecratio
800 3847 873 3914 fleri
897 3849 997 3914 debet
1016 3851 1058 3914 ab
1084 3849 1252 3933 episcopo,
1278 3851 1335 3934 qui
1355 3850 1551 3916 facultatem
1581 3897 1588 3902 .

380 3960 599 4024 consecrandi
624 3961 743 4044 nequit
768 3960 980 4025 committere
1006 3959 1149 4042 simplici
1173 3960 1349 4025 sacerdoti.
1379 3959 1446 4026 Sed
1472 3961 1552 4024 sim-

380 4067 484 4149 plices
504 4067 697 4132 sacerdotes
722 4087 764 4131 ex
786 4065 965 4150 privilegio
989 4066 1175 4148 apostolico
1199 4067 1262 4131 hac
1284 4067 1443 4132 facultate
1467 4086 1551 4149 gau·

381 4174 461 4238 dere
475 4179 634 4257 possunt;
658 4175 706 4240 sic
720 4175 860 4240 abbates
874 4173 930 4238 vel
943 4173 1073 4256 praelati
1087 4173 1262 4255 regulares
1277 4175 1334 4258 qui
1354 4193 1456 4238 usum
1470 4192 1552 4258 pon·

381 4282 554 4348 tiflcalr'um
568 4283 706 4360 babent,
732 4303 774 4348 ex
796 4283 854 4350 tali
877 4283 1054 4367 privilegio
1072 4283 1184 4350 solent
1202 4284 1323 4349 calices
1340 4301 1550 4357 consecrare,

381 4392 440 4456 sed
455 4411 515 4476 pro
526 4393 597 4457 suis
611 4392 761 4458 ecclesiis
776 4397 920 4470 tantum,
936 4411 1006 4458 non
1016 4411 1098 4458 vero
1116 4411 1177 4475 pro
1192 4392 1277 4468 allis,
1302 4397 1341 4456 ut
1358 4395 1492 4458 coustm
1510 4411 1553 4456 ex

381 4497 606 4565 declaratione
622 4501 654 4563 S.
672 4499 836 4583 Congreg.
853 4501 918 4564 Rit.
934 4501 972 4562 tt
995 4505 1079 4583 sept.
1100 4499 1189 4565 1659.
1204 4499 1330 4566 Tamen
1344 4499 1552 4565 consecratio

381 4625 443 4690 pro
453 4607 526 4672 aliis
538 4608 727 4673 factaesset
738 4609 860 4684 valida,
876 4608 955 4673 licet
969 4606 1093 4673 illicita.

421 4714 453 4780 3ο
468 4714 660 4780 Notandum
675 4716 831 4799 estquod
845 4716 943 4798 pyxis
958 4720 992 4783 et
1009 4714 1127 4782 lunula
1150 4716 1331 4784 ostenscrii
1354 4734 1423 4784 non
1436 4731 1552 4782 conse-
