3498 5572
556 577 643 624 creua
664 577 791 626 rrarrus
812 577 1035 626 oscncrtnruu.
1327 561 1388 628 399
1457 627 1460 638 ,

206 695 336 772 tudine,
352 694 478 780 aliquid
501 697 718 762 moderatum
741 699 810 782 peti
824 703 948 783 potest,
966 700 1157 782 praesertim
1175 699 1204 762 si
1217 699 1386 781 parochus

206 803 342 868 aliunde
356 821 428 868 non
443 804 567 871 habeat
581 810 835 889 competentem
853 807 1158 883 sustentationem
1186 807 1267 882 imo,
1289 803 1333 871 ex
1352 807 1386 870 vi

205 910 462 976 consuetudinis
473 913 783 996 pensionemistam
791 915 929 996 exigere
939 919 1062 998 potest,
1072 914 1135 980 etsi
1143 914 1326 979 defunctus
1338 932 1388 978 se·

205 1018 352 1101 peliatur
365 1019 400 1083 in
417 1019 863 1105 ecclesiaprivilegiataquae
872 1020 916 1086 ad
929 1027 1086 1105 quartam
1099 1021 1306 1086 funeralium
1316 1039 1386 1086 non

178 1205 182 1214 ,
206 1134 351 1194 tenetur.
365 1129 658 1214 Cesterispetibus,
671 1135 839 1216 parochus
852 1151 922 1198 non
932 1137 1046 1217 potest
1058 1136 1227 1216 majorem
1238 1133 1387 1198 eleemo-

205 1255 327 1320 synam
343 1239 481 1321 exigere
499 1257 560 1324 pro
580 1240 756 1324 sepultura
773 1243 974 1320 forensium,
990 1261 1095 1325 quma
1112 1241 1312 1308 incolarum.
1335 1243 1385 1307 lta

205 1344 331 1427 pluries
351 1346 383 1410 S.
401 1345 522 1429 Congr.
539 1347 646 1432 Episc.
676 1355 710 1414 et
732 1349 815 1432 Reg.
842 1349 910 1414 Sed
923 1351 1131 1434 pauperihus
1151 1352 1256 1414 funus
1278 1351 1384 1431 gratis

205 1453 278 1519 lleri
307 1454 418 1519 dehet.
441 1453 573 1521 Ritunle
598 1457 791 1522 Romanum
814 1464 934 1523 monet
949 1459 1124 1524 ministros
1140 1460 1385 1524 ecclesiasticos

204 1582 265 1648 pro
280 1563 401 1628 funere
414 1563 498 1629 nihil
508 1565 645 1645 exigere
656 1591 671 1624 a
688 1571 853 1650 tanquam
863 1568 1023 1651 pretium,
1037 1568 1097 1632 sed
1108 1569 1149 1633 iis
1158 1567 1385 1651 eleemosynis

205 1677 384 1738 contentos
408 1692 483 1740 esse
502 1695 578 1758 quae
598 1681 657 1742 aut
677 1677 820 1759 probate
836 1677 1085 1742 consuetudine
1102 1677 1174 1743 dari
1187 1677 1309 1754 solent,
1327 1682 1386 1742 aut

205 1780 395 1846 ordinarius
411 1785 625 1848 constituerit
640 1809 667 1847 a.
682 1785 854 1868 Approhat
872 1803 954 1866 ergo
971 1785 1226 1868 impositionem
1241 1785 1385 1866 alicuius

205 1895 292 1956 texae
307 1893 492 1961 moderatae
505 1900 540 1959 et
552 1894 707 1976 legitima
720 1896 922 1960 auctoritate
934 1895 1115 1979 impositas.

244 2001 271 2082 c)
286 1999 324 2064 In
338 2001 541 2085 quibusdam
556 2001 691 2067 casibus
703 2004 815 2086 portio
830 2004 994 2068 canonica
1007 2022 1077 2068 non
1094 2003 1248 2068 debetur.
1265 2004 1296 2066 1⁰
1311 2001 1384 2068 Non

206 2110 348 2176 debetur
360 2130 403 2176 ex
416 2113 457 2176 iis
475 2133 550 2196 quae
567 2113 749 2178 defunctus
765 2113 902 2198 reliquit
915 2113 989 2180 aliis
1005 2113 1156 2180 ecclesiis
1174 2114 1217 2178 ab
1242 2111 1385 2178 ecclesia

204 2239 275 2284 suae
291 2221 474 2304 sepulturae
487 2222 667 2288 distinctis.

243 2329 275 2391 2⁰
301 2329 349 2392 Ex
376 2348 416 2395 eo
446 2332 537 2414 quod
565 2330 721 2396 relictum
751 2337 803 2396 est
832 2331 983 2396 ecclesiae
1011 2331 1047 2396 in
1076 2351 1143 2416 qua
1171 2331 1383 2416 sepulturum

205 2435 384 2502 defunctus
399 2439 537 2522 accepit,
553 2457 615 2522 pro
629 2440 851 2515 ornamentis,
863 2441 1000 2516 fabrice,
1014 2441 1259 2518 anniversario,
1277 2445 1340 2503 etc.

242 2547 275 2609 3ο
289 2545 323 2610 Si
334 2546 487 2628 legatum
500 2547 544 2612 sit
557 2549 686 2633 aliquid
697 2555 902 2614 testamento
918 2555 997 2614 ante
1013 2549 1224 2633 sepulturam
1239 2549 1383 2614 electam

203 2656 351 2732 condito,
368 2656 522 2741 adeoque
536 2656 810 2740 independenter
823 2677 844 2722 a
858 2657 1033 2742 sepultura
1048 2656 1165 2723 electa.

243 2764 277 2828 4ο
300 2763 333 2828 Si
352 2763 494 2830 ecclesie
514 2764 715 2849 parochialis
735 2765 793 2828 diu
817 2765 919 2829 nimis
941 2766 1076 2830 vacavit
1090 2770 1128 2829 ut
1143 2765 1323 2830 defunctus
1347 2767 1382 2829 in

204 2874 262 2940 ille
282 2881 400 2940 sancta
413 2873 548 2959 elinque
569 2875 684 2940 divina
697 2874 872 2958 percipere
888 2892 959 2939 non
976 2876 1146 2958 potuerit3
1170 2880 1251 2939 tunc
1271 2880 1383 2940 cessat

204 2983 290 3048 ratio
311 2982 401 3046 illius
421 2983 587 3066 portionis
610 2983 798 3066 exigendae.
820 2981 870 3046 lte
892 2984 1085 3047 eommunis
1106 2983 1259 3048 doctrina
1282 3001 1382 3048 cano

204 3092 382 3157 nistarum.
789 3081 792 3088 ’

243 3201 275 3263 5⁰
293 3199 366 3266 Non
390 3200 534 3266 debetur
554 3203 658 3267 etiam
677 3200 719 3266 de
741 3201 914 3266 intortitiis
939 3206 974 3266 et
994 3200 1144 3266 candelis
1169 3219 1253 3285 quas
1273 3220 1383 3266 sacer-

204 3309 311 3386 dotes,
326 3309 429 3374 etiam
444 3310 632 3393 regulares,
646 3309 758 3374 funeri
771 3311 982 3386 assistentes,
997 3309 1203 3374 manualiter
1216 3329 1277 3393 per
1291 3310 1382 3374 viam

203 3415 370 3482 deferunt.
387 3417 437 3482 lta
450 3417 653 3482 Benedictus
665 3416 736 3480 XIll
751 3417 787 3481 in
802 3421 912 3482 const.
929 3417 1101 3482 Romanus
1115 3416 1287 3499 Pontifex.

242 3527 275 3590 6⁰,
302 3525 452 3590 Tandem
477 3544 548 3591 non
576 3525 720 3590 debetur
744 3526 786 3590 de
809 3525 935 3600 missis,
961 3523 1100 3606 legalis,
1127 3525 1379 3603 anniversariis,

202 3635 322 3718 hisque
345 3634 512 3698 similibus
531 3634 595 3717 piis
618 3633 743 3698 relictis
768 3633 804 3697 in
830 3635 986 3699 favorem
1001 3633 1152 3698 ecclesie
1168 3633 1378 3697 tumulantis.

203 3741 253 3808 lto
266 3743 467 3808 Benedictus
478 3742 562 3820 lllll,
576 3744 612 3808 in
626 3743 815 3809 eadconst.
1318 3765 1319 3768 ¹
