3510 5574
569 547 655 604 trate'e
677 548 804 604 suerrus
825 547 1047 604 optassemus.
1341 528 1402 600 259

219 679 254 738 et
269 673 453 758 collegiata,
469 678 572 756 prout
590 673 625 736 in
643 673 786 739 ecclesia
800 671 984 738 cathedrali
1008 669 1065 736 vel
1085 669 1265 752 collegiata
1278 671 1403 734 consti-

218 786 331 848 tutum
344 787 407 848 est.
419 781 548 848 Dicitur
561 781 874 865 metropolitanum,
894 779 1032 864 quando
1047 778 1190 844 ecclesia
1201 776 1404 844 cathedralis

218 895 272 953 est
292 887 502 973 metropolis.
519 889 552 952 3⁰
574 887 728 972 capitula
750 887 854 952 etiam
878 887 1078 952 dividuntur
1103 887 1138 951 in
1161 893 1342 952 nummata
1370 890 1405 950 et

218 1015 286 1062 oon
299 1005 493 1075 numerato,
509 1000 612 1078 prout
630 1013 797 1062 numerus
816 995 1060 1060 canonicorum
1083 1000 1137 1060 est
1158 994 1404 1060 determinatus

218 1105 274 1170 vei
288 1123 360 1171 non
375 1105 633 1170 determinatus.

257 1215 284 1297 c)
299 1213 351 1278 Ad
361 1213 548 1296 capitulum
562 1212 725 1278 saeoularc
742 1215 775 1277 1⁰
787 1213 963 1295 pertinent
976 1212 1041 1278 soli
1056 1212 1223 1289 canonici,
1235 1229 1307 1276 non
1321 1231 1404 1277 vero

218 1321 331 1386 cleriei
351 1321 551 1404 portionarii
566 1326 600 1384 et
621 1320 734 1386 caeteri
756 1320 949 1394 beneficiati
970 1320 1006 1383 in
1029 1319 1151 1385 eadem
1171 1319 1322 1396 ecclesia,
1339 1320 1406 1384 niei

219 1448 340 1496 vocem
360 1430 397 1494 in
419 1429 567 1512 capitulo
591 1429 802 1496 obtinuerint
827 1429 965 1512 speciali
992 1433 1120 1494 statuto
1143 1429 1200 1494 vel
1222 1435 1406 1494 consuetu-

221 1539 309 1604 dine.
325 1539 376 1602 Ad
390 1538 577 1622 capitulum
596 1539 755 1620 regulare
776 1539 952 1622 pertinent
967 1537 1030 1604 soli
1045 1539 1202 1622 professi,
1219 1540 1255 1602 in
1272 1538 1406 1604 subdie-

220 1653 344 1714 conatu
368 1648 490 1713 saltem
513 1648 706 1726 constituti,
729 1649 796 1714 nisi
813 1648 934 1730 regula
956 1667 977 1713 a
1001 1647 1125 1713 Sancta
1153 1646 1239 1712 Sede
1264 1648 1407 1730 probata

220 1755 297 1840 plus
312 1756 368 1820 vel
382 1757 497 1822 miuus
511 1757 672 1840 requirat.
688 1755 843 1822 ltaconc.
857 1755 959 1831 Trid,
974 1775 1000 1820 s.
1015 1756 1065 1832 Et,
1079 1775 1108 1820 c.
1120 1756 1150 1834 el,
1167 1753 1304 1838 deitas,
1315 1756 1406 1840 quod

220 1865 411 1944 generatim
427 1865 574 1930 declarat
587 1883 709 1930 vocem
724 1865 872 1930 activam
887 1864 928 1928 iis
948 1867 1082 1928 tantum
1097 1870 1292 1948 competere
1307 1883 1407 1930 cano-

221 1973 305 2036 nicis
321 1978 355 2036 et
368 1973 532 2056 professis
547 1973 651 2057 quiin
665 1973 854 2056 majon’bus
869 1977 950 2036 sunt
962 1971 1148 2036 constituti.

260 2081 293 2144 pa
307 2080 496 2161 Dignitates
519 2099 655 2146 summo
676 2083 754 2163 jure
780 2099 850 2145 non
871 2080 1046 2164 pertinent
1064 2079 1109 2144 ad
1126 2081 1325 2164 capitulum,
1342 2081 1407 2148 nisi

221 2187 324 2252 simul
338 2189 407 2252 sint
419 2189 585 2265 canonici,
597 2188 654 2252 vel
669 2207 713 2252 ex
727 2187 804 2269 lege
817 2187 1029 2252 fundationis
1042 2193 1102 2252 aut
1117 2207 1160 2252 ex
1174 2189 1316 2272 antiqua
1327 2207 1408 2254 oon-

222 2297 402 2362 suetudine
432 2316 531 2364 secus
553 2297 716 2362 obtineat.
736 2296 910 2380 Excipitur
933 2303 1050 2362 tamen
1072 2298 1108 2361 in
1132 2295 1302 2381 aliquibus
1323 2297 1408 2364 locis

221 2405 382 2482 decanus,
400 2407 468 2490 qui,
484 2405 564 2470 lieet
577 2405 762 2488 praebeuda
782 2404 971 2470 canonicali
992 2410 1118 2482 careat,
1133 2405 1271 2488 capituli
1291 2411 1408 2470 tanmn

221 2514 361 2578 nomine
381 2514 586 2590 continetur,
612 2513 692 2598 quia
712 2519 764 2578 est
785 2518 889 2597 ceput
911 2515 1171 2590 canonicorum;
1196 2519 1241 2591 at,
1265 2514 1307 2578 de
1328 2518 1407 2598 jure

221 2623 407 2698 communi,
433 2622 618 2688 decanatus
642 2639 712 2686 non
734 2627 788 2685 est
811 2621 971 2704 dignitas,
989 2621 1050 2688 sed
1074 2621 1220 2704 simplex
1244 2621 1405 2688 officium.

222 2729 465 2794 Verumtamen
480 2729 544 2794 etsi
559 2729 743 2810 dignitates
763 2747 834 2794 non
853 2730 923 2794 sint
944 2730 986 2794 de
1009 2729 1169 2814 capitulo,
1186 2749 1250 2794 nec
1271 2729 1408 2795 stallum

222 2837 370 2902 habeant
390 2838 426 2900 in
441 2837 545 2902 choro
565 2855 629 2902 nec
645 2855 768 2901 vocem
791 2837 828 2901 in
849 2843 1024 2901 conventu
1047 2837 1303 2916 canonicorum,
1322 2857 1407 2921 pree-

223 2944 349 3010 cedunt
367 2950 483 3008 tamen
502 2944 663 3007 omnibus
684 2944 869 3020 canonicis,
888 2945 971 3008 dum
990 2943 1165 3011 celebrant
1183 2946 1407 3012 solemniores

223 3052 415 3117 functiones
443 3057 503 3117 aut
531 3052 691 3134 episcopo
719 3051 904 3116 celebranti
934 3051 1110 3116 assistunt.
1136 3053 1320 3138 Episcopus
1353 3054 1407 3118 vel

223 3159 384 3242 praelatus
405 3177 475 3224 nou
496 3149 646 3243 pertinet
667 3159 828 3250 etiamad
843 3159 1040 3242 capitulum,
1058 3161 1137 3244 quia
1150 3167 1252 3244 caput
1266 3181 1287 3225 a
1300 3180 1408 3226 mem-

223 3268 293 3332 bris
307 3267 539 3348 distinguitur,
557 3270 592 3330 et
605 3267 685 3350 quie
697 3266 733 3332 in
750 3267 850 3332 titulo
866 3267 1033 3349 superiori
1049 3267 1210 3350 praelatus
1225 3287 1245 3333 a
1259 3269 1407 3350 capitulo

224 3381 262 3440 ut
275 3392 436 3458 expresse
450 3374 629 3440 distinctus
644 3374 795 3459 ponitur.

591 3567 622 3618 11.
639 3568 680 3618 De
694 3565 898 3619 convocatione
912 3564 1039 3630 capituli.

264 3703 297 3786 α)
318 3699 472 3768 Potestas
499 3700 710 3766 convocandi
737 3699 925 3784 capitulum
951 3701 1182 3784 principaliter
1207 3709 1336 3786 spectat
1364 3705 1408 3770 ad

224 3809 403 3896 praelatum
416 3808 587 3885 Ecclesiam
600 3809 711 3873 sirem
726 3809 868 3891 majoris
883 3810 1051 3874 momenti
1063 3817 1233 3892 proponat
1247 3813 1405 3896 capitulo,

225 3919 259 3983 id
281 3937 352 3984 non
373 3918 475 3984 debet
495 3917 570 3982 aliis
590 3918 816 3994 committere,
834 3917 895 3982 sed
919 3918 991 4000 ipse
1016 3917 1163 4001 capitulo
1183 3920 1410 4002 personaliter

225 4030 390 4094 iuteresse
405 4033 552 4094 tenetur.
570 4027 657 4092 Sede
672 4033 827 4103 vacante,
843 4033 997 4110 potestas
1018 4028 1084 4092 ista
1102 4030 1265 4112 competit
1278 4031 1408 4096 decano

225 4155 285 4201 seu
301 4136 471 4219 primaria
487 4154 642 4219 personae
665 4134 776 4217 (Gonc.
793 4135 895 4214 Trid,
915 4156 999 4201 sess.
1017 4137 1067 4213 εδ,
1085 4155 1113 4200 c.
1128 4139 1169 4219 6).
1185 4175 1224 4184 -
1239 4141 1334 4204 Ratio
1349 4141 1409 4204 bo-

225 4263 303 4308 rum
323 4245 480 4308 omnium
498 4249 561 4321 est,
579 4243 671 4329 quod
686 4244 785 4308 decet
800 4249 837 4308 ut
851 4245 1040 4328 capitulum
1061 4251 1271 4311 convocetur
1294 4249 1335 4312 ab
1350 4247 1408 4312 illo

227 4353 283 4436 qui
307 4353 457 4436 primum
485 4353 599 4418 locum
621 4353 756 4436 inipso
782 4353 924 4417 obtinet.
943 4354 1129 4440 Episcopus
1156 4360 1271 4420 tamen
1296 4377 1408 4442 neque

226 4477 414 4524 convocare
435 4460 623 4544 capitulum
644 4479 756 4545 neque
777 4462 809 4525 ei
828 4461 995 4526 iuteresse
1018 4469 1146 4546 potest,
1163 4465 1301 4547 quando
1321 4471 1405 4530 trac-

227 4569 330 4633 tanda
352 4574 433 4632 sunt
460 4571 599 4651 negotia
627 4589 697 4636 non
721 4571 920 4636 communia
945 4572 1118 4650 Ecclesia,
1142 4573 1203 4638 sed
1227 4574 1270 4638 ad
1296 4574 1408 4640 solum

225 4676 445 4742 commodum
458 4679 596 4761 capituli
609 4680 825 4764 pertinentia.
845 4679 883 4744 ln
903 4681 957 4744 his
980 4682 1126 4760 casibus,
1148 4682 1335 4765 capitulum
1357 4703 1408 4750 se-
