3488 5568
353 549 414 614 tto
814 573 864 618 rus
886 571 1065 618 1110111111.

355 672 476 752 saltem
495 688 668 753 miracula·
692 687 756 754 Sed
770 695 808 753 11
821 689 961 772 procedi
978 691 1087 772 possit
1107 690 1150 756 ad
1165 692 1471 768 canonizationem,
1490 693 1533 758 de

355 795 557 860 necessitate
572 797 792 880 requiruntur
809 798 875 863 alia
890 799 958 863 duo
974 797 1147 874 miracula,
1165 799 1207 864 ad
1224 799 1411 865 docendam
1426 803 1533 865 conti-

354 903 553 968 nuationem
574 906 816 970 miraculorum
830 913 909 991 post
921 906 1089 972 indultam
1104 908 1205 972 heato
1219 909 1488 973 venerationem.

393 1011 425 1075 3⁰
439 1011 490 1075 ad
509 1015 669 1098 martyris
684 1017 978 1082 canonizationem
992 1017 1191 1100 requiritur,
1214 1021 1338 1100 praeter
1356 1018 1531 1094 miracula,

354 1124 392 1184 ut
412 1125 546 1186 constet
561 1122 632 1185 sive
654 1121 695 1186 de
711 1124 873 1206 martyrio
896 1124 1063 1188 materiali
1076 1143 1138 1188 seu
1154 1123 1196 1188 de
1211 1129 1289 1188 actu
1303 1124 1442 1207 physico
1457 1143 1533 1208 pas-

355 1229 460 1294 sionis
476 1234 511 1294 et
521 1233 641 1296 mortis
655 1237 792 1310 secum,
809 1233 881 1297 sire
901 1233 943 1297 de
958 1232 1277 1316 martyrioformali,
1294 1251 1355 1298 seu
1372 1233 1412 1297 de
1431 1251 1535 1299 causa

355 1341 390 1402 et
402 1339 506 1402 modo
516 1359 585 1423 quo
599 1343 675 1424 quis
691 1359 813 1425 passus
833 1347 886 1407 est
901 1347 1059 1408 mortem.

396 1445 534 1513 Constat
556 1449 598 1514 de
620 1451 783 1532 martyrio
798 1450 976 1525 materiali,
1001 1450 1139 1534 quando
1160 1451 1312 1533 probatio
1336 1453 1456 1516 mortis
1482 1455 1536 1516 est

354 1556 456 1640 plena
478 1576 539 1622 seu
565 1558 783 1634 concludens,
811 1559 867 1624 vel
887 1561 923 1623 in
942 1577 990 1634 se,
1016 1559 1095 1643 quia
1109 1559 1255 1641 publica,
1273 1559 1329 1623 vel
1344 1579 1387 1624 ex
1401 1559 1533 1642 deposi-

356 1663 446 1728 tione
459 1669 574 1748 jurata
589 1666 735 1730 duorum
756 1666 878 1754 saltem
896 1667 1034 1731 testium
1049 1667 1091 1730 de
1106 1667 1194 1744 visu,
1211 1673 1271 1730 aut
1285 1685 1328 1730 ex
1340 1659 1414 1730 aliis
1429 1668 1537 1731 admi-

355 1773 494 1849 niculis3
519 1794 599 1840 nam
622 1775 758 1860 quando
783 1782 886 1841 testes
915 1777 1111 1842 immediate
1127 1779 1245 1842 haberi
1264 1783 1425 1861 nequent,
1454 1779 1535 1862 quia

355 1884 467 1964 agitur
483 1885 524 1948 de
539 1905 575 1949 re
601 1887 751 1968 antiqua,
769 1887 974 1952 adhibentur
988 1891 1093 1951 testes
1109 1887 1249 1952 mediati
1264 1905 1324 1950 seu
1342 1885 1383 1950 de
1404 1886 1532 1950 auditu.

395 1989 534 2056 Constat
546 1991 587 2056 de
602 1995 764 2076 martyrio
777 1994 922 2069 formali,
939 1995 966 2058 si
979 1995 1144 2078 probetur
1158 1995 1249 2077 quod
1267 1999 1396 2077 martyr
1413 2001 1535 2077 sponte

356 2102 390 2162 et
403 2099 559 2164 alacriter
580 2106 727 2166 mortem
748 2103 890 2166 subierit
910 2109 1050 2186 propter
1069 2103 1257 2176 Christum,
1285 2109 1319 2166 et
1338 2119 1536 2186 persevera-

356 2208 444 2274 verit
457 2209 492 2271 in
512 2211 675 2275 charitate
691 2216 725 2276 et
745 2212 944 2276 fortitudine
968 2231 1077 2296 usque
1100 2211 1143 2277 ad
1157 2217 1353 2276 extremum
1365 2211 1534 2292 spiritum.

356 2317 450 2382 Unde
476 2337 616 2383 necesse
633 2325 694 2394 est,
713 2321 771 2404 qni
784 2324 932 2384 mortem
955 2321 1068 2395 subiit,
1082 2320 1185 2384 luerit
1207 2338 1288 2383 vere
1302 2317 1412 2382 fidelis
1429 2338 1436 2380 :
1455 2335 1537 2382 nam

357 2429 487 2508 martyr
496 2431 549 2490 est
560 2427 655 2491 testis
669 2427 792 2492 ildeiet
802 2427 955 2492 veritatis
967 2428 1170 2493 christianae.
1187 2427 1333 2492 Necesse
1347 2431 1400 2489 est
1412 2425 1537 2490 deinde

357 2538 395 2596 ut
411 2533 561 2597 fueritin
583 2535 757 2612 charitate,
783 2554 863 2600 nam
879 2537 952 2600 sine
973 2537 1136 2600 charitate
1158 2553 1229 2599 non
1248 2533 1433 2617 acquiritur
1447 2551 1537 2597 mar-

358 2643 499 2724 tyrium3
525 2661 647 2707 verum
674 2645 800 2708 suflicit
823 2645 850 2708 si
878 2645 1150 2709 concomitanter
1171 2644 1372 2708 charitatem
1397 2642 1533 2714 haheat,

358 2755 393 2813 et
406 2751 526 2816 adhoc
543 2751 668 2814 suflicit
681 2757 719 2815 ut
738 2753 873 2816 attritus
896 2752 940 2815 sit
955 2751 1268 2834 supernaturaliter,
1286 2749 1419 2813 etiamsi
1435 2753 1538 2813 antea

360 2877 429 2922 uon
444 2858 547 2921 luerit
559 2859 718 2939 ingratia.
730 2859 879 2924 Tandem
891 2859 1085 2944 requiritur,
1096 2858 1208 2943 quoad
1218 2857 1364 2932 adultos,
1374 2861 1412 2920 ut
1422 2857 1538 2921 volue-

358 2967 426 3030 rint
438 2984 499 3049 pro
515 2966 580 3030 tlde
595 2967 665 3050 pati
679 2965 735 3030 vel
750 2986 811 3049 pro
827 2968 883 3050 pio
897 2973 974 3032 actu
989 2966 1125 3031 virtutis
1140 2967 1176 3029 in
1191 2985 1259 3049 qua
1271 2965 1357 3028 fides
1372 2962 1492 3029 elucet.

397 3073 429 3136 1ο
445 3073 657 3157 Incorruptio
678 3075 829 3157 eorporis
849 3074 1010 3148 defuncti,
1028 3079 1087 3138 aut
1101 3073 1288 3154 fragrantia
1306 3091 1367 3136 seu
1386 3072 1537 3136 suavitas

358 3181 483 3256 odoris,
516 3199 586 3246 non
617 3184 745 3264 praehet
772 3182 936 3246 indicium
961 3186 1093 3246 certum
1126 3181 1333 3255 sanctitatis;
1359 3197 1439 3244 nam
1462 3180 1538 3244 heae

358 3289 559 3354 naturaliter
585 3295 731 3372 possunt
744 3290 954 3372 contingere.
987 3289 1052 3354 Sed
1078 3289 1213 3370 quando
1231 3289 1304 3352 heac
1319 3287 1443 3351 indicia
1457 3304 1538 3350 curn

359 3397 501 3480 probata
524 3395 725 3462 excellentia
746 3398 824 3462 vitae
847 3399 1115 3480 conjunguntur,
1141 3395 1354 3460 constituunt
1368 3395 1537 3477 probatio-

359 3523 450 3568 nem.
477 3505 619 3570 Necesse
648 3511 840 3570 esttamen
869 3511 907 3569 ut
928 3504 1255 3588 incorruptihihtutis
1277 3503 1333 3566 vel
1361 3502 1538 3574 suavitatis

360 3613 484 3678 modus
498 3614 694 3692 manifestet
707 3615 772 3678 hoc
786 3632 856 3678 non
870 3633 972 3697 posse
987 3612 1187 3678 naturaliter
1200 3612 1349 3676 evenire.

568 3805 612 3856 lv.
630 3803 728 3855 Modus
742 3804 771 3856 11
786 3803 857 3856 rltus
870 3803 1043 3868 procedendi
1058 3802 1087 3854 in
1102 3801 1324 3854 canonizatione.

404 3941 434 4003 1ο
452 3940 634 4005 Processus
649 3957 719 4003 non
734 3938 1309 4020 1111111011111118.0013111111,
1327 3937 1459 4004 seclusa
1473 3939 1539 4002 dis-

364 4050 564 4134 pensatione
579 4047 763 4132 101111ὶοί1,
779 4048 844 4112 1111
859 4053 936 4130 post
950 4049 990 4111 50
1004 4065 1113 4112 annos
1128 4049 1170 4112 ah
1180 4047 1274 4112 obitu
1286 4046 1376 4110 servi
1386 4046 1461 4122 Dei;
1478 4047 1539 4112 sed

363 4179 405 4222 ne
421 4157 638 4240 probationes
657 4162 808 4239 pereant,
833 4157 971 4220 interim
988 4155 1089 4237 incipi
1112 4159 1237 4238 potest,
1253 4159 1323 4218 tam
1337 4155 1538 4218 auctoritate

362 4265 533 4342 ordinarii,
550 4282 653 4349 quam
671 4265 703 4328 S.
721 4264 856 4344 Gorga,
872 4263 907 4327 in
917 4279 1079 4346 processu
1094 4261 1290 4346 apostolico.
1308 4261 1394 4326 Ante
1410 4262 1536 4334 omnia,

363 4375 488 4456 scripta
501 4377 535 4436 et
553 4372 641 4448 libri,
663 4373 691 4434 si
713 4389 799 4454 quos
820 4370 954 4454 scripsit
970 4387 1090 4434 servus
1109 4369 1180 4444 Dei,
1204 4369 1392 4433 examinari
1413 4369 1540 4434 dehent

363 4501 384 4546 a
402 4481 434 4544 S.
459 4479 580 4562 Gongr.
608 4479 673 4545 Sed
695 4497 876 4563 processus
891 4477 1082 4544 ordinarius
1106 4495 1167 4542 seu
1183 4478 1422 4558 informatione
1437 4495 1540 4559 super

367 4591 458 4654 tama
480 4589 667 4656 sanctitatis
681 4591 770 4666 vitae,
786 4589 969 4654 virtutihus
985 4593 1020 4652 et
1032 4587 1215 4663 miraculis,
1232 4590 1345 4669 potest
1361 4585 1481 4652 contlci
1495 4587 1537 4651 ah

363 4697 534 4762 ordinario
549 4703 628 4763 ante
644 4715 789 4764 examen
804 4698 1017 4783 scriptorum.
