3504 5572
553 621 640 666 unna
661 603 788 668 suarius
809 621 1029 668 accuramus.
1321 599 1380 666 dli

201 733 279 820 lege
290 739 438 820 conjure
451 737 634 814 inducitur,
647 737 767 809 etidoo
780 738 889 822 legale
904 742 1056 806 vocatur.
1066 739 1194 804 Dicitur
1204 761 1219 795 c
1235 736 1383 820 plerum·

204 865 316 931 quer3
332 863 414 912 nam
433 845 637 931 quandoque
657 847 784 929 pignus
806 847 947 912 tacitum
962 850 1016 912 est
1033 845 1299 922 consentiendis,
1321 861 1382 914 seu

204 953 278 1020 solo
290 953 391 1020 tacito
401 971 570 1018 consensu
584 953 963 1036 partiumcontrabitur.
982 953 1151 1020 Dividitur
1165 953 1198 1018 3·
1212 952 1247 1018 in
1261 951 1384 1018 volun·

204 1063 328 1128 tarium
343 1066 378 1126 et
390 1061 622 1128 necessarium
635 1059 896 1137 :colomarium
906 1061 998 1146 quod
1012 1061 1116 1126 etiam
1130 1060 1384 1126 conventionalia

204 1171 336 1246 dicitur,
359 1169 451 1254 quod
466 1187 510 1234 ex
530 1169 680 1254 partium
697 1187 867 1234 consensu
889 1170 1127 1246 constituitur;
1145 1169 1382 1246 necessarium,

205 1278 298 1362 quod
312 1277 513 1342 auctoritate
525 1276 650 1360 judicis
663 1277 845 1342 inducitur.
875 1276 1004 1360 injure
1021 1277 1118 1342 Rom.
1136 1282 1210 1342 erat
1230 1275 1356 1360 duplex
1375 1297 1382 1340 :

200 1387 410 1472 pretorium,
424 1386 515 1470 quod
531 1404 552 1450 a
566 1391 713 1469 praetore
724 1387 1032 1452 constituiturante
1046 1385 1151 1452 latam
1165 1384 1382 1462 sententiam,

204 1515 283 1562 cnm
311 1500 407 1562 actor
428 1497 575 1560 mittitur
601 1496 637 1560 in
658 1497 914 1580 possessionem
947 1497 1117 1562 bonorum
1152 1494 1314 1560 debitoris
1342 1513 1386 1559 ex

204 1623 308 1672 causa
322 1605 799 1680 absentiaevelcontumeciae;
810 1611 844 1670 et
851 1605 1029 1687 judiciale,
1043 1604 1135 1691 quod
1143 1603 1316 1670 inducitur
1324 1621 1387 1686 per

205 1715 413 1779 sententiam
429 1712 746 1779 condemnatoriam
762 1713 928 1780 debitoris
943 1717 977 1782 et
993 1699 1244 1782 immissionem
1262 1710 1298 1781 in
1310 1711 1386 1796 ejus

205 1820 353 1890 bonoad
367 1819 528 1886 ellectum
544 1820 783 1886 exsecutionis.
887 1880 890 1889 .

503 2017 534 2068 11.
552 2015 605 2077 Qui
620 2014 730 2079 possint
743 2026 805 2068 rem
820 2015 930 2082 pignori
946 2015 1089 2082 obligare?

246 2159 278 2241 a)
291 2157 501 2223 Generaliter
511 2157 693 2240 pignorare
703 2160 851 2240 possunt
861 2173 983 2222 omnes
994 2156 1053 2242 qui
1063 2156 1212 2224 abcnme
1225 2161 1386 2241 possunt;

204 2285 285 2333 nem
299 2285 441 2332 necesse
466 2271 519 2331 est
541 2271 579 2330 ut
599 2265 655 2349 qui
673 2265 800 2348 pignus
818 2265 1006 2342 constituit,
1022 2266 1147 2331 babeat
1164 2268 1388 2350 postestatem

204 2375 388 2452 menendi,
411 2395 500 2452 eum,
518 2375 632 2440 debito
647 2393 717 2439 non
732 2373 856 2452 soluto,
874 2374 1022 2441 creditor
1038 2375 1148 2459 possit
1161 2391 1239 2439 rem
1253 2374 1389 2459 pignori

204 2484 321 2549 datam
332 2482 668 2550 distraheretlontra
681 2483 739 2567 qui
756 2483 958 2549 contrahere
973 2481 1188 2550 velalienare
1198 2485 1385 2566 nequeunt,

206 2609 317 2676 neque
333 2592 459 2675 pignus
474 2595 622 2674 possunt
634 2589 844 2656 constituere
859 2611 867 2654 :
884 2591 920 2654 in
935 2590 1048 2674 specie

247 2701 471 2783 l⁰Pignorare
482 2704 769 2784 nequeunttutor‚
781 2703 927 2776 curator,
935 2699 1107 2784 praelatus,
1116 2699 1386 2782 seltempignorc

205 2807 352 2894 speciali,
373 2827 429 2874 res
449 2807 644 2873 immobiles
661 2807 717 2873 vel
732 2808 876 2874 mobiles
894 2809 1062 2893 pretiosas
1084 2807 1217 2893 pupilli,
1243 2807 1387 2872 minoris

206 2918 261 2983 vel
278 2916 429 2983 ecclesia
440 2916 514 2981 sine
532 2915 657 2983 debitis
671 2915 956 2981 solemnitatibus.
969 2915 1036 2980 Sed
1048 2915 1387 2999 procuratorhabens

208 3025 350 3091 omnino
369 3024 513 3090 liberam
536 3041 653 3088 rerum
672 3022 1004 3089 administrationem
1026 3027 1141 3108 potest
1160 3023 1387 3107 oppignorare

207 3131 419 3208 medemini,
434 3131 632 3196 sidominus
641 3128 773 3195 solebat
783 3129 988 3206 bociacere;
1003 3147 1113 3208 secus,
1128 3129 1157 3195 si
1171 3129 1206 3195 id
1220 3148 1291 3197 non
1303 3128 1389 3196 sole·

208 3241 277 3305 bat.
293 3239 327 3304 Si
341 3257 413 3305 non
423 3239 468 3304 sit
476 3237 685 3304 constitutus
695 3255 771 3302 rum
786 3237 901 3317 libera,
914 3239 1045 3322 nequit,
1057 3237 1124 3302 nisi
1137 3236 1289 3321 legitime
1304 3254 1389 3321 prae·

207 3352 363 3413 sumatur
375 3361 566 3412 consensus
581 3345 721 3411 domini.

245 3455 278 3518 Ψ
302 3455 440 3520 Maritus
453 3453 600 3518 icndum
619 3451 771 3520 dotalem
792 3451 975 3536 pignorare
994 3451 1125 3536 nequit,
1151 3451 1255 3518 etiem
1279 3469 1386 3520 uxore

206 3563 459 3638 consentiente;
475 3579 585 3638 secus,
605 3561 633 3626 si
650 3562 742 3626 bona
756 3559 881 3626 dotalia
901 3564 1017 3626 essent
1036 3559 1187 3638 mobilia,
1211 3558 1267 3626 vel
1281 3559 1386 3626 etiam

207 3669 396 3734 immobilia
416 3669 585 3735 aestimato
603 3669 691 3744 data,
714 3685 861 3751 quorum
880 3667 1071 3750 periculum
1095 3667 1211 3733 statim
1227 3667 1262 3732 in
1284 3667 1386 3733 mori-

207 3783 280 3840 tum
295 3777 426 3842 transit.
454 3776 504 3842 Ite
518 3793 678 3860 expresse
690 3777 748 3858 jus
769 3775 866 3840 Rom.
884 3775 985 3858 (apud
997 3773 1181 3856 civilistas).

249 3885 278 3965 b)
298 3883 460 3967 Recipere
475 3885 600 3967 pignus
614 3901 676 3966 pro
698 3881 829 3948 credito
845 3886 991 3964 possunt
1013 3899 1135 3948 omnes
1150 3881 1337 3950 creditores
1351 3882 1386 3947 in

207 4011 422 4078 quecumque
436 4011 540 4060 causa
558 3990 655 4066 tales,
671 3991 775 4058 modo
789 3990 941 4056 babeant
951 3989 1149 4056 facultatem
1162 3990 1386 4058 contrahendi

206 4107 241 4167 et
257 4101 387 4186 seipsos
410 4099 602 4182 obligandi;
620 4101 654 4164 et
673 4099 750 4163 ideo
767 4097 915 4181 pupillus
934 4097 1008 4162 sine
1031 4101 1142 4164 tutore
1157 4101 1297 4164 auctore
1315 4116 1387 4164 non

205 4213 320 4292 potest
339 4189 467 4292 pignus
481 4207 650 4290 accipere,
672 4205 716 4270 ob
730 4210 864 4271 metum
886 4203 1030 4270 actionis
1050 4203 1279 4288 pignoratitiae
1305 4224 1312 4270 :
1340 4205 1387 4271 itu

206 4315 637 4400 expressojusantiquum.

246 4423 273 4506 c)
288 4421 354 4488 Sed
370 4423 534 4507 quaritur
549 4423 607 4508 qui
620 4423 770 4488 babeant
793 4421 1017 4506 hypothecam
1035 4421 1190 4506 tapetem,
1215 4423 1250 4486 et
1262 4421 1299 4486 in
1312 4421 1386 4506 qui-

206 4532 404 4598 busrebus‘l

140 4711 141 4714 ,
246 4642 278 4705 l·
292 4641 430 4705 blaritus
449 4639 485 4704 in
501 4641 600 4706 bonis
616 4640 732 4705 uxoris
749 4639 805 4704 vel
823 4639 962 4705 alterius
985 4637 1133 4704 dotantis
1147 4655 1210 4722 pro
1229 4637 1308 4703 dote
1320 4637 1383 4702 sibi

208 4749 411 4836 prestanda,
440 4753 475 4816 et
490 4751 622 4818 uxorin
637 4750 735 4816 bonis
749 4748 861 4813 mariti
876 4765 937 4830 pro
962 4747 1041 4814 dote
1062 4745 1273 4814 restituenda
1287 4766 1294 4822 ;
1314 4745 1384 4812 imo
