3498 5572
374 524 436 588 tot
833 539 885 586 scs
905 542 1085 588 chronicum.

414 659 448 722 3·
461 657 653 722 Auctoritas
673 657 823 741 episcopi
841 657 1054 739 designantis
1068 659 1132 722 hos
1151 657 1278 722 limites
1294 661 1330 720 et
1342 655 1551 720 constituen-

375 765 418 830 tis
430 763 596 850 populum
610 765 855 848 parochianum
866 767 951 844 (can.
965 767 1014 842 tt,
1026 783 1132 830 musa
1146 766 1196 842 to,
1209 785 1241 848 q.
1254 766 1284 838 i,
1301 769 1336 828 ct
1351 781 1446 828 conc.
1460 759 1548 824 Trid.

373 891 458 940 sess.
474 873 525 948 2⁴,
540 891 613 958 cap.
628 873 670 954 t).
687 871 745 938 lsti
759 872 886 938 limites
902 875 1105 940 auctoritate
1130 873 1284 938 seculari
1306 870 1468 938 constitui
1490 886 1550 932 ne-

373 986 515 1066 queunt.
531 981 608 1046 llaec
622 981 749 1046 erectio
765 980 968 1066 episcopalis
984 983 1189 1066 supponitur
1202 1000 1245 1046 er
1259 980 1358 1066 lapsu
1374 978 1548 1062 temporis,

374 1107 418 1154 ex
431 1089 506 1174 ipso
520 1089 682 1154 exercitio
693 1089 826 1172 jurium
837 1089 1095 1172 parochialium.

412 1200 445 1263 t·
458 1199 499 1264 Ut
521 1200 646 1264 haheat
665 1205 834 1266 rectorem
848 1205 991 1276 certum,
1006 1205 1042 1264 et
1060 1199 1200 1284 quidem
1223 1199 1363 1264 unicum
1379 1217 1387 1260 :
1404 1213 1496 1272 nam,
1512 1199 1551 1258 ut

373 1305 499 1390 legitur
511 1307 548 1372 in
558 1325 632 1374 can.
651 1306 759 1386 Sicut,
772 1307 803 1383 t,
817 1307 979 1384 causati,
995 1327 1028 1391 q.
1043 1307 1065 1372 Ω
1081 1327 1089 1368 z
1105 1333 1120 1362 α
1137 1305 1231 1370 Sicut
1244 1323 1314 1370 nna
1325 1303 1450 1370 mulier
1463 1303 1550 1366 duos

373 1433 529 1498 sponsos,
541 1421 576 1480 et
587 1433 696 1480 unum
707 1432 831 1498 corpus
846 1413 914 1480 duo
929 1415 1122 1498 capitasine
1132 1414 1412 1480 monstruositate
1424 1411 1549 1476 hahere

372 1541 441 1588 non
455 1527 579 1606 potest,
595 1523 643 1588 its
657 1541 721 1587 nec
736 1540 806 1587 nna
819 1521 982 1606 parochia
995 1521 1082 1587 duos
1096 1521 1275 1606 parochos.

411 1631 517 1715 Ohjici
544 1635 658 1714 potest
685 1631 776 1714 qnod
804 1629 987 1714 aliqnando
1014 1649 1097 1696 cura
1123 1628 1325 1714 parochialis
1349 1631 1481 1712 spectat
1507 1624 1551 1690 ad

371 1738 557 1823 capitulum
579 1739 730 1804 ecclesie
754 1737 959 1820 collegium
982 1739 1043 1803 sed
1067 1738 1254 1822 capitulum
1276 1737 1453 1802 constitnit
1475 1734 1551 1798 uni-

371 1865 447 1914 cam
466 1866 650 1932 personam
669 1847 852 1924 moralem;
872 1866 953 1914 nam
974 1847 1144 1932 parochus
1169 1867 1245 1912 esse
1268 1851 1383 1930 potest
1403 1859 1551 1928 persona

370 1955 520 2020 moralis.
538 1955 698 2040 Sequitur
711 1975 756 2020 ex
768 1955 866 2020 dictis
882 1955 974 2038 quod
988 1955 1159 2039 parochia,
1174 1953 1283 2020 semel
1292 1955 1335 2018 ab
1349 1950 1549 2016 auctoritate

371 2063 598 2130 ecclesiastica
610 2065 807 2140 constituta,
817 2082 888 2128 non
902 2065 1011 2146 possit
1023 2063 1128 2129 dividi
1143 2081 1206 2129 nec
1221 2059 1469 2136 dismembran',
1483 2056 1549 2121 nisi

372 2189 414 2236 ex
427 2171 539 2236 causis
553 2175 661 2256 ajure
677 2171 876 2254 designatis.

412 2281 462 2346 Ad
477 2282 758 2348 constitutionem
770 2281 937 2366 parochiae
950 2299 1020 2346 non
1035 2281 1263 2346 essentialiter
1274 2280 1459 2364 requiritur
1471 2277 1549 2341 tons

373 2388 594 2473 baptismalis,
613 2391 860 2466 coemeterium,
878 2389 1045 2466 licatista,
1063 2389 1200 2474 quando
1215 2389 1351 2464 adsunt,
1369 2385 1550 2468 signarint

373 2495 559 2578 probabilia
580 2496 730 2564 ecclesiae
754 2497 964 2580 parochialis.
980 2497 1170 2582 Aliquando
1194 2496 1336 2562 ecclesia
1352 2513 1428 2579 qnae
1450 2498 1549 2558 caete-

373 2619 488 2668 rorum
510 2604 639 2668 mutrrh
661 2602 793 2680 dicitur,
817 2603 942 2668 retinet
969 2605 1101 2668 iontem
1127 2603 1365 2686 baptismalem
1390 2619 1451 2685 pro
1475 2597 1549 2664 aliis

373 2709 475 2774 etium
490 2710 669 2794 parochiis,

841 2847 1004 2940 'suerro
1032 2833 1075 2942 u.

586 3044 634 3098 lle
651 3045 873 3112 parochorum
887 3045 1022 3110 juribus
1038 3055 1074 3100 et
1088 3045 1336 3114 proroqattvts.

412 3217 507 3286 Non.
527 3219 607 3286 lura
629 3221 766 3304 purochi
787 3221 994 3287 considerari
1014 3227 1184 3305 possunt:
1206 3223 1238 3286 t·
1255 3219 1367 3305 quoad
1386 3217 1548 3283 adminis-

373 3328 555 3394 trationem
570 3333 876 3404 sacramentorum
892 3329 924 3391 2⁰
940 3329 1051 3412 quoad
1069 3327 1201 3413 reliqua
1215 3327 1333 3392 munia
1351 3325 1451 3392 officii
1472 3341 1549 3407 pas-

374 3433 500 3500 torulis.

472 3635 490 3686 1.
509 3637 577 3688 tura
590 3633 779 3698 parochorum
793 3634 885 3700 quoad
901 3635 1179 3689 administrationem
1193 3633 1445 3688 sacramentorum.

413 3787 445 3868 α)
466 3786 626 3870 Baptismi
651 3786 899 3852 administratio
922 3786 1088 3866 solemnis·
1109 3783 1257 3871 pertinet
1277 3785 1319 3851 ad
1347 3783 1545 3869 parochum,

372 3893 429 3977 qui
448 3894 550 3960 habet
573 3893 779 3959 ordinariam
802 3899 1008 3978 potestatem
1023 3895 1058 3958 in
1073 3912 1197 3978 corpus
1217 3893 1338 3958 Christi
1352 3893 1545 3976 mysticum,

372 4019 410 4066 ac
425 4001 566 4084 proinde
583 4005 696 4085 potest
710 3999 828 4066 ssdeles
842 4021 904 4086 per
924 4003 1132 4086 baptismum
1147 4001 1317 4084 colligere.
1335 4001 1422 4082 Ergo
1443 3996 1548 4082 hapti·

372 4125 453 4174 zans
468 4109 667 4176 solemnitor
682 4109 755 4174 sine
769 4109 906 4175 licentia
919 4111 1056 4194 parochi
1070 4113 1227 4194 peccaret
1241 4110 1401 4192 graviter.

413 4217 573 4300 Sequitur
596 4217 700 4282 etiam
726 4217 950 4302 parochianos
981 4219 1088 4283 teneri
1113 4219 1176 4284 suh
1198 4219 1295 4299 gravi
1317 4233 1443 4300 pueros
1466 4230 1547 4278 suos

372 4325 590 4408 baptizandos
606 4323 649 4390 ad
663 4326 849 4408 paroclrum
864 4345 965 4392 suum
981 4327 1124 4403 deferre,
1142 4326 1209 4391 nisi
1229 4324 1477 4391 consuetudine
1492 4319 1547 4386 vel

373 4431 471 4498 aliter
489 4431 631 4498 ecclesia
650 4433 852 4499 cathedralis
867 4435 920 4499 vel
935 4433 1077 4500 ecclesia
1089 4435 1214 4500 matrix
1229 4432 1478 4499 cumulativum
1489 4431 1546 4511 jus

373 4539 496 4605 haheat
510 4541 700 4624 baptizandi
715 4558 794 4606 cum
808 4541 951 4607 ecclesia
970 4541 1154 4627 parochiali
1174 4539 1456 4625 baptizandorum
1474 4553 1546 4620 pro
1627 4551 1632 4564 ·

373 4647 455 4732 pria.
473 4647 541 4714 lloc
553 4652 611 4732 jus
625 4649 872 4716 cumulativum
891 4650 1022 4716 facilius
1036 4652 1265 4733 presumitur,
1285 4648 1421 4732 quando
1431 4647 1466 4710 in
1484 4644 1547 4708 hac
