3488 5564
383 595 423 660 il
837 614 894 660 'sus
916 613 1096 660 cnuomcuu.
1163 589 1165 595 ’

423 733 455 798 9⁰
470 733 503 798 Si
518 751 597 806 reus
612 732 720 798 eloco
734 735 928 798 contractus
941 731 1104 806 discessit,
1119 731 1228 814 judex
1237 729 1333 796 illum
1347 731 1449 798 citare
1463 737 1557 818 pote·

384 842 438 916 rit,
456 842 519 906 sub
533 841 837 910 comminationem
851 839 1009 905 mittendi
1023 843 1174 905 actorem
1188 839 1224 904 in
1239 840 1408 904 bonorum
1426 859 1557 923 posses-

384 951 526 1018 sionem.
544 949 576 1014 Si
592 968 671 1014 reus
685 949 984 1014 nullabonebabet
993 949 1028 1012 in
1041 945 1116 1014 loco
1128 953 1330 1024 contractus,
1344 953 1425 1014 tunc
1436 949 1559 1014 dantur

381 1058 502 1123 litterae
516 1056 781 1142 requisitoriales
796 1057 838 1120 ad
851 1056 1003 1140 judicem
1020 1055 1190 1120 domicilii.

422 1167 455 1230 3⁰
468 1166 537 1232 Rco
552 1167 782 1246 comparente,
799 1151 967 1228 ordinatio
981 1163 1049 1226 litis
1064 1164 1103 1226 fit
1114 1166 1213 1247 juxta
1226 1163 1320 1244 leges
1331 1168 1366 1228 et
1377 1168 1556 1230 consuetu-

384 1273 480 1338 dines
493 1273 557 1338 iori
573 1273 629 1336 ubi
644 1272 792 1354 agitatur
806 1289 923 1346 causa3
940 1276 974 1336 et
989 1270 1114 1336 decisio
1136 1270 1204 1334 litis
1218 1272 1363 1354 fitjuxta
1381 1271 1476 1354 leges
1491 1271 1555 1338 loci

382 1382 418 1446 in
433 1401 501 1466 quo
515 1385 727 1446 contractum
742 1384 794 1444 est
808 1380 860 1461 (l).
950 1445 955 1458 ¹

423 1489 461 1552 ll.
476 1490 524 1555 ,De
540 1489 637 1552 tertio
650 1487 749 1552 modo
766 1487 929 1552 sortiendi
936 1488 1063 1568 sorum,
1079 1506 1138 1552 seu
1148 1487 1189 1552 de
1197 1489 1273 1571 [oro
1285 1496 1490 1573 competente
1503 1509 1557 1554 rn-
1597 1471 1607 1493 ⁸

383 1599 472 1662 tione
486 1598 537 1662 rei
547 1598 631 1660 sitm.

422 1707 455 1788 a)
470 1706 611 1772 Ratione
630 1705 679 1769 rei
694 1704 767 1768 sitae
782 1705 956 1768 conveniri
971 1707 1084 1788 potest
1095 1721 1284 1788 possessor,
1302 1704 1405 1770 etiam
1420 1706 1554 1783 absens,

382 1831 497 1880 coram
508 1813 621 1897 judice
637 1813 795 1878 territorii
810 1811 845 1876 in
861 1831 928 1896 quo
939 1812 1004 1877 sita
1015 1817 1068 1876 est
1084 1831 1138 1876 res
1148 1812 1189 1876 de
1201 1831 1268 1896 qua
1281 1816 1554 1880 controvertitur.

382 1923 521 1987 Constat
544 1941 586 1985 ex
606 1939 677 2004 cap.
700 1921 719 1982 3
741 1924 773 1984 el
796 1921 854 1983 lln.
873 1921 976 2002 hujus
998 1919 1096 1983 tituli.
1123 1921 1219 1986 Ratio
1238 1926 1299 1998 est,
1318 1925 1391 1984 tum
1420 1925 1499 2006 quia
1521 1923 1556 1987 in

327 2055 333 2064 ¹
379 2031 512 2096 actione
528 2029 610 2096 reoli
625 2029 738 2112 potius
761 2027 995 2092 consideratur
1015 2047 1071 2092 res
1090 2047 1361 2112 quampersona,
1383 2033 1456 2096 tum
1479 2032 1557 2116 quie

380 2139 416 2204 in
431 2139 490 2204 tali
504 2139 579 2204 loco
590 2137 744 2221 probatio
759 2154 869 2200 causae
886 2141 938 2200 est
953 2136 1141 2220 expeditior
1151 2138 1365 2203 etcxsecutio
1379 2139 1555 2204 sentcntiae

381 2247 520 2312 facilior.

423 2356 453 2438 d)
477 2353 553 2418 llaec
579 2353 647 2418 duo
681 2352 769 2417 circa
805 2353 1003 2436 hujusmodi
1036 2356 1150 2418 iorum
1187 2355 1354 2438 praecipue
1395 2359 1474 2420 sunt
1499 2364 1556 2420 no-

383 2463 508 2528 tanda:

421 2573 452 2634 1⁰
467 2569 624 2634 Personae
635 2569 965 2651 omnesregulariter
975 2570 1148 2634 conveniri
1159 2575 1304 2654 possunt
1320 2590 1435 2637 coram
1442 2573 1556 2656 judico

381 2685 430 2748 rei
448 2685 535 2758 sitem
560 2701 639 2746 nam
663 2682 749 2745 ssuni
771 2681 913 2744 subdita
934 2680 1121 2744 secundum
1136 2680 1228 2764 quid,
1244 2701 1303 2746 seu
1324 2683 1359 2746 in
1383 2683 1501 2746 ordine
1514 2684 1556 2748 ad

382 2809 465 2856 rem.
482 2793 641 2856 Attamen
655 2802 736 2854 reus
756 2795 869 2873 potest
889 2791 1064 2856 conveniri
1085 2791 1121 2854 in
1145 2789 1219 2855 loco
1244 2791 1414 2866 domicilii,
1437 2795 1471 2855 et
1493 2793 1557 2856 hoc

381 2902 504 2966 actoris
524 2901 660 2965 arbitrio
673 2899 874 2983 relinquitur
887 2920 894 2976 ;
918 2901 1029 2964 lorum
1043 2900 1134 2964 enim
1148 2899 1307 2964 domicilii
1318 2902 1370 2964 est
1384 2899 1554 2981 generale,

381 3009 589 3072 ordinarium
601 3013 635 3071 et
647 3027 725 3072 cum
737 3008 802 3073 alio
815 3009 935 3092 quovis
948 3008 1126 3082 concurrit,
1137 3007 1237 3092 idque
1250 3007 1372 3072 merito
1382 3009 1557 3073 onmbona

382 3118 450 3181 sint
464 3118 651 3182 accessoria
671 3118 714 3182 ad
735 3137 928 3202 personam.

421 3225 602 3289 bdctione
618 3225 711 3314 reali,
728 3245 797 3290 non
818 3245 899 3292 vero
917 3226 1098 3311 personali,
1117 3243 1196 3291 reus
1220 3227 1410 3307 generatim
1431 3245 1558 3292 conve-

381 3333 474 3397 nitur
488 3333 523 3398 in
538 3332 612 3398 loco
628 3335 676 3397 rei
697 3335 786 3410 sitem
804 3340 838 3400 et
851 3335 982 3398 institui
998 3338 1110 3418 potest
1126 3354 1196 3398 non
1208 3335 1311 3399 modo
1324 3335 1490 3417 Judioium
1502 3355 1557 3418 pe-

382 3441 544 3517 litorium,
571 3441 630 3504 scd
653 3441 755 3505 ctiam
774 3443 1034 3524 possessorium,
1053 3442 1220 3526 siquidem
1234 3442 1307 3506 haeo
1322 3443 1388 3507 duo
1401 3461 1556 3507 connexa

382 3555 478 3624 sunt3
495 3567 596 3632 porro
609 3549 716 3632 judex
728 3553 842 3632 potest
858 3567 1066 3631 cognoscere
1082 3549 1123 3614 do
1138 3551 1312 3626 connexis,
1329 3555 1367 3616 ut
1381 3551 1528 3616 diximus
1546 3571 1552 3616 :

381 3656 428 3721 ita
437 3659 494 3739 jus
509 3656 605 3720 Rom.

421 3764 474 3828 lll.
495 3766 543 3829 De
559 3774 680 3848 quarto
700 3767 799 3831 modo
814 3768 978 3832 sortiendi
989 3769 1116 3850 sorum,
1131 3786 1188 3832 seu
1203 3767 1244 3832 cte
1259 3769 1334 3851 soro
1350 3776 1554 3853 competente

380 3875 511 3938 ratione
523 3875 644 3938 delicti.

421 3981 453 4063 c)
467 3981 674 4066 Delinquens
699 3983 839 4048 sortitur
857 3984 970 4048 iorum
991 3987 1025 4048 in
1054 3984 1128 4050 loco
1152 3985 1273 4060 delicti,
1297 4003 1358 4050 seu
1378 3984 1556 4067 subjicitur

363 4073 365 4078 ¹
376 4089 604 4172 jurisdictioni
623 4088 746 4172 judicis
771 4091 806 4154 in
834 4094 932 4174 cujus
959 4093 1127 4158 territorio
1144 4093 1293 4178 deliquit,
1321 4093 1452 4158 etiamsi
1475 4093 1557 4158 alias

312 4224 315 4232 ·
380 4215 449 4261 non
476 4197 520 4260 sit
534 4196 699 4261 subditus.
716 4196 849 4261 Etenim
866 4200 1002 4282 expedit
1025 4199 1145 4264 delicta
1159 4201 1205 4264 ibi
1226 4201 1337 4284 puniri
1353 4201 1410 4264 ubi
1425 4205 1557 4282 patrata

379 4309 469 4382 sunt,
488 4310 561 4368 tum
576 4307 618 4371 ad
636 4309 831 4392 exemplum
850 4309 1005 4384 aliorum,
1026 4314 1100 4374 tum
1115 4315 1153 4374 ut
1178 4310 1326 4374 vindicta
1340 4309 1474 4392 publica
1497 4309 1557 4372 ssat

380 4411 427 4474 illi
443 4413 593 4478 societati
611 4435 685 4499 qum
702 4415 783 4480 laesa
798 4421 849 4481 est
862 4419 902 4500 (c.
922 4417 961 4480 lt
981 4422 1014 4481 ct
1033 4419 1090 4480 sin.
1108 4419 1141 4481 ll.
1164 4418 1209 4495 tl,
1227 4421 1298 4480 tum
1323 4417 1402 4502 quia
1422 4417 1456 4480 in
1477 4413 1551 4482 loco

381 4517 492 4584 delicti
509 4521 639 4584 facilius
652 4523 769 4587 haberi
784 4529 929 4606 possunt
942 4525 1159 4606 probationes
1174 4526 1227 4608 (⁰2).

411 4672 444 4734 (i)
460 4673 534 4723 Proc.
550 4674 612 4735 civ„
627 4689 650 4726 s.
669 4677 709 4726 59.

411 4750 443 4814 (2)
458 4751 534 4816 ibid,
549 4767 572 4804 a.
588 4755 627 4808 63.
