3504 5572
553 616 640 660 ursan
661 613 788 661 rannus
809 613 1029 660 necnnrsumu.
1322 592 1379 656 all

205 731 274 796 sint
290 734 326 796 et
344 731 579 806 mercenariam
596 729 752 796 houestae
777 747 854 795 asse
870 730 1011 806 debent,
1029 745 1112 794 uam
1126 743 1239 812 opere
1260 726 1379 808 turpis,

205 857 284 904 cum
306 839 459 905 involvat
480 843 673 924 peceatum,
695 838 789 904 nulla
810 842 924 922 potest
947 855 1023 906 esse
1047 837 1225 918 obligatio;
1240 851 1382 899 necesse

205 952 258 1014 est
277 948 379 1014 etiam
394 952 433 1012 ut
446 949 515 1014 sint
532 949 759 1025 mercenariae,
781 965 906 1032 nempe
921 947 1184 1012 estimationem
1204 942 1379 1030 recipiant,

206 1075 286 1124 nam
301 1057 359 1122 ubi
373 1074 444 1122 uon
460 1057 559 1123 datur
573 1059 766 1148 estimatio,
783 1076 847 1123 nec
860 1074 993 1122 merces
1008 1055 1096 1122 solvi
1109 1059 1233 1140 potest.

245 1166 319 1231 Non
332 1166 553 1231 mercenariae
569 1184 630 1230 seu
647 1166 811 1246 liberales,
827 1185 903 1251 quae
916 1165 1027 1248 magis
1034 1165 1184 1246 ingenio,
1197 1183 1301 1248 quam
1313 1183 1384 1230 cor-

205 1292 300 1356 pore,
313 1278 525 1350 exercentur,
539 1274 628 1338 sicut
640 1273 983 1339 aestimationemnon
995 1273 1173 1357 recipiunt,
1188 1273 1236 1337 ita
1248 1273 1384 1357 proprie

206 1399 275 1446 uon
300 1381 457 1447 locantur
472 1403 478 1443 :
494 1384 533 1445 ut
557 1381 679 1447 docere
704 1381 857 1447 liberalia
880 1380 1006 1457 studia,
1031 1380 1179 1457 mederi,
1204 1379 1382 1446 advocare.

207 1489 302 1554 Unde
323 1490 414 1574 quod
431 1509 493 1572 pro
510 1491 559 1554 eis
581 1489 735 1566 solvitur,
754 1490 977 1554 honorarium
995 1491 1152 1564 vocatur,
1170 1493 1205 1552 et
1224 1487 1386 1553 salarium

207 1597 298 1684 quod
317 1597 460 1679 proinde
482 1597 620 1681 petitur,
644 1615 715 1662 non
739 1597 870 1661 actione
889 1596 1060 1676 conducti,
1083 1595 1145 1661 sed
1168 1596 1387 1661 corrdcclioue

207 1706 299 1785 certi,
324 1706 353 1769 si
377 1705 458 1790 quid
482 1710 614 1770 certum
638 1705 847 1788 promissum
872 1709 938 1782 est,
957 1704 1013 1771 vel
1037 1724 1080 1771 ex
1100 1704 1277 1789 stipulatu,
1299 1703 1328 1769 si
1350 1703 1387 1768 in

205 1814 294 1880 facto
308 1815 464 1880 consistit
479 1814 570 1900 quod
582 1814 791 1898 promissum
806 1817 869 1892 est,
885 1813 942 1880 vel
959 1813 1106 1899 denique
1123 1813 1235 1880 otiloio
1248 1811 1384 1899 judicis.

246 1923 347 1990 3⁰An
368 1924 443 2007 quis
467 1925 721 2008 inperpetuum
741 1923 843 1987 elteri
860 1923 969 1988 locare
989 1941 1127 2007 operam
1146 1941 1245 1987 raom
1256 1922 1388 2008 possit?

205 2031 471 2115 Negantplures,
491 2031 571 2114 quia
587 2029 902 2114 nonvaletpactum
919 2049 987 2116 quo
998 2031 1074 2114 quis
1089 2048 1126 2096 se
1141 2047 1280 2096 servum
1290 2029 1385 2106 iacit;

206 2138 267 2203 sed
281 2139 474 2204 communis
487 2137 659 2203 sententia
671 2137 830 2215 aissrmat,
850 2155 930 2202 cum
944 2137 1028 2202 nihil
1041 2139 1169 2214 obstet3
1188 2155 1269 2202 nam
1283 2137 1386 2219 longe

206 2249 342 2315 diversa
362 2251 444 2312 eunt
465 2265 541 2313 esse
565 2265 704 2312 servum
729 2251 763 2312 et
787 2265 863 2312 esse
888 2247 1069 2324 famulum,
1098 2252 1133 2314 et
1149 2247 1252 2330 louge
1271 2247 1386 2312 minus

206 2357 382 2423 servitutis
400 2356 549 2440 speciem
568 2357 672 2421 habet
692 2355 849 2421 addicere
873 2375 953 2422 suas
978 2375 1101 2440 operes
1119 2357 1155 2422 in
1180 2359 1387 2442 perpetuum

207 2467 315 2543 alteri,
348 2484 451 2552 quem
469 2485 505 2532 se
531 2467 699 2552 subjicere
718 2467 948 2550 jurisdictioni
970 2467 1119 2546 alterius,
1151 2466 1242 2553 quod
1271 2470 1387 2534 tamen

208 2580 261 2642 est
273 2575 414 2642 licitum.

674 2753 832 2818 suerio
856 2757 918 2818 111.

379 2909 607 2976 obligationes
623 2913 659 2964 et
673 2911 751 2976 ture
766 2910 925 2964 locaberis
940 2914 976 2964 et
991 2909 1214 2966 conductoris.

542 3097 562 3146 l.
580 3093 771 3162 obligationes
785 3094 892 3159 altura
904 3094 1045 3148 locutoria.

246 3226 332 3292 Aule
348 3229 464 3294 omnia
476 3229 723 3294 attendendum
739 3234 792 3294 est
805 3229 847 3295 ad
863 3229 1028 3319 speciales
1045 3231 1292 3296 conventiones
1306 3249 1387 3296 oon-

209 3338 415 3402 trahentium
431 3341 466 3404 et
478 3337 745 3404 consuetudines
759 3338 925 3404 locorum.
941 3339 999 3403 llis
1014 3344 1130 3404 autem
1145 3339 1341 3424 suppositis,

250 3447 283 3530 o)
291 3448 435 3511 Locotor
441 3467 565 3524 rerum,
574 3447 608 3511 vi
614 3446 804 3525 locationis,
820 3449 1205 3532 sequentespraesertim
1218 3448 1388 3514 contrahit

208 3554 453 3636 obligationes:
469 3556 500 3619 1⁰
515 3555 622 3620 Debet
635 3559 797 3639 praestare
818 3575 892 3620 rem
914 3555 1061 3621 locatam
1082 3556 1280 3622 conductori
1302 3561 1387 3621 tem-

162 3712 163 3716 ,
207 3681 290 3746 pore
305 3667 339 3727 et
352 3662 456 3727 modo
471 3667 657 3740 convento;
673 3662 752 3727 hinc
767 3663 806 3738 si,
824 3666 978 3746 tempore
1002 3668 1184 3737 convento,
1201 3664 1388 3730 conductor

208 3791 245 3837 re
259 3771 428 3837 conducta
438 3771 505 3834 irui
520 3773 680 3854 nequeat,
696 3769 827 3836 locator
841 3775 978 3835 tenetur
991 3771 1033 3836 ad
1046 3772 1299 3836 refundendum
1313 3792 1388 3857 pre·

210 3881 296 3945 tium
311 3884 346 3944 et
360 3877 463 3943 simul
477 3878 521 3942 ad
534 3877 711 3942 iuteresse.
732 3877 798 3944 Sed
812 3878 855 3943 ad
869 3879 981 3944 solum
994 3881 1142 3963 pretium
1158 3883 1342 3959 teneretur,
1359 3881 1387 3945 si

208 3987 494 4073 impedimentum
510 4004 579 4051 non
600 4005 643 4051 ex
661 4003 764 4051 causa
779 3985 950 4064 locatorio,
968 3985 1028 4052 sed
1043 3987 1180 4054 aliunde
1194 3989 1385 4073 proveniat.

158 4093 160 4096 ’
247 4098 280 4160 9⁰
294 4095 470 4178 obligatur
484 4075 642 4179 reparare
664 4095 855 4178 reparanda
873 4097 910 4161 in
926 4096 1028 4162 domo
1044 4096 1099 4163 vel
1111 4097 1146 4162 in
1160 4116 1198 4162 re
1212 4097 1332 4174 locata,
1350 4102 1389 4162 ut

209 4205 397 4272 conductor
405 4203 510 4269 modo
523 4207 558 4268 et
571 4207 726 4287 tempore
734 4209 917 4282 convento,
932 4223 974 4270 ea
981 4205 1049 4270 frui
1059 4205 1240 4271 commode
1254 4205 1386 4270 valeat:

210 4333 254 4378 ex
276 4311 359 4378 Gall.
383 4311 457 4395 (art.
477 4311 567 4388 liiii,
588 4311 698 4392 liban
720 4311 755 4375 id
774 4310 918 4394 intelligi
936 4311 1037 4377 debet
1056 4312 1097 4379 de
1116 4313 1388 4397 reparationibus

210 4419 411 4504 majoribus,
428 4437 499 4484 non
514 4419 556 4484 de
571 4419 611 4482 iis
628 4417 838 4505 quegallioe
857 4419 1016 4485 dicuntur
1030 4421 1198 4486 locutives.

251 4529 285 4594 3ο
300 4528 486 4610 Obligatur‚
504 4528 626 4594 saltem
640 4547 683 4594 ex
694 4531 772 4612 Jure
784 4529 865 4596 call.
884 4533 958 4614 (art.
976 4532 1077 4615 lna),
1093 4549 1168 4596 rem
1178 4547 1387 4609 assecurare,

213 4639 340 4706 scilicet
358 4639 602 4708 conductorem
616 4641 704 4706 tueri
725 4639 1015 4725 aperturbatione
1031 4657 1135 4725 quam
1155 4639 1300 4724 experiri
1313 4657 1392 4724 pos·
1453 4629 1455 4634 ’

215 4748 317 4816 setin
336 4767 401 4816 usu
423 4749 484 4826 rei,
506 4749 578 4815 sive
599 4751 678 4836 quia
696 4749 905 4836 perturbatio
923 4749 1011 4834 juris
1031 4749 1130 4816 fleret
1147 4767 1167 4817 a
1185 4748 1297 4826 tertio,
1319 4749 1391 4816 sive
