3498 5572
565 613 651 658 arsen
672 614 798 660 renrrus
821 612 1043 660 oneraremur.
1336 595 1396 658 fae

215 730 378 804 debitum,
396 747 466 793 non
488 747 571 794 vero
584 747 605 792 a
619 735 740 796 mutua
753 729 1004 795 cohabitatione
1020 733 1054 792 et
1068 729 1200 792 caeteris
1223 730 1395 812 obsequiis

214 835 467 920 conjugalibus3
484 854 566 918 ergo
580 836 722 919 quilibet
739 840 867 920 conjux
879 837 1046 919 suumjus
1057 835 1183 900 retinet
1195 835 1236 900 ad
1248 835 1396 920 petenda

214 946 286 1010 haec
300 945 474 1028 obsequia.

253 1055 286 1120 2⁰
300 1056 352 1118 An
367 1054 561 1137 repetitioni
582 1053 677 1119 locus
700 1055 755 1131 sit,
780 1056 884 1119 etiam
901 1071 983 1118 casu
1007 1071 1075 1137 quo
1090 1057 1233 1138 uterque
1257 1057 1395 1137 conjux,

193 1175 198 1186 ¹
213 1165 334 1226 mutua
345 1161 482 1227 licentia
497 1180 566 1226 non
582 1162 732 1238 obtenta,
751 1161 953 1243 religionem
967 1162 1144 1241 ingressus
1160 1179 1306 1246 eamque
1319 1179 1397 1246 pro-

213 1271 327 1334 fessus
341 1274 416 1333 est?

254 1379 353 1461 Resp.
372 1378 405 1442 Si
424 1382 568 1462 uterque
586 1380 651 1442 fuit
669 1379 827 1444 conscius
847 1378 1070 1460 professionis
1094 1377 1251 1454 alterius,
1276 1382 1398 1443 neuter

214 1485 360 1550 alterum
381 1503 542 1550 revocare
566 1491 692 1569 potest,
712 1486 792 1568 quia
809 1489 891 1548 tnnc
908 1484 1053 1548 habetur
1073 1485 1195 1550 tacitus
1209 1503 1399 1550 consensus

214 1613 257 1658 ex
271 1599 415 1676 utraque
431 1600 542 1677 parte;
560 1599 595 1658 et
614 1593 707 1658 valet
727 1593 783 1658 ille
805 1611 1005 1669 consensus,
1023 1597 1141 1676 utpote
1164 1593 1244 1678 quia
1264 1593 1397 1658 nullum

214 1701 350 1768 videtur
364 1700 487 1766 afferre
502 1700 739 1784 praejudicium
752 1705 786 1764 et
802 1699 985 1783 aequivalet
999 1717 1173 1783 expresso.

255 1809 289 1873 Si
311 1813 455 1893 uterque
477 1809 604 1874 inscius
625 1807 739 1884 fuerit,
757 1808 857 1872 datur
875 1807 971 1872 locus
985 1809 1181 1890 repetitioni
1196 1827 1239 1874 ex
1254 1813 1398 1894 utraque

214 1923 320 2001 parte,
335 1935 414 1982 cum
436 1923 558 1982 neuter
576 1917 735 1983 habuerit
748 1917 922 1982 licentiam
936 1916 1087 1992 alterius,
1104 1935 1144 1982 ac
1162 1917 1306 2000 proinde
1323 1937 1400 2001 pro-

213 2025 318 2091 fessio
344 2027 388 2089 sit
410 2024 569 2090 invalida.
597 2024 647 2088 lte
672 2025 890 2090 communior
911 2025 1082 2090 sententia
1110 2029 1230 2090 contra
1254 2025 1397 2108 aliquos,

215 2136 272 2217 qui
296 2133 495 2217 simpliciter
515 2139 654 2214 negant,
682 2134 761 2216 quia
786 2137 908 2197 neuter
931 2135 1096 2216 conqueri
1129 2137 1243 2216 potest
1265 2135 1307 2198 ab
1332 2133 1399 2199 alio

213 2242 319 2307 fuisse
346 2241 539 2324 spoliatum.
571 2241 697 2306 Tamen
726 2246 849 2306 neuter
874 2245 992 2324 posset
1020 2247 1138 2323 petere
1170 2247 1230 2306 aut
1256 2240 1400 2306 reddere

215 2350 382 2423 debitum,
400 2349 481 2431 quia
495 2353 637 2431 uterque
657 2347 783 2429 ligatus
807 2354 900 2412 esset
916 2353 997 2414 voto
1020 2347 1163 2431 simplici
1180 2348 1399 2414 continentias

215 2459 255 2538 (c.
271 2457 337 2520 3h.
355 2459 403 2538 t.).

255 2566 287 2628 3⁰
296 2565 348 2627 An
363 2565 556 2647 repetitioni
571 2565 614 2628 sit
629 2564 779 2641 locus,in
789 2581 870 2630 casu
881 2582 949 2647 quo
961 2564 1067 2629 altera
1077 2581 1166 2646 pars,
1178 2565 1397 2630 consentiens

215 2673 396 2754 ingressui,
424 2673 634 2754 ignoraverit
657 2673 931 2755 praescriptiones
952 2673 1050 2755 juris,
1070 2673 1193 2756 quibus
1212 2674 1286 2756 ipsa
1305 2678 1398 2736 tene·

146 2847 151 2860 ¹
215 2785 271 2844 tur
284 2785 343 2845 aut
355 2780 490 2862 ingredi
504 2779 708 2862 religionem
723 2786 783 2845 aut
796 2785 998 2864 perpetuam
1012 2799 1138 2846 vovere
1151 2780 1398 2845 continentiam
1490 2863 1497 2880 ·

214 2888 251 2951 in
266 2887 412 2954 saeculo‘l

254 2997 507 3080 Respondetur:
518 2997 556 3061 ln
570 2999 635 3063 hoc
649 3016 742 3076 casu,
756 3003 870 3082 potest
881 2999 955 3062 fleri
970 2999 1153 3076 revocatio,
1168 3003 1203 3062 et
1216 3002 1397 3063 revocatus

213 3105 324 3170 redire
346 3109 492 3181 tenetur,
517 3107 597 3189 quia
617 3125 736 3190 reapse
759 3123 837 3190 pars
859 3107 979 3188 ignara
997 3107 1070 3170 talis
1087 3107 1303 3187 obligationis
1327 3125 1397 3172 non

213 3214 327 3278 amisit
345 3215 414 3295 jus,
431 3217 466 3276 et
482 3211 633 3294 periculo
657 3214 913 3278 incontinentiae
935 3214 1041 3296 partis
1066 3215 1192 3278 relictas
1215 3214 1397 3280 insaecula

212 3321 462 3386 consulendum
487 3327 549 3385 est.
565 3323 809 3388 Verumtamen
836 3341 915 3405 pars
942 3328 1103 3388 revocata
1129 3327 1247 3405 petere
1277 3323 1398 3406 nequit

215 3428 367 3494 debiturn
384 3429 576 3512 conjugale,
594 3431 674 3513 quia
687 3449 749 3514 per
763 3432 1030 3506 revocationem,
1045 3431 1215 3513 professio
1238 3449 1312 3513 quae
1333 3429 1398 3494 fuit

214 3537 337 3614 valida,
346 3543 476 3602 nonest
487 3537 610 3604 soluta.
621 3537 693 3603 lmo
703 3543 780 3620 post
793 3543 939 3604 mortem
950 3538 1078 3614 uxoris,
1090 3537 1133 3603 ad
1145 3538 1394 3603 monasterium

214 3644 325 3709 redire
341 3643 443 3708 debet
457 3645 497 3726 (c.
512 3645 532 3707 3
545 3645 579 3706 h.
596 3645 645 3726 t).

255 3751 321 3816 Sed
336 3751 515 3834 episcopus
529 3751 586 3816 vel
598 3752 758 3835 praelatus
772 3772 842 3818 non
858 3753 960 3818 debet
975 3755 1154 3820 admittere
1172 3756 1397 3836 conjugatum

215 3859 258 3923 ad
272 3859 530 3942 professionem,
548 3859 614 3923 nisi
634 3860 676 3924 ad
694 3861 841 3925 formam
860 3879 888 3925 c.
904 3863 923 3926 8
951 3862 1054 3945 hujus
1082 3861 1180 3938 tituli,
1198 3879 1266 3946 qua
1291 3861 1398 3926 altera

215 3983 305 4047 pars,
323 3967 379 4031 vel
394 3965 597 4048 religionem
611 3967 847 4050 amplectatur,
863 3968 920 4033 vel
934 3970 1182 4034 continentiam
1197 3973 1333 4033 voveat.

255 4074 350 4138 Nora.
368 4075 414 4138 De
430 4075 654 4140 conversione
669 4077 844 4158 conjugati
862 4077 904 4143 ad
927 4095 1041 4142 sacros
1062 4077 1199 4142 ordines
1213 4077 1268 4140 hic
1280 4082 1399 4160 posset

217 4180 402 4264 disputari;
427 4182 487 4247 sed
521 4183 646 4247 sufficit
678 4203 820 4249 monere
856 4185 948 4270 qnod
974 4186 1144 4268 susceptio
1171 4185 1300 4250 ordinis
1328 4204 1399 4250 non

217 4287 345 4352 dirimit
365 4291 626 4356 matrimonium
652 4295 778 4368 ratum,
796 4298 898 4357 antea
916 4291 1136 4356 celebratum.
1167 4292 1296 4376 ltaque,
1327 4293 1398 4356 sive

216 4398 475 4462 matrimonium
497 4398 704 4463 antecedens
729 4400 772 4462 sit
795 4405 919 4474 ratum,
947 4401 1018 4464 sive
1041 4400 1085 4463 sit
1107 4405 1396 4476 consummatum,

101 4541 103 4550 ι
215 4505 399 4587 requiritur
414 4523 552 4587 semper
561 4523 751 4570 consensus
766 4508 883 4572 uxoris
901 4508 1129 4590 undequaque
1141 4508 1237 4571 liber.
1255 4508 1288 4571 Si
1308 4509 1395 4591 quis,

216 4630 324 4676 uxore
345 4613 462 4686 invita,
480 4629 594 4676 sacros
615 4613 752 4680 ordines
768 4615 966 4697 susceperit,
983 4619 1097 4696 potest
1111 4616 1152 4679 ab
1173 4614 1230 4679 illa
1243 4617 1396 4680 revocari

217 4724 256 4782 ut
268 4726 383 4786 servet
396 4719 607 4788 individuam
621 4721 700 4786 vitae
713 4722 1009 4799 consuetudinem,
1027 4727 1061 4788 et
1085 4723 1236 4788 debitum
1251 4721 1393 4786 reddere
