3498 5572
603 633 689 678 maan
711 633 835 678 rannus
857 633 1078 677 encaemorum
1243 629 1246 635 ·
1372 613 1429 677 tal

251 750 383 814 solvere
398 769 567 833 expensas
583 769 659 834 quar
673 752 771 814 factet
789 751 927 814 suntad
941 768 1040 814 suam
1057 751 1344 815 sustentationem
1362 770 1368 812 :
1386 751 1433 814 ita

251 876 382 934 emesa,
400 877 443 921 ex
457 875 485 922 c.
502 857 693 939 Trid.(sess.
705 859 756 934 25,
768 877 797 922 o.
807 859 856 933 16,
865 859 906 922 de
917 859 1021 940 dep).
1036 857 1075 920 Et
1085 857 1173 922 ratio
1186 862 1249 934 est,
1262 859 1342 941 quia
1355 877 1432 941 pro-

251 965 341 1031 batio
356 983 471 1031 annua
484 972 555 1030 non
571 969 705 1030 tantum
717 966 761 1030 ad
775 967 905 1030 bonum
919 965 1050 1037 novitii,
1068 965 1128 1030 sed
1144 965 1248 1030 etiam
1258 965 1433 1047 religionis

250 1073 406 1138 instituta
420 1077 491 1150 est;
506 1073 628 1138 deinde
653 1073 680 1136 si
699 1073 820 1154 religio
841 1073 954 1155 ipsum
975 1073 1069 1149 aluit,
1097 1073 1202 1138 etiam
1222 1073 1294 1156 ipsa
1321 1073 1433 1138 eidem

251 1182 378 1247 serviit.
413 1181 528 1260 Secus,
558 1181 586 1246 si
608 1183 684 1266 quis
711 1183 790 1247 neto
813 1181 928 1246 animo
952 1181 1194 1262 ingrederetur
1217 1181 1431 1263 religionem,

252 1292 332 1376 quia
345 1297 438 1358 essct
451 1293 591 1358 dolosus
603 1292 774 1376 deceptor.
793 1291 827 1356 Si
842 1292 994 1356 novitius
1010 1295 1120 1368 exeat,
1138 1291 1254 1356 omnia
1268 1308 1331 1354 sua
1344 1290 1436 1354 bona

251 1401 314 1464 sub
328 1419 432 1484 prena
446 1400 672 1466 anathematis
687 1399 718 1464 ei
733 1399 947 1464 restituenda
972 1403 1075 1474 sunt3
1101 1399 1183 1475 imo,
1207 1397 1305 1464 valor
1327 1397 1435 1462 vestis

251 1507 428 1590 regularis,
445 1508 590 1592 propriis
604 1508 724 1573 novitii
738 1507 891 1592 pecuniis
906 1507 1082 1583 confecta,
1097 1510 1189 1571 esset
1203 1507 1235 1572 ei
1254 1505 1436 1570 restituen-

143 1659 150 1674 .
252 1614 327 1692 dus,
342 1619 380 1678 ut
392 1615 574 1686 declaravit
588 1616 619 1679 S.
638 1615 760 1698 Gongr.
778 1615 877 1680 Gono.
894 1615 935 1679 28
952 1617 1036 1698 sept.
1054 1613 1146 1679 1686:

292 1722 322 1804 b)
334 1721 519 1807 Prtottepr’a
528 1723 738 1788 novitiorum
752 1721 929 1807 complura
938 1727 1029 1786 sunt.
1049 1759 1086 1769 —
1101 1723 1132 1786 1ο
1142 1721 1181 1786 In
1191 1720 1436 1787 favorabilibus

251 1831 588 1916 comprehenduntur
610 1833 750 1898 nomine
777 1831 1036 1915 religiosorum;
1062 1831 1142 1896 inde
1166 1837 1248 1896 sunt
1279 1849 1435 1914 personae

253 1939 498 2017 ecclesiasticas,
526 1945 560 2006 et
582 1946 835 2026 consequenter
857 1941 1011 2024 gaudent
1033 1939 1213 2026 privilegio
1234 1941 1375 2006 canonis
1402 1945 1437 2006 et

252 2050 334 2126 fcri;
348 2051 381 2112 2⁰
395 2049 548 2132 gaudent
558 2050 746 2132 privilegiis
766 2055 801 2114 et
821 2048 1046 2131 indulgentiis
1068 2067 1140 2113 sure
1151 2048 1338 2130 religionis,
1356 2051 1437 2134 quia

250 2161 323 2242 Jam
339 2163 585 2222 enumerantur
600 2157 691 2222 inter
712 2157 868 2222 membra
892 2157 1084 2239 religionis3
1101 2157 1134 2220 3ο
1153 2161 1333 2240 possunta
1351 2177 1437 2242 pree·

252 2265 322 2331 lato
348 2265 477 2332 ordinis
499 2265 631 2330 absolvi
651 2264 880 2340 areservatis,
907 2264 1097 2348 dispensari
1112 2263 1147 2328 in
1162 2265 1263 2340 votis,
1280 2265 1436 2350 aliisque,

253 2373 314 2438 sed
326 2375 426 2456 juxta
455 2376 610 2437 tenorem
636 2372 917 2456 privilegiorum
940 2373 973 2436 4⁰
994 2377 1076 2438 sunt
1094 2374 1267 2438 immunes
1289 2393 1309 2438 a
1331 2374 1438 2438 tribu-

254 2481 298 2544 tis
326 2486 361 2544 et
385 2478 608 2562 vectigalibus
637 2472 809 2545 solvendis
838 2499 881 2544 ex
905 2481 1004 2545 bonis
1019 2480 1324 2563 patrimonialibus,
1349 2482 1437 2546 sicut

254 2587 328 2653 aliae
350 2606 507 2671 personae
529 2587 764 2654 ecclesiasticae
790 2589 833 2652 ab
858 2587 981 2652 iisdem
1006 2588 1180 2652 immunes
1206 2593 1304 2665 sunt;
1327 2590 1359 2652 5⁰
1378 2593 1437 2674 jus
1500 2639 1504 2647 .

252 2697 392 2772 babent,
405 2696 440 2759 vi
452 2695 658 2779 receptionis
667 2696 703 2759 in
719 2695 935 2771 novitiatum,
948 2699 988 2758 ut
1002 2695 1077 2760 sine
1088 2697 1184 2779 justa
1195 2713 1299 2762 causa
1313 2697 1437 2764 dimitti

254 2822 324 2870 non
338 2805 471 2889 possint
485 2825 493 2880 ;
510 2805 601 2869 unde
615 2805 650 2870 in
666 2805 780 2880 dubio,
805 2804 1007 2889 capitulares
1023 2805 1103 2870 dare
1122 2805 1248 2870 debent
1268 2805 1436 2872 calculum

252 2911 485 2989 favorabilem,
503 2931 602 2977 secus
613 2915 692 2996 Jure
713 2917 806 2978 certo
831 2913 1024 2996 privaretur
1046 2912 1089 2977 ob
1117 2931 1256 2978 causam
1278 2915 1434 2993 dubiam;

254 3039 363 3098 secus,
379 3021 406 3086 si
422 3025 582 3104 ageretur
595 3024 636 3086 de
651 3023 847 3106 receptione
861 3023 897 3087 in
913 3022 1129 3098 novitiatum,
1144 3023 1225 3106 quia
1238 3026 1320 3088 tunc
1333 3043 1437 3091 causa

254 3128 357 3195 dubia
366 3131 491 3196 suflicit
505 3132 548 3196 ad
563 3131 814 3197 excludendum
829 3131 998 3196 novitium
1011 3152 1018 3207 ;
1033 3131 1067 3196 6⁰
1082 3131 1226 3197 durante
1237 3150 1328 3197 anno
1341 3133 1437 3198 novi-

253 3239 369 3316 tiatus,
388 3243 534 3323 possunt
556 3241 704 3304 retinere
726 3239 932 3304 beneficium
952 3240 1230 3315 ecclesiasticum,
1248 3241 1436 3307 dummodo

253 3346 459 3410 constitutus
483 3347 527 3410 sit
549 3347 696 3411 vicarius
715 3347 770 3430 qui
792 3347 958 3412 beneflcio
983 3347 1174 3424 deserviat;
1200 3346 1371 3429 colligitur
1394 3367 1438 3413 ex

253 3473 281 3518 c.
297 3455 327 3530 l,
345 3458 380 3518 et
401 3453 540 3520 libertas
554 3473 714 3537 egressus
738 3455 803 3520 boc
827 3455 965 3538 exigere
987 3455 1133 3520 videtur.
1153 3455 1314 3538 Sequitur
1333 3455 1435 3521 colla-

253 3565 382 3628 tionem
409 3563 578 3648 ejusmodi
605 3563 784 3640 beneficii,
817 3565 960 3631 durante
990 3583 1081 3630 anna
1110 3564 1316 3640 novitiatus,
1360 3584 1436 3630 esse

252 3671 394 3736 irritam.

294 3779 323 3860 c)
348 3780 466 3856 Quoad
488 3799 592 3846 onera
617 3783 834 3862 novitiorum,
862 3783 1053 3847 notandum
1081 3785 1134 3846 est
1160 3781 1261 3866 quod,
1290 3781 1370 3846 licet
1392 3781 1436 3846 ad

254 3887 382 3970 regular
401 3889 655 3955 observantiam
680 3891 806 3956 directe
833 3909 902 3957 non
926 3891 1131 3972 obligentur,
1158 3892 1274 3956 tamen
1289 3891 1437 3954 subsunt

254 3997 414 4077 potestati
428 3997 568 4080 praelati.
585 3997 617 4060 1ο
632 3999 706 4063 Non
725 3999 919 4063 subduntur
931 3997 1071 4080 ragulae,
1097 4003 1135 4062 ut
1153 3999 1278 4063 docent
1300 4016 1432 4062 omnes.

253 4103 351 4168 Ratio
366 4109 428 4181 est,
446 4106 525 4188 quia
538 4110 659 4170 votum
674 4107 876 4171 obedientias
890 4107 1045 4172 nondum
1060 4107 1258 4182 emiserunt,
1277 4111 1312 4170 et
1326 4109 1435 4171 status
1540 4159 1542 4168 ,

253 4210 391 4276 illorum
407 4231 478 4277 non
493 4213 599 4294 exigit
619 4213 707 4278 hanc
722 4213 977 4296 obligationem.
1000 4217 1074 4280 Dixi
1093 4235 1100 4278 :
1118 4241 1133 4274 o
1149 4214 1274 4280 directe
1290 4239 1305 4272 »
1322 4234 1329 4290 ;
1355 4231 1436 4278 nam

255 4319 409 4384 decentia
427 4326 462 4384 et
473 4321 635 4386 honestas
651 4323 797 4387 suadent
810 4328 848 4387 ut
858 4323 923 4407 ipsi
933 4324 1090 4406 regulam
1106 4326 1255 4398 servent,
1270 4323 1328 4406 qui
1344 4322 1437 4385 simi-

252 4425 323 4490 lem
336 4439 416 4491 cum
429 4427 504 4492 aliis
519 4427 625 4492 vitam
639 4429 838 4513 suscipiunt,
861 4435 936 4494 tum
952 4431 1031 4515 quia
1052 4449 1150 4496 secus
1174 4434 1266 4495 esset
1280 4429 1435 4494 confusio

255 4538 290 4598 et
316 4535 527 4616 perturbatio
556 4536 592 4600 in
620 4535 749 4601 ordine.
781 4537 846 4602 Sed
875 4539 907 4602 2⁰
936 4539 1083 4604 subsunt
1108 4538 1272 4622 praelatis3
1301 4537 1436 4601 namsi

254 4642 374 4707 novitii
396 4661 466 4708 non
493 4645 742 4727 subjicerentur
756 4645 802 4710 illi
819 4647 991 4730 potestati,
1014 4648 1112 4728 vagis
1126 4648 1436 4712 annumerarentur

245 4751 313 4834 .qui
336 4749 420 4814 nulli
440 4751 668 4834 jurisdictioni
691 4755 863 4832 subsunt;
888 4775 967 4820 nam
991 4774 1034 4821 ex
1059 4774 1128 4820 una
1146 4758 1257 4838 parte,
1280 4757 1433 4835 tempore
