3440 5568
387 559 470 607 sanis
491 557 677 604 nnosroncn
697 555 834 604 nncnnrr
854 556 892 602 sc
915 554 1167 602 nncasnsrrorvns.
1306 535 1367 599 645

91 745 95 750 ,
223 677 306 740 Valet
320 679 480 752 professio,
496 677 522 736 si
535 677 668 737 novitius
683 681 751 753 post
773 679 948 750 susceptum
963 673 1098 733 habitum
1120 688 1173 748 par
1196 676 1292 732 totum
1316 682 1366 731 an·

188 781 261 827 num
285 767 392 844 partim
415 773 533 826 maneat
551 768 630 824 intra
650 765 878 834 monasterium,
901 765 1007 840 partim
1027 768 1112 821 extra
1125 761 1211 833 illud,
1227 761 1284 820 sub
1299 759 1366 819 obe

188 858 301 918 dientia
314 858 480 931 superioris
497 856 595 932 (ibid,
610 855 627 930 ἓ
641 857 678 928 3).
1096 862 1098 868 ·

224 951 258 1008 itt
272 949 417 1017 collaesi,
433 947 505 1022 quia
520 947 686 1020 superioris
698 945 830 1016 lieentia,
841 945 925 1018 justa
939 945 975 1002 de
989 957 1083 1004 causa
1098 943 1177 1014 data,
1200 949 1230 1001 et
1252 942 1368 1002 iaciens

178 1039 254 1113 ⁸ejus
267 1043 413 1111 praecepta
425 1037 612 1104 elinandum,
628 1037 766 1096 sulilcere
780 1033 900 1096 videtur
912 1035 949 1096 ad
970 1033 1156 1108 implendum
1169 1047 1284 1092 annum
1300 1047 1365 1092 suae

187 1125 374 1202 probationis
384 1125 513 1184 tirocinii
529 1125 637 1200 (ibid).
940 1117 942 1122 ’
1153 1167 1156 1178 .

224 1219 295 1274 item
319 1217 390 1290 qula
415 1215 497 1276 nullo
517 1217 586 1291 J‘ure
600 1222 733 1286 cavetur,
747 1222 781 1274 ut
795 1217 927 1276 novitius
941 1216 1047 1275 debeat
1063 1229 1183 1272 manere
1198 1227 1318 1287 semper
1338 1219 1368 1272 et

189 1305 333 1364 continuo
348 1310 442 1365 toturn
459 1320 572 1366 annum
591 1307 670 1366 intra
683 1307 910 1377 monasterium,
922 1311 952 1365 et
964 1306 1044 1381 quod
1059 1310 1178 1379 patrum
1201 1301 1367 1362 sanctioni-

188 1394 246 1453 bus
260 1409 319 1454 non
334 1401 547 1470 cststatutum,
563 1398 775 1471 superstitiosa
788 1397 962 1456 inventione
983 1411 1044 1454 non
1059 1401 1105 1454 cst
1120 1391 1363 1469 praesumendum

191 1487 297 1561 (idid).
1455 1479 1461 1495 ⁸

224 1581 307 1650 ilem,
331 1580 411 1653 quod
434 1579 598 1655 religiosus
621 1596 746 1641 manens
769 1587 854 1640 extra
874 1579 1090 1640 monasterium
1114 1577 1171 1638 sub
1197 1574 1369 1635 obedientia

189 1669 366 1742 superioris,
380 1677 408 1730 et
422 1685 491 1730 curn
506 1671 573 1745 ejus
588 1671 719 1742 licentia,
734 1671 851 1730 ridetur
863 1671 993 1730 residere
1006 1667 1170 1728 introillud
1185 1664 1295 1739 (ibid).

224 1758 315 1817 Aliter
324 1766 511 1833 sequeretur,
525 1761 719 1834 quodomnes
732 1761 836 1820 novitii
850 1760 1104 1832 noncomplorent
1114 1771 1211 1816 annos
1221 1753 1366 1825 tirocinii,

189 1848 215 1908 si
227 1848 303 1908 intra
317 1864 430 1910 aunum
445 1857 556 1910 exeunt
570 1867 639 1912 cum
652 1851 817 1925 superioris
833 1851 962 1910 licentia.
979 1850 1086 1926 (itta).

224 1941 344 2000 Necnon
372 1947 473 2000 emant
495 1956 582 2016 reges
604 1948 634 2000 et
647 1942 810 2015 principes,
835 1943 887 2017 qui
910 1947 983 2000 sunt
1005 1939 1161 2015 generales
1183 1937 1366 2014 religionum

189 2027 373 2100 militarium,
389 2030 440 2103 qui
454 2030 625 2104 frequenter
639 2037 705 2104 post
726 2031 828 2091 datum
848 2030 981 2088 habitum
999 2029 1066 2088 suis
1081 2027 1229 2087 militibus
1242 2025 1367 2086 novitiis

189 2117 226 2174 ad
235 2117 422 2178 defendenda
435 2119 550 2193 aliquot
562 2121 671 2194 oppida
683 2121 800 2179 munita
810 2119 933 2178 mittunt
944 2119 1052 2194 (illd).

224 2207 298 2266 ilinc
313 2210 512 2282 consuetudo,
527 2211 640 2284 optima
661 2211 762 2286 legum
773 2211 931 2284 interpres,
948 2209 1054 2284 probat
1067 2209 1159 2284 quod,
1176 2223 1277 2268 annus
1291 2207 1363 2266 tiro-

189 2297 261 2356 cinii
276 2304 359 2357 extre
377 2300 594 2362 monasterium
610 2301 647 2359 de
661 2301 782 2360 licentia
801 2301 978 2375 superioris,
995 2301 1079 2374 iusta
1098 2299 1134 2357 de
1154 2313 1257 2370 cause,
1273 2297 1323 2374 agi
1337 2302 1367 2356 ct

189 2387 331 2460 compleri
343 2394 441 2462 potest
455 2387 564 2463 (ibid).

223 2475 368 2547 Novitius,
387 2477 415 2536 si
437 2479 538 2536 statim
557 2485 627 2552 post
647 2485 822 2554 susceptum
844 2479 991 2549 babilam,
1006 2479 1152 2552 inciperet
1167 2481 1312 2552 aegrotare
1338 2482 1368 2534 et

189 2569 322 2621 maneret
335 2579 415 2640 aeger
428 2571 567 2640 quatuor,
586 2582 650 2638 sex,
664 2573 693 2626 et
706 2568 809 2628 decem
829 2583 951 2626 menses
975 2568 1053 2626 intra
1072 2565 1289 2624 monasterium
1308 2563 1366 2623 sub

188 2653 367 2726 obedientia,
393 2661 492 2728 potest
509 2657 539 2714 in
564 2657 623 2716 tine
637 2658 708 2718 anni
731 2657 874 2732 profiteri,
890 2658 1057 2718 secundum
1076 2661 1207 2716 mentem
1228 2655 1365 2714 omnium

188 2743 343 2803 doctorum
351 2744 458 2819 (ibid).

222 2837 351 2908 Tempus
366 2835 495 2894 tirocinii
510 2837 622 2896 attendi
637 2837 723 2897 debet
735 2839 822 2913 juxta
836 2839 1066 2898 constitutiones
1077 2837 1270 2912 apostolicas,
1286 2834 1368 2893 clau·

189 2923 257 2983 sula
271 2947 285 2976 u
300 2925 456 2996 Sublatao
467 2931 496 2983 ct
506 2927 624 2986 decreto
639 2928 766 2988 irritanti
777 2929 1045 3004 munitas,absque
1062 2945 1097 2988 eo
1112 2927 1192 3003 quod
1207 2927 1239 2985 in
1250 2925 1365 3000 capitu-

189 3013 226 3074 lis
240 3015 432 3089 generalibus
443 3017 533 3077 luerit
546 3019 727 3092 dispositum
744 3021 853 3094 dleop,
867 3023 958 3093 cesa,
972 3019 1257 3094 indot.,1768,§8).

223 3107 258 3162 itt
283 3105 418 3179 suspicio
446 3107 587 3181 quelibet
611 3125 672 3168 non
696 3111 864 3171 existentia
892 3110 1129 3186 dispensationis
1155 3111 1187 3168 P.
1212 3106 1366 3183 generalis

188 3193 356 3253 excluditur
373 3211 410 3255 es·
425 3196 493 3256 aliis
515 3199 694 3270 rationibus
717 3200 788 3260 licet
810 3217 871 3260 non
887 3200 977 3260 fucrit
996 3201 1028 3260 in
1048 3199 1169 3258 archivo
1188 3194 1365 3271 provinciali

189 3283 309 3342 inventa
323 3283 418 3356 (itm,
436 3286 504 3360 §lli

225 3375 373 3432 Statutum
392 3377 482 3434 ostiu
503 3377 582 3451 jure,
606 3380 771 3440 solemnem
799 3387 829 3439 et
849 3396 1023 3454 expressam
1048 3377 1277 3452 professionem,
1298 3387 1366 3447 quae

187 3469 256 3521 ente
270 3465 419 3537 expletum
437 3467 600 3528 novitiatus
616 3484 730 3527 annum
747 3471 909 3540 emittatur,
925 3468 1084 3527 invalidam
1105 3479 1186 3536 esse,
1208 3469 1238 3522 et
1252 3461 1365 3522 nullam
1460 3465 1464 3474 '

188 3553 330 3612 inducere
345 3555 559 3630 obligationem
571 3559 717 3632 (Propera,
734 3561 829 3632 Prot,
839 3563 856 3617 t
868 3559 936 3632 julii
953 3557 1061 3630 {739,§
1075 3561 1112 3626 8).

228 3645 268 3698 lta
282 3643 376 3700 multo
388 3645 490 3702 minus
502 3645 592 3704 tacita
605 3647 704 3718 possit
717 3663 755 3705 er
773 3647 933 3720 quibusvis
948 3646 1064 3706 actibus
1079 3645 1182 3705 induci
1204 3639 1365 3717 professio,

190 3731 217 3790 si
233 3731 357 3804 integer,
373 3739 407 3790 ut
420 3733 451 3790 in
467 3747 552 3804 casu,
566 3749 625 3792 non
641 3737 829 3807 precesserit
843 3736 1030 3810 probationis
1044 3749 1144 3793 onnus
1158 3733 1266 3809 (ibid).

226 3825 331 3880 Annus
349 3822 479 3881 tirocinii
493 3823 530 3882 ad
543 3824 724 3882 validitatem
738 3825 937 3899 professionis
953 3824 1041 3884 debet
1055 3839 1123 3884 esse
1142 3823 1319 3898 completus,
1336 3827 1366 3880 et

191 3911 354 3972 continuus
370 3911 475 3983 (cord,
491 3912 571 3972 nult.
581 3914 675 3987 pros„
693 3917 724 3972 tc
735 3921 812 3989 sept.
830 3920 911 3986 rtet,
924 3915 941 3990 5
955 3919 992 3985 3).

226 4005 331 4062 Annus
345 4003 531 4078 probationis
555 4003 758 4064 uiridantino
774 4005 940 4079 praeiinitus
954 4005 1118 4064 continuus
1134 4019 1202 4063 esse
1223 4001 1321 4074 debet,
1337 4007 1368 4060 et

192 4091 228 4150 de
249 4099 400 4150 momento
421 4093 454 4150 in
477 4099 661 4152 momentum
681 4095 820 4170 progredi
842 4094 1092 4171 (Mediolanensi-s,
1115 4093 1208 4166 Prot,
1234 4093 1269 4150 29
1293 4105 1364 4166 aug.

195 4188 275 4254 trra,
289 4181 306 4255 g
321 4184 376 4254 ro).

229 4275 263 4330 lit
277 4286 377 4331 annus
392 4273 523 4333 tirocinii
537 4274 680 4348 compleri
695 4273 782 4334 debet
799 4291 868 4334 cum
881 4275 1047 4334 intentione
1060 4273 1203 4333 iaciendas
1218 4271 1368 4346 probatio

194 4362 242 4420 nis
267 4367 296 4420 et
316 4363 417 4421 animo
436 4363 607 4437 experiendi
628 4363 815 4440 religionem,
839 4378 874 4424 ac
894 4366 925 4423 in
945 4369 1025 4424 statu
1046 4363 1172 4424 actualis
1188 4361 1367 4423 obedientiae

194 4451 303 4526 (litu).

229 4545 269 4600 rtc
283 4542 390 4618 religio
405 4545 503 4618 magis
517 4545 666 4603 deseritur
679 4559 733 4618 per
746 4545 936 4606 deliberatam
951 4548 1133 4606 voluntatem
1148 4543 1284 4604 mutandi
1299 4555 1367 4616 pro·

195 4632 339 4704 positum,
355 4647 445 4706 quarn
461 4647 514 4706 per
525 4633 706 4692 materialem
722 4634 844 4694 babitus
858 4635 1068 4694 dimissionem
1080 4635 1177 4710 (itm,
1193 4635 1278 4710 511).

233 4721 359 4792 Quando
386 4738 439 4797 per
461 4737 493 4780 se
516 4737 576 4782 non
592 4724 723 4784 stetisset
744 4725 908 4800 quominus
929 4724 1064 4786 habitum
1088 4725 1264 4798 dimitteret,
1289 4731 1318 4785 et
1332 4727 1370 4788 ad
