3488 5564
449 16 501 32 ww·
540 14 544 25 ¹

482 629 568 678 LIBER
589 630 739 678 SECUNDUS
761 629 982 678 onerarentur.

601 991 786 1067 TITULUS
812 991 886 1064 Vll.

453 1168 496 1212 uu
522 1169 729 1214 runnunuro
755 1169 942 1214 cnnuuuru
964 1149 1015 1230 (l).

346 1478 366 1529 1.
384 1479 422 1529 Do
439 1477 542 1530 natura
558 1477 587 1529 et
604 1475 773 1529 necessitate
787 1475 943 1540 juramenti
961 1474 1130 1528 calumnia?

188 1615 220 1698 o)
236 1613 318 1679 Post
331 1613 426 1678 litem
445 1616 603 1698 utrinque
625 1619 861 1691 contestatam,
884 1615 1070 1700 imponitur
1090 1617 1324 1696 juramentum

150 1722 341 1800 calumniae,
358 1729 440 1806 puta
453 1723 609 1786 vitando.

190 1833 220 1894 l⁰
242 1831 316 1894 Vox
339 1831 542 1896 culrcmm'ari
563 1831 660 1896 aliter
682 1832 827 1896 sumitur
849 1832 883 1894 in
906 1831 1150 1910 criminalibus,
1175 1831 1272 1897 aliter
1292 1832 1327 1896 in

150 1941 316 2005 civilibus.
335 1940 372 2004 ln
387 1941 627 2018 criminalibus
652 1941 801 2006 ostfaloa
815 1943 957 2006 erimina
975 1942 1072 2006 alleri
1087 1943 1255 2008 intentare
1269 1962 1276 2017 ;
1292 1942 1327 2005 in

151 2049 317 2126 civilibus,
336 2055 387 2114 est
401 2069 525 2114 vexare
541 2049 686 2114 alterum
701 2051 737 2114 in
754 2050 882 2133 judicio
902 2070 963 2134 per
977 2050 1132 2115 fraudem
1146 2050 1202 2116 vel
1214 2069 1328 2114 moras

151 2157 394 2233 frustratorias,
411 2157 654 2222 etitusumitur
665 2158 877 2241 inpraesenti.
891 2157 970 2221 Ideo
986 2157 1146 2222 definitur
1158 2179 1165 2220 :
1177 2157 1234 2222 Est
1246 2156 1330 2222 illud

151 2287 216 2350 quo
233 2265 410 2349 litigantes
431 2285 545 2331 eoram
561 2267 675 2350 judice
697 2273 855 2332 asserunt
869 2287 1007 2334 oausam
1020 2288 1041 2333 a
1056 2287 1091 2333 se
1108 2267 1279 2333 bonafide
1293 2267 1329 2330 in

149 2376 276 2458 judicio
291 2376 576 2460 persequendam.
593 2375 674 2441 lnde

189 2485 221 2548 t·
246 2483 487 2548 duramentum
514 2483 598 2548 illud
627 2485 809 2568 deponitur
833 2485 875 2549 eh
901 2491 1014 2550 actore
1039 2490 1073 2549 et
1094 2505 1115 2550 a
1138 2503 1212 2562 reo;
1238 2487 1331 2550 a'otor

152 2593 243 2674 jurat
253 2591 297 2656 de
318 2591 485 2656 bonafide
502 2591 538 2655 in
550 2592 694 2672 agendo,
712 2597 746 2657 et
760 2611 840 2656 reus
854 2593 895 2656 de
911 2594 1001 2658 bona
1012 2593 1077 2658 ssde
1093 2593 1127 2658 iu
1137 2593 1329 2658 resistendo

157 2702 272 2765 aotori.
1291 2693 1293 2698 ’

190 2809 222 2872 3·
233 2809 397 2892 Sequitur
408 2811 642 2892 juramentum
657 2808 834 2874 calumniae
850 2810 1000 2890 praestari
1018 2827 1120 2894 super
1133 2814 1204 2874 tota
1215 2827 1328 2879 eausa:

155 2917 242 2982 unde
258 2935 381 2999 reapse
397 2921 449 2980 est
464 2935 599 3001 semper
612 2915 789 2998 generale3
806 2921 1011 3001 quapropter
1023 2917 1150 2980 dillert:
1161 2919 1192 2980 1⁰
1202 2937 1224 2980 a
1233 2919 1332 2999 juru-

156 3034 265 3088 mento
285 3025 446 3100 ueritatis,
465 3043 531 3108 quo
547 3027 668 3106 jurans
685 3024 832 3088 affirmat
852 3029 984 3088 tantum
997 3043 1033 3088 se
1053 3023 1141 3088 velle
1153 3027 1333 3090 veritatem

157 3131 285 3208 dicere;
303 3132 384 3195 dum
407 3151 469 3215 per
485 3134 721 3215 juramentum
742 3131 932 3207 calumnia,
950 3131 1071 3215 aliquis
1089 3136 1182 3216 jurat
1206 3153 1242 3198 se
1264 3153 1333 3198 ore-

157 3241 233 3305 dere
249 3240 342 3326 quod
358 3242 485 3305 bonam
499 3258 637 3304 oausam
653 3241 777 3303 habeat
787 3259 794 3314 ;
806 3240 837 3302 2⁰
849 3259 870 3302 a
877 3241 1076 3320 juramento
1091 3241 1243 3320 mulitia,
1255 3245 1333 3326 quia

158 3349 217 3413 hoc
228 3351 265 3413 iit
279 3347 581 3432 superparticulari
592 3347 744 3424 articulo,
761 3347 895 3430 quando
909 3349 1128 3431 praesumptio
1143 3356 1194 3412 est
1206 3349 1248 3413 de
1264 3368 1334 3414 rna-

159 3455 271 3520 litiosa
283 3455 460 3520 voluntate
474 3455 649 3536 litigantis.

196 3565 225 3646 b)
238 3565 289 3628 De
303 3564 497 3628 necessitate
507 3562 700 3643 juramenti
708 3562 896 3626 calumniae.
916 3563 1334 3630 t⁰Jnramentu1noatunr-

161 3673 222 3737 niae
236 3672 471 3736 neeessarium
485 3669 591 3734 estad
605 3670 788 3734 essentium
798 3669 915 3751 judieii
927 3670 1080 3754 plenarii,
1093 3671 1214 3737 saltem
1227 3675 1253 3736 si
1266 3677 1335 3738 exi-

161 3789 258 3862 gatur
268 3783 309 3846 ab
320 3781 530 3864 alteroparte
545 3783 584 3863 (o.
598 3782 612 3842 i
626 3785 660 3843 et
671 3781 690 3844 2
702 3781 735 3843 h.
747 3779 794 3859 t.);
807 3781 972 3844 namssnis
986 3779 1076 3845 illius
1083 3784 1268 3864 juramenti
1284 3791 1335 3847 est

162 3897 198 3955 ut
209 3891 290 3956 lites
302 3889 521 3956 ealumniosae
536 3889 695 3962 vitentur,
708 3894 820 3971 partes
836 3908 939 3954 onere
954 3890 1118 3972 probandi
1134 3898 1168 3955 et
1181 3893 1337 3956 molestia

162 4000 315 4084 litigandi
329 4001 526 4074 liberentur,
544 4003 578 4064 et
591 3999 717 4063 veritos
733 4000 884 4063 securius
899 4000 1135 4064 manifestetur
1151 4022 1158 4064 :
1176 4021 1337 4086 qua-aoru-

164 4110 217 4175 nia
229 4110 352 4176 suadet
371 4111 513 4195 aequitas
528 4107 702 4174 naturalis.

202 4221 499 4307 Dicituri’saltem
514 4222 544 4284 si
556 4221 722 4304 euiputur.
737 4221 820 4286 Nam
835 4223 863 4285 si
877 4241 954 4304 pars
969 4219 1075 4286 altera
1089 4221 1172 4286 illud
1186 4239 1255 4286 non
1271 4224 1338 4284 exi-

165 4337 230 4410 gat,
245 4336 406 4396 censetur
420 4331 519 4395 tacite
536 4331 735 4406 remissum;
752 4337 989 4396 verumtamen
1002 4349 1072 4395 non
1086 4335 1199 4414 potest
1212 4331 1338 4393 remitti

165 4445 378 4523 perpaulum
398 4457 611 4522 expressum,
637 4445 709 4504 tum
734 4438 812 4524 quio
832 4437 915 4504 illud
929 4444 1065 4522 paetum
1081 4444 1171 4502 esset
1184 4439 1338 4504 invitatio

167 4545 206 4609 ad
226 4545 445 4622 calumniam,
469 4551 542 4611 tum
570 4548 648 4634 quia
668 4549 903 4631 jurameutum
916 4545 1094 4611 calumniae
1108 4547 1339 4610 introduolnm

197 4709 230 4774 (t)
243 4710 280 4762 De
297 4710 343 4761 illo
361 4709 447 4776 agitur
466 4713 493 4761 t·
513 4711 540 4760 in
558 4711 693 4774 Pendeat„
713 4711 759 4763 lib.
780 4710 809 4772 u,
830 4711 870 4761 tit.
892 4723 951 4775 ειη
970 4713 997 4762 2⁰
1014 4711 1042 4762 in
1060 4709 1122 4763 Cod.
1142 4725 1256 4776 process.
1277 4711 1339 4774 cinq

169 4794 217 4842 ort.
230 4795 269 4856 55,
284 4793 339 4854 reo,
353 4792 412 4856 ηις
426 4791 453 4842 in
468 4792 532 4845 Cod.
547 4793 608 4853 civ..
623 4796 670 4842 art.
687 4795 748 4844 13⁵7
762 4795 856 4856 etseq.

308 4903 339 4946 u.
1181 4886 1201 4948 4
