3498 5572
552 593 640 642 nasa
660 593 787 641 rannus
809 583 1030 640 aroasianus.
1324 573 1380 640 131

203 711 308 794 accipi
322 711 425 798 debet
438 713 480 778 de
493 714 710 793 monialibus,
732 733 808 799 quae
822 714 1013 796 generatim
1027 713 1252 796 probibentur
1266 712 1383 795 egredi
1497 785 1502 794 ‚

202 815 245 882 de
258 817 435 896 clausura;

240 925 273 989 P
290 924 411 992 Utnon
424 928 629 995 flattcmere
645 935 680 994 et
692 929 823 1006 leviter,
848 947 891 994 ex
917 929 1007 1004 odic,
1027 933 1225 1012 contemptu
1243 927 1299 992 vel
1319 927 1385 993 alia

201 1031 394 1100 inordinata
408 1036 513 1100 animi
527 1037 707 1121 passione:
722 1056 766 1102 ex
775 1056 848 1120 cap.
864 1037 939 1110 cit.;

240 1141 273 1206 3⁰
286 1141 329 1206 Ut
342 1161 414 1208 non
425 1143 486 1209 flat
498 1161 579 1210 cum
594 1146 734 1211 notabili
754 1145 960 1210 detrimento
970 1143 1027 1208 vel
1040 1143 1181 1210 infamia
1194 1143 1381 1226 religionis,

201 1253 262 1312 aut
273 1252 474 1316 monasterii
492 1270 596 1337 equo
616 1254 789 1330 transitur,
814 1253 894 1337 quia
907 1253 1038 1316 bonum
1051 1269 1235 1316 commune
1249 1252 1386 1334 religio-

201 1356 254 1421 nis
264 1359 516 1440 praeterendum
532 1367 585 1426 est
598 1362 690 1427 bono
703 1361 837 1445 privato
852 1359 996 1443 alicujus
1011 1357 1187 1440 religiosi·⁷

239 1465 274 1529 4⁰
288 1465 329 1530 Ut
338 1466 511 1534 licentiam
525 1473 619 1553 petat
632 1486 727 1534 asuo
736 1467 973 1552 preeletmtc
985 1467 1180 1545 transitum,
1201 1469 1384 1550 propositis

202 1575 400 1640 transeundi
413 1577 536 1654 causis,
553 1597 597 1642 ne
612 1578 743 1643 boam
757 1577 959 1642 obedientia
974 1579 1196 1640 contemnere
1207 1575 1382 1640 videatur:

201 1699 244 1746 ex
262 1701 291 1748 c.
308 1685 374 1750 111.
397 1691 420 1749 t.
438 1685 604 1752 Praelata!
615 1683 747 1751 litteras
762 1684 974 1750 dimissorias
996 1683 1077 1748 dare
1092 1683 1205 1759 debet,
1223 1683 1296 1747 sine
1312 1684 1385 1766 qui-

200 1791 263 1855 bus
281 1791 462 1875 religiosus
484 1789 616 1858 admitti
638 1795 757 1879 nequit
779 1794 816 1857 in
841 1791 948 1857 altera
969 1791 1146 1872 religione,
1171 1791 1236 1854 nisi
1261 1791 1385 1874 probet

199 1898 261 1962 bas
286 1899 417 1966 litteras
439 1901 503 1968 sibi
528 1902 679 1967 indebite
699 1901 805 1966 fuisse
829 1905 982 1980 negatas.
1008 1899 1169 1982 Superior
1192 1898 1383 1982 exprimere

200 2005 303 2072 debet
315 2025 454 2075 causam
470 2009 629 2092 denegati
641 2010 816 2076 transitus.
1200 2006 1203 2012 ’

240 2114 353 2181 Prima
379 2117 529 2183 conditio
559 2118 696 2184 videtur
725 2117 891 2202 requisita
929 2115 972 2182 ad
1007 2114 1161 2182 valorem
1196 2115 1381 2192 transitus;

199 2227 331 2288 caeterae
344 2225 460 2307 potius
473 2225 517 2292 ad
529 2226 756 2292 honestatem.
1038 2227 1044 2241 '

239 2331 408 2398 Nonnulla
420 2335 606 2416 exiguntur
618 2335 661 2400 ad
674 2333 868 2417 legitimum
883 2333 1077 2400 transitum.

239 2437 429 2522 Aliquando
443 2440 556 2506 licitus
572 2447 625 2506 est
643 2442 807 2507 transitus
820 2441 1022 2524 rereligione
1038 2440 1205 2509 strictiore
1220 2439 1263 2504 ad
1277 2438 1382 2504 lexic·

200 2562 274 2610 rem
285 2565 292 2622 ;
305 2565 385 2612 nam
398 2547 538 2614 concedi
552 2555 668 2633 potest
681 2549 851 2634 ejusmodi
866 2551 1030 2614 transitus
1045 2547 1178 2632 aPapa,
1194 2547 1264 2612 imo
1280 2548 1383 2611 etiam

201 2655 454 2734 agenerelibus
471 2661 507 2720 et
528 2655 695 2721 similibus
714 2656 863 2740 praelatis
885 2661 1136 2738 exemptarum,
1158 2653 1280 2720 saltem
1304 2672 1383 2718 cum

200 2777 372 2827 consensu
387 2769 579 2830 conventus
603 2763 666 2840 sui,
698 2765 726 2830 si
748 2763 917 2846 allegatur
935 2765 1031 2846 juste
1049 2779 1153 2828 causa
1175 2762 1382 2826 infirmitatis

201 2867 256 2932 vel
266 2871 480 2937 necessitatis
489 2873 690 2938 transeundi
703 2873 769 2938 :ita
779 2873 975 2938 communis
983 2871 1163 2936 sonantia.
1171 2870 1380 2953 (Videconst.

199 2974 321 3040 Pastor
335 2978 440 3044 bonus
451 2979 576 3044 Bened.
593 2977 674 3057 11111,
685 2979 727 3044 de
742 2977 959 3045 facultatibus
969 2977 1383 3063 majorispoenitentiarii.)

199 3082 300 3150 Plura
316 3087 395 3168 iure
416 3087 581 3152 canonico
600 3085 781 3152 interdicta
795 3091 876 3151 sunt
888 3086 1058 3169 religiosis
1072 3086 1162 3150 licite
1177 3085 1383 3150 transeunti·
1421 3163 1424 3172 ,

199 3191 263 3256 bus
285 3193 330 3258 ad
355 3191 438 3258 alias
459 3193 662 3277 religiones:
678 3194 869 3260 redduntur
892 3193 1060 3260 inhabiles
1083 3194 1126 3260 ad
1150 3193 1322 3277 prioratus
1348 3197 1383 3256 et

199 3299 312 3366 oldaia
325 3285 561 3387 quaecumque,
577 3321 641 3368 neo
654 3321 814 3370 exercere
827 3307 973 3386 possunt
986 3321 1104 3368 curam
1123 3302 1327 3376 animarum,
1344 3307 1383 3364 ut

198 3413 332 3474 constet
351 3428 394 3474 ex
409 3409 512 3475 Glem.
530 3411 563 3474 1ι
575 3411 609 3474 b.
625 3417 669 3487 1.;
686 3415 721 3476 et
741 3401 827 3476 ratio
843 3416 906 3487 est,
923 3410 1004 3495 quia
1014 3427 1113 3474 secus
1128 3408 1250 3492 aliquis
1265 3415 1383 3492 posset

190 3515 357 3581 deserere
372 3518 518 3600 primam
528 3519 747 3584 vocationem
759 3537 801 3584 ex
811 3517 1009 3593 ambitione,
1026 3523 1065 3581 ut
1077 3515 1209 3581 facilius
1220 3515 1261 3580 ed
1271 3516 1382 3580 ofiioia

199 3627 234 3685 et
260 3622 444 3704 dignitates
468 3626 656 3708 perveniat.
685 3625 867 3710 Nequeunt
892 3625 996 3690 etiam
1024 3641 1145 3688 vocem
1170 3624 1206 3686 in
1232 3623 1380 3706 capitulo

198 3728 335 3805 babere,
359 3728 481 3795 saltem
507 3731 620 3815 quoad
642 3731 838 3808 electiones,
866 3737 906 3796 ut
926 3731 1050 3796 docent
1069 3731 1299 3796 communiter
1320 3729 1377 3792 GC.

681 3906 817 4006 sncr'ro
847 3945 899 4006 111.

560 4089 608 4142 De
624 4089 776 4156 pretatis
791 4087 1016 4155 nomnibus

531 4251 551 4300 1.
572 4251 640 4302 ture
658 4247 835 4301 diversorum
854 4247 1047 4312 prelatorum.

238 4385 356 4464 Quoad
367 4383 526 4468 praelatos
537 4381 723 4465 regulares,
742 4382 953 4463 distinguere
968 4386 1103 4466 oportet
1116 4381 1207 4446 inter
1220 4379 1379 4464 prelatos

197 4492 388 4575 generales,
405 4491 631 4575 provinciales
646 4507 685 4555 ac
698 4489 834 4555 locales.

203 4617 210 4652 ε
239 4605 272 4687 α)
283 4602 364 4666 lura
377 4599 507 4683 praelati
522 4594 692 4681 generalis
707 4598 986 4682 suntpraessrtim
1002 4597 1195 4682 sequentia:

239 4715 270 4776 t·
284 4711 343 4774 Jus
358 4709 532 4790 dignitatis
549 4712 583 4772 et
597 4708 875 4790 praeeminentias,
905 4725 980 4790 quar
999 4710 1216 4788 comparetur
1237 4707 1378 4789 patrier-
