3498 5572
354 551 415 618 teo
742 629 746 637 ,
817 571 868 618 rus
889 569 1069 617 asnonrouu.

466 763 498 813 n.
517 734 639 814 rosetus
652 759 752 813 verres
767 759 948 826 professionis
964 760 993 813 st
1006 759 1193 826 obligationes
1208 772 1240 813 ex
1255 759 1326 814 vous
1341 760 1419 814 orte.

396 914 419 977 1.
447 913 610 996 Preeoipui
629 912 765 994 effectus
785 912 1018 996 professionis,
1043 913 1234 996 praesertim
1258 911 1433 988 solemnis,
1456 917 1537 978 suut

356 1025 561 1106 sequentes:
578 1021 609 1084 1ο
632 1019 794 1102 obligatio
819 1039 1006 1100 exgenere
1025 1038 1088 1084 suo
1111 1019 1238 1100 gravis,
1263 1019 1306 1084 ed
1327 1021 1536 1084 observatio-

276 1137 281 1148 “
355 1147 437 1194 nem
452 1133 612 1194 votorum
627 1127 847 1212 paupertatis,
862 1127 1028 1192 eastitatis
1042 1131 1077 1190 et
1091 1125 1306 1202 obedientior,
1324 1146 1367 1191 ex
1381 1145 1409 1190 o.
1426 1128 1493 1192 ou.
1509 1132 1533 1190 t.

354 1238 388 1300 2⁰
404 1236 582 1302 Vinculum
604 1241 818 1320 perpetuum,
846 1254 915 1320 quo
934 1237 1110 1319 protessus
1125 1235 1172 1300 ita
1187 1235 1314 1317 ligatur
1328 1235 1484 1317 religioni
1502 1239 1538 1300 et

327 1422 331 1433 Ι
355 1345 475 1426 religio
489 1345 656 1428 professo,
676 1348 715 1408 ut
735 1349 857 1409 mutuo
875 1362 1044 1409 consensu
1068 1343 1207 1408 dissolvi
1221 1347 1372 1428 nequeat
1395 1345 1479 1426 (oon.
1503 1345 1556 1418 l‚·

355 1471 460 1518 eausa
470 1453 520 1528 33,
538 1471 571 1536 q.
586 1453 629 1534 o).
647 1453 713 1518 Sed
728 1453 760 1516 S.
774 1451 940 1530 Pontifex,
958 1471 1002 1518 ex
1013 1455 1108 1536 justa
1121 1471 1235 1528 eausa,
1250 1452 1334 1518 illud
1349 1451 1536 1518 dissolvere

355 1567 484 1644 posset,
498 1560 607 1644 utqui
621 1561 786 1626 haetenus
801 1561 865 1625 luit
878 1560 1071 1643 religiosus,
1087 1565 1207 1644 postea
1221 1579 1291 1626 non
1306 1560 1452 1644 emplius
1468 1561 1512 1624 sit
1527 1580 1535 1623 :

355 1668 404 1736 ita
413 1667 607 1734 eommunis
623 1668 803 1734 sententie.
818 1668 916 1732 Ratio
932 1673 994 1744 est,
1011 1668 1092 1751 quia
1106 1669 1197 1750 Papa
1210 1666 1538 1734 universalissimum
1591 1737 1594 1745 ,

355 1778 459 1843 habet
486 1780 693 1860 potestatem
732 1775 887 1842 solvendi
918 1781 1085 1842 :oonstnt
1117 1776 1328 1843 sufficienter
1356 1795 1400 1840 ex
1427 1776 1534 1840 foetis.

355 1886 387 1950 3ο
401 1885 542 1952 Reloxat
560 1885 847 1968 irregularitatem
870 1889 982 1952 ortam
1004 1905 1049 1950 ex
1063 1885 1198 1952 doieotu
1217 1883 1394 1960 natalium,
1417 1885 1535 1949 exet

356 1993 398 2058 ole
419 1993 516 2058 Filiis
536 1993 720 2078 presbyter.
732 2011 745 2072 ,·
768 1997 909 2059 caeteras
939 2011 1023 2059 vero
1046 1992 1313 2075 imeguleritotes
1339 2011 1409 2058 non
1439 1991 1536 2068 tollit,

356 2119 435 2166 oum
450 2101 580 2166 desistis
596 2120 667 2167 nou
690 2105 813 2184 agatur
833 2101 988 2168 incitato
1016 2103 1136 2187 eapite.
1159 2101 1192 2166 t·
1212 2101 1347 2166 Dirimit
1364 2101 1540 2166 matrimo·
1645 2147 1649 2160 .

357 2211 453 2274 nium
471 2210 744 2276 contrahendum
772 2215 807 2275 et
834 2210 992 2276 dissolvit
1018 2215 1242 2286 contreetum,
1270 2212 1299 2274 si
1321 2215 1434 2277 ratum
1456 2209 1541 2274 dun-

359 2324 452 2384 taxst
465 2319 519 2394 sit,
533 2338 576 2383 ex
590 2338 662 2403 esp.
676 2319 707 2394 i,
722 2321 741 2382 7
757 2314 791 2383 ot
806 2319 854 2396 ll,
872 2319 914 2383 de
926 2318 1031 2384 Ceno.
1046 2319 1134 2400 conj.
1151 2320 1183 2383 5·
1196 2319 1319 2384 Omnia
1330 2318 1396 2383 alia
1409 2322 1491 2382 vota
1505 2322 1541 2383 et

353 2429 551 2510 juramenta
564 2427 638 2510 ipso
658 2428 736 2510 jure
750 2427 938 2508 exstinguit
954 2428 993 2508 (e.
1012 2428 1028 2490 l
1051 2425 1094 2490 de
1114 2425 1217 2508 Vota),
1234 2426 1299 2492 nisi
1318 2428 1407 2492 taeta
1421 2427 1539 2491 sintin

356 2535 510 2602 savorem
522 2535 683 2602 hominis.

397 2643 435 2706 11.
457 2643 687 2728 obligationes
706 2663 782 2728 quae
807 2663 850 2707 ex
876 2643 965 2708 votis
985 2647 1174 2708 naseuntur
1197 2643 1347 2708 breviter
1360 2661 1540 2708 reoeuseu-

358 2757 423 2826 tur,
452 2752 532 2836 quia
560 2750 602 2817 de
629 2751 694 2816 hoo
712 2751 857 2816 materia
874 2769 936 2834 pro
958 2751 1034 2816 foro
1057 2751 1274 2816 oonsoientiae
1295 2751 1404 2816 fusius
1432 2757 1541 2833 agunt

356 2861 550 2926 moralistae.

398 2969 589 3052 attentione
611 2970 787 3046 castitatis,
813 2969 996 3050 religiosus
1016 2969 1187 3034 abstinere
1203 2969 1374 3052 obligetur
1387 2970 1430 3035 ab
1445 2971 1540 3034 omni

304 3139 306 3144 ,
358 3077 533 3162 voluptate
561 3097 720 3154 venerea,
747 3083 817 3143 mm
838 3078 975 3144 interna
993 3095 1097 3162 quam
1120 3081 1272 3152 externa,
1293 3096 1333 3142 ae
1356 3077 1541 3160 proindea

359 3205 497 3252 morosa
517 3191 553 3251 et
570 3185 765 3253 voluntaria
787 3185 1012 3252 delectatione
1029 3186 1072 3251 de
1088 3191 1164 3252 aotu
1192 3185 1293 3269 turpi,
1311 3190 1385 3251 esto
1413 3185 1471 3250 illa
1497 3187 1542 3250 sit

358 3296 487 3379 absque
508 3294 688 3372 desiderio,
705 3295 775 3360 imo
794 3313 873 3358 oum
888 3294 1063 3378 proposito
1087 3311 1157 3360 non
1177 3293 1413 3358 committendi
1436 3293 1540 3358 talem

358 3405 473 3466 aetum
499 3401 714 3467 exteriorem.
742 3401 935 3486 Religiosus
963 3401 1021 3484 qui
1048 3405 1168 3465 eontra
1194 3400 1387 3466 uastitatem
1409 3405 1537 3484 peooat,

358 3507 529 3593 duplicem
551 3508 717 3576 malitiam
739 3509 931 3583 oommittit,
954 3508 1082 3574 scilieet
1100 3508 1245 3574 luxuriae
1268 3513 1388 3576 eonua
1412 3513 1540 3592 tempo-

358 3616 514 3694 rantiem,
532 3621 567 3682 et
581 3617 749 3699 saomlegii
773 3620 893 3682 eontra
914 3620 1036 3681 votum
1054 3615 1241 3698 religionis.
1263 3615 1423 3700 Sequitur
1448 3613 1539 3699 quod

359 3729 479 3789 votum
504 3725 669 3794 eastitatis
699 3724 828 3807 obliget
852 3724 895 3790 ed
923 3722 1196 3790 conservandam
1223 3722 1477 3805 virginitatem,
1511 3725 1540 3788 si

359 3851 490 3898 vovens
509 3833 750 3910 illuminasset,
767 3852 847 3900 oum
862 3851 903 3898 ee
917 3851 987 3898 non
1001 3831 1110 3916 possit
1123 3830 1263 3914 deperdi
1277 3832 1343 3896 nisi
1357 3851 1419 3914 per
1433 3829 1541 3896 deleo

346 3967 348 3972 ·
362 3941 526 4008 lotionem
540 3941 691 4026 aliquem
707 3960 902 4018 veneream,
920 3959 996 4025 quae
1012 3943 1065 4006 est
1079 3923 1221 4006 omnino
1231 3939 1402 4022 prohibita
1415 3940 1450 4005 vi
1465 3939 1551 4032 telis·

359 4049 441 4116 voti.

400 4156 593 4226 Notandum
608 4163 661 4223 est
673 4157 764 4241 quod
777 4159 922 4228 abutens
935 4156 1076 4223 moniali
1086 4161 1205 4222 eontra
1216 4156 1408 4223 castitatem
1418 4155 1542 4222 debeat

360 4267 396 4328 in
410 4265 485 4330 foro
499 4265 714 4334 contentioso
726 4265 839 4350 puniri
852 4263 1187 4350 poenadepositionis
1203 4263 1245 4328 ab
1260 4262 1380 4330 ordine
1394 4267 1428 4328 et
1439 4263 1542 4328 amis-

361 4373 467 4438 sionis
481 4373 737 4450 beueitoiorurn,
755 4373 783 4438 si
795 4373 839 4436 sit
853 4371 1010 4450 clericum
1027 4372 1154 4454 sivero
1173 4369 1291 4447 laicus,
1308 4369 1541 4440 exeommuni-

361 4479 490 4546 oandus
505 4485 559 4545 est
573 4481 611 4562 (o.
640 4480 683 4546 Si
704 4499 773 4564 quo
794 4479 1005 4558 monachor„
1030 4481 1080 4556 97,
1098 4499 1130 4562 q.
1157 4479 1198 4561 l).
1217 4515 1257 4524 -
1281 4477 1329 4542 De
1350 4480 1428 4560 jure
1449 4475 1539 4542 eivili

361 4587 514 4654 Romano
527 4589 699 4668 (Anthent.
714 4589 882 4662 desueti.
900 4589 1022 4672 epioe),
1039 4587 1095 4658 ille
1108 4583 1539 4670 lniouspuniebaturpoene

362 4694 493 4769 mortis,
511 4699 545 4758 et
561 4695 651 4760 hona
672 4697 747 4778 ejus
770 4693 1245 4780 applioebanturlmppasterio
1259 4693 1296 4770 in
1308 4710 1379 4779 ouo
1394 4691 1540 4774 dssebot
