3504 5572
551 643 639 690 uusn
660 646 787 692 suarius
806 646 1024 692 nucasruuuu.
1083 700 1085 715 1
1317 627 1378 692 309

196 761 366 839 convenit,
380 766 419 827 ut
432 763 461 826 si
473 763 594 846 auriga
608 781 685 829 sese
696 763 755 829 det
769 764 812 830 ad
824 782 881 829 me
897 762 1109 840 vehendum3
1124 767 1205 829 tunc
1217 763 1310 828 enim
1325 768 1378 830 est

196 871 383 962 conductor
396 871 508 954 operis
524 875 558 935 et
571 871 701 938 locator
715 889 840 956 operes,
853 889 919 954 ego
929 889 1013 938 vero
1029 887 1106 935 sum
1119 869 1250 938 locator
1263 871 1377 956 operis

196 984 231 1043 et
244 979 432 1045 conductor
449 997 573 1063 opera.

235 1089 268 1152 5ο
282 1087 451 1152 Dividitur
462 1087 498 1151 in
519 1105 723 1172 expressam,
739 1106 815 1173 quae
836 1088 950 1152 verbis
975 1087 1156 1172 expressis,
1174 1090 1209 1152 et
1223 1089 1376 1170 tacitam,

196 1214 271 1282 quae
281 1214 324 1260 ex
340 1199 729 1280 praeumptoconsansu
742 1195 864 1272 initum
878 1199 918 1260 ut
931 1195 969 1271 si,
985 1194 1101 1279 elapso
1114 1199 1278 1280 tempore,
1288 1197 1378 1264 loca-

197 1309 250 1369 tor
263 1304 353 1370 sinat
364 1305 607 1370 conductorem
619 1324 656 1370 re
669 1305 730 1370 uti.
743 1303 893 1369 Tandem
908 1303 1070 1369 dividitur
1083 1304 1187 1370 etiam
1202 1305 1239 1368 in
1252 1323 1375 1390 puram

197 1416 231 1481 et
242 1412 520 1486 conditionatum,
538 1413 698 1497 scriptam
713 1416 748 1476 et
761 1431 833 1478 uon
845 1413 1017 1498 scriptam,
1035 1413 1099 1477 eto.

444 1609 488 1660 111.
505 1609 545 1660 De
557 1607 592 1660 iis
607 1607 656 1672 qul
671 1606 764 1662 locare
779 1608 808 1662 et
820 1605 980 1662 conducere
993 1607 1124 1672 possunt.

237 1747 429 1812 Generatim
444 1765 565 1812 omues
581 1749 638 1831 qui
653 1747 803 1812 vendere
819 1751 854 1812 et
867 1765 981 1814 emere
996 1751 1152 1832 possunt,
1169 1747 1235 1813 nisi
1249 1748 1375 1832 specia-

196 1854 273 1920 liter
286 1855 541 1939 prohibeantur.
557 1853 690 1920 Etenim
706 1859 759 1921 est
773 1855 808 1919 in
823 1856 1202 1922 materiaoommuniter
1214 1875 1285 1923 non
1297 1873 1378 1941 pro-

195 1963 312 2056 hibita,
329 1967 446 2048 utpote
460 1965 502 2030 de
513 1965 592 2058 jure
606 1965 773 2047 gentium.

236 2073 268 2155 α)
282 2071 369 2136 Olim
385 2089 427 2136 ex
443 2074 521 2156 jure
542 2073 698 2138 Romano
717 2072 1008 2156 prohibebantur:
1025 2073 1056 2136 1ο
1076 2075 1207 2139 tutores
1227 2077 1262 2138 et
1280 2091 1376 2140 cura-

195 2185 297 2258 tores,
322 2181 380 2266 qui
392 2181 521 2265 pradia
535 2181 664 2247 fiscalia
677 2181 869 2246 conducere
887 2184 1075 2266 nequeunt,
1091 2201 1135 2246 ne
1150 2179 1206 2246 vel
1219 2182 1303 2248 fisco
1317 2182 1375 2248 vel

194 2287 323 2373 pupillo
332 2292 506 2354 noceatur.
520 2287 568 2352 Ex
575 2291 653 2372 jme
666 2287 801 2365 Gallico,
814 2292 907 2354 tutor
914 2291 1104 2373 nonpotest
1113 2289 1374 2356 sibioonducera

195 2397 285 2462 bona
295 2397 347 2462 sui
359 2397 488 2481 pupilli,
501 2397 568 2461 nisi
582 2397 721 2462 accedat
733 2413 923 2462 consensus
935 2395 1068 2461 concilii
1080 2397 1220 2486 familias
1229 2399 1301 2482 (art.
1313 2397 1375 2464 480

195 2505 273 2571 (lod.
291 2505 379 2589 eiu).
395 2507 428 2570 Ψ
442 2505 576 2583 Milites,
593 2506 755 2582 curiales,
771 2503 898 2582 clerici,
913 2505 1156 2588 negotiationis
1172 2482 1285 2583 causa,
1302 2523 1374 2572 non

194 2619 340 2698 possunt
350 2613 479 2698 praedia
493 2615 620 2680 rustica
635 2614 837 2691 conducere,
849 2614 915 2678 nisi
929 2615 1116 2680 necessitas
1131 2617 1282 2691 excuset,
1294 2615 1375 2700 quia

195 2723 243 2788 sic
255 2721 390 2788 avocari
405 2727 577 2806 possenta
591 2723 662 2786 suis
677 2723 808 2788 oissoiis.
825 2721 858 2788 3ο
872 2722 969 2787 Fabri
982 2727 1016 2788 et
1030 2741 1152 2790 ornnes
1163 2727 1374 2808 strepentem

193 2837 303 2899 artem
330 2836 529 2898 exercentes
552 2831 822 2916 prohibebantur
842 2833 1034 2898 conducere
1057 2832 1199 2898 domum
1225 2833 1373 2898 vicinam

194 2941 317 3008 scholis
327 2941 480 3026 publicis,
492 2941 693 3007 habitationi
707 2943 963 3024 magistrorum,
976 2945 1011 3008 et
1022 2961 1042 3006 a
1055 2942 1186 3008 fortiori
1200 2942 1374 3024 religioso-

193 3070 285 3127 rum,
302 3070 345 3116 ne
370 3069 491 3116 eorum
512 3050 625 3114 studia
646 3053 681 3114 et
702 3051 851 3116 maxime
877 3050 1037 3116 exercitia
1058 3050 1246 3134 spiritualia
1266 3051 1375 3135 impe-

193 3158 297 3224 diant.
315 3159 433 3238 Quoad
457 3159 523 3224 hoo
548 3159 717 3237 ultimum,
736 3157 919 3243 probibitio
943 3159 1039 3224 veuit
1062 3160 1181 3241 ajuro
1207 3157 1371 3224 canonico

194 3269 278 3350 (can.
296 3271 326 3344 7,
343 3288 371 3334 c.
387 3269 438 3345 78,
456 3290 487 3353 q.
508 3270 551 3350 t).

235 3377 264 3458 dl
279 3377 327 3440 Ex
346 3380 424 3461 jure
448 3377 584 3454 Gallico,
601 3397 671 3443 non
694 3379 903 3464 permittitur
925 3377 1049 3444 locatio
1073 3377 1163 3443 ultra
1187 3377 1372 3441 terminum

194 3504 321 3551 novem
343 3504 512 3551 annorum
534 3487 658 3552 minori
684 3489 897 3570 emancipato
925 3485 997 3569 (art.
1017 3486 1167 3551 lstcod.
1184 3486 1274 3566 eiu),
1291 3503 1373 3549 usu-

192 3593 377 3661 fructuario
405 3598 480 3680 (art.
507 3597 593 3688 595),
612 3596 735 3662 marito
765 3597 878 3682 quoad
902 3597 993 3662 bona
1018 3597 1134 3660 uxoris
1164 3596 1237 3678 (art.
1264 3594 1369 3676 staca

194 3695 293 3768 uxori
313 3709 477 3788 separata
498 3705 571 3787 (art.
590 3705 696 3787 1449),
714 3711 749 3770 et
772 3703 911 3771 tandem
934 3705 1102 3770 tutoribus
1124 3704 1297 3768 minorum
1315 3702 1373 3768 vel

193 3811 451 3878 interdictorum
466 3815 539 3896 (art.
556 3815 627 3892 509,
644 3815 744 3898 1718).
762 3815 860 3880 Ratio
880 3815 1005 3881 horum
1026 3812 1184 3898 estquod
1201 3811 1371 3895 ejusmodi

191 3920 314 3987 locatio
336 3926 390 3987 est
411 3923 567 4007 quaedam
587 3924 718 4006 species
738 3923 964 4000 alienationis,
982 3927 1042 3989 aut
1060 3921 1181 3989 saltem
1201 3921 1369 4002 ultragre·

192 4027 283 4094 ditur
295 4030 381 4096 llnes
397 4031 576 4097 ordinariae
591 4031 905 4098 administrationis.

659 4249 820 4312 sucula
853 4249 897 4310 11.

417 4407 466 4461 De
480 4407 584 4462 rebus
600 4409 636 4460 ot
651 4405 763 4473 operis
779 4419 856 4472 quse
871 4405 975 4458 locari
991 4407 1142 4472 possunt.

231 4571 264 4653 a)
277 4571 344 4636 Res
359 4588 480 4637 omnes
499 4571 535 4636 in
549 4571 754 4638 commercio
774 4573 926 4638 humano
942 4570 1139 4646 existentes,
1153 4567 1298 4634 mobiles
1312 4567 1367 4632 vel

190 4678 394 4755 immobiles,
407 4679 510 4746 etiam
521 4680 651 4756 alienae,
666 4680 852 4748 dummodo
865 4679 1053 4746 conductor
1067 4683 1223 4745 servetur
1237 4677 1369 4742 indem-

190 4788 254 4864 nis,
271 4787 374 4856 locari
388 4795 543 4874 possunt.
559 4791 686 4858 Tamen
701 4791 729 4856 si
745 4791 821 4876 quis
837 4790 928 4858 mula
945 4789 1098 4856 fiderem
1116 4785 1264 4854 alienam
1277 4785 1368 4852 loca-
