3510 5574
834 585 885 632 ios
906 582 1086 634 estoniensi.

858 791 993 854 suario
1015 791 1066 852 iv.

697 943 745 995 Da
762 941 960 1008 pluralitate
975 939 1226 994 beneflelorum.
1295 964 1300 984 ι

461 1117 481 1166 i.
498 1113 571 1176 Quid
585 1113 744 1180 generatim
759 1112 944 1167 sentiendum
958 1111 996 1166 sit
1009 1111 1045 1166 de
1060 1110 1223 1178 pluralitate
1238 1109 1460 1165 beneficiorum?

360 1226 363 1243 ¹
410 1246 443 1326 a)
465 1243 575 1310 Instar
598 1242 725 1326 regule
751 1241 922 1326 generalis
945 1247 1123 1327 receptum
1146 1246 1200 1306 est
1222 1241 1357 1326 injure
1382 1261 1390 1304 :
1415 1240 1552 1324 singula

370 1354 535 1420 beneficia
562 1353 705 1436 singulis
732 1370 873 1437 prorsus
901 1357 983 1416 sunt
1007 1350 1229 1428 conterenda,
1257 1369 1328 1416 non
1353 1348 1451 1434 plura
1477 1349 1549 1414 uni.

369 1462 478 1540 Ratio,
495 1463 574 1547 qrria
587 1481 696 1540 secus,
715 1480 759 1526 ex
771 1479 840 1528 una
853 1465 949 1546 parte
968 1459 1216 1526 ecclesiasticus
1230 1459 1314 1526 ordo
1335 1464 1550 1544 pervertere-

370 1577 434 1648 tur,
450 1570 562 1636 cnlius
578 1571 713 1637 divinus
721 1571 950 1646 minueretur;
965 1588 1006 1634 ex
1020 1569 1137 1647 altere,
1156 1568 1373 1635 exsecrabilis
1382 1567 1552 1652 cupiditas

369 1685 403 1742 et
413 1679 553 1745 ambitio
567 1681 764 1756 nutriretur,
781 1680 876 1744 nteit
887 1677 1007 1746 Joann.
1020 1678 1107 1742 XXII
1120 1680 1155 1744 in
1172 1684 1301 1744 extrav.
1313 1675 1549 1742 Exsecrobiiis.

410 1788 440 1871 i)
455 1787 521 1852 Sed
540 1789 614 1854 baec
634 1787 754 1870 regula
774 1805 795 1853 a
814 1789 1049 1854 vetustissimo
1071 1793 1226 1872 tempore
1248 1795 1396 1871 recepta,
1412 1803 1482 1852 non
1499 1791 1554 1852 est

371 1897 444 1962 sine
458 1897 674 1982 exceptione
689 1899 760 1964 imo
774 1899 969 1964 eommunis
991 1905 1044 1964 est
1056 1898 1145 1982 apud
1159 1897 1354 1964 canonistas
1369 1895 1554 1962 beneflcio-

369 2025 446 2072 rum
461 2006 579 2072 divisio
593 2005 630 2071 in
643 2007 911 2091 incompatibilia
926 2013 961 2072 et
973 2006 1213 2091 competibilia.

410 2119 442 2180 i·
454 2113 695 2199 Competibiiia
705 2117 960 2182 suntbeneiioia
969 2135 1046 2201 qnae
1058 2117 1094 2182 in
1104 2134 1173 2182 una
1181 2133 1329 2202 persona
1337 2133 1409 2180 non
1418 2117 1556 2181 contra·

369 2227 512 2306 dantur,
531 2228 593 2293 sed
607 2227 838 2292 administrari
860 2231 1006 2310 possunt
1019 2226 1062 2292 ab
1076 2225 1199 2292 eodem
1210 2223 1344 2292 clerico.
1359 2223 1437 2289 Dari
1448 2239 1554 2306 posse

370 2337 536 2420 beneficia
563 2336 794 2420 competibilie
818 2340 953 2402 constat
978 2353 1022 2400 ex
1049 2333 1148 2400 claris
1174 2333 1324 2399 textibus
1348 2332 1450 2416 juris,
1477 2331 1554 2395 sive

370 2445 500 2530 antiqui
515 2445 588 2510 sive
601 2445 811 2520 recentioris,
825 2444 1001 2528 speciatim
1014 2441 1167 2519 exirid„
1181 2441 1283 2526 qnod,
1297 2459 1382 2506 sess.
1391 2439 1441 2516 it,
1458 2457 1488 2504 c.
1499 2439 1551 2515 ii,

370 2553 412 2617 de
423 2551 586 2636 Reform,
604 2553 759 2636 prohibet
774 2571 818 2616 ne
836 2552 912 2637 quis
924 2550 1024 2636 plura
1044 2556 1162 2616 curata
1182 2555 1241 2616 ant
1261 2549 1329 2615 alia
1350 2548 1556 2631 incompati-

371 2661 452 2727 bilia
477 2662 643 2726 beneficia
670 2659 898 2726 ecclesiastica
926 2660 1076 2744 recipiat.
1101 2659 1267 2726 indirecte
1296 2675 1378 2740 ergo
1405 2654 1559 2722 declarat

373 2770 519 2835 exlatere
536 2771 702 2836 beneficia
716 2769 956 2858 compatibllia.

412 2878 445 2941 2⁰
460 2875 733 2962 incompatibilia
745 2882 826 2944 sunt
840 2896 916 2962 qua
929 2878 967 2942 in
982 2895 1052 2943 una
1065 2894 1214 2961 persona
1227 2877 1275 2941 iia
1290 2875 1555 2952 contradantur,

372 2989 411 3049 nt
424 2989 608 3070 utrumqne
623 2985 725 3050 simul
738 2986 856 3052 haberi
871 2991 1030 3071 nequeat.

427 3181 459 3232 11.
477 3181 614 3242 Quanam
629 3177 768 3234 beneficia
783 3178 977 3245 competibiiia
990 3179 1051 3233 sint
1064 3179 1093 3234 et
1106 3189 1240 3246 quanam
1255 3178 1498 3247 incompatibilia?

412 3314 445 3394 a)
459 3311 693 3398 Gompatibilin
705 3318 787 3379 eunt
798 3333 806 3377 :
818 3315 850 3378 i⁰
865 3313 934 3380 duo
948 3314 1115 3380 beneficia
1129 3314 1294 3398 simplicia
1308 3315 1412 3381 etiam
1428 3315 1561 3381 unifor-

373 3422 452 3497 mia,
469 3421 532 3486 snb
547 3421 682 3489 diverso
697 3425 787 3488 tecto
803 3440 865 3486 seu
878 3421 916 3501 in
930 3420 1073 3488 diversis
1089 3421 1251 3499 ecclesiis,
1269 3423 1298 3488 si
1311 3423 1458 3491 alterum
1472 3425 1562 3488 resi-

375 3529 525 3595 dentiam
535 3547 607 3595 non
618 3529 743 3612 exigat,
756 3528 813 3594 vel
826 3529 1011 3596 residentia
1026 3531 1204 3616 utriusque
1215 3551 1279 3615 per
1292 3531 1462 3598 alternum
1472 3535 1562 3598 tem··

374 3656 439 3721 pus
452 3637 586 3720 impleri
601 3641 719 3722 queat3
735 3637 767 3702 θ’
781 3637 947 3704 beneficia
968 3637 1134 3722 simplicia
1153 3639 1325 3706 difformia
1347 3639 1410 3704 sub
1432 3638 1562 3706 eodem

374 3749 465 3811 tecto
480 3763 542 3810 seu
556 3746 592 3810 in
607 3743 729 3812 eadem
742 3743 898 3821 ecclesia3
913 3745 962 3810 sic
972 3763 1006 3810 v.
1019 3764 1053 3828 g.
1065 3745 1101 3811 in
1116 3765 1185 3813 una
1205 3733 1394 3834 eademqne
1413 3745 1563 3813 eeclesia

375 3852 467 3918 idem
485 3871 562 3918 esse
579 3856 694 3936 potest
709 3851 914 3936 prepositus
933 3857 993 3918 aut
1009 3852 1158 3920 decanus
1174 3859 1210 3920 et
1232 3855 1334 3920 simul
1353 3855 1561 3931 canonicum

375 3961 407 4024 3ο
422 3963 451 4026 si
473 3961 628 4044 dignitati
649 3959 705 4026 vel
724 3961 893 4043 parochiae
915 3960 1062 4026 alterum
1081 3963 1286 4028 beneficium
1310 3964 1354 4028 sii
1367 3963 1563 4030 accessorio

376 4069 522 4146 unitum,
535 4067 592 4134 vel
605 4068 634 4134 si
648 4085 758 4133 unum
774 4068 892 4134 datum
906 4069 951 4134 ait
965 4069 1002 4134 in
1023 4071 1172 4149 titulum,
1187 4076 1222 4138 et
1241 4070 1387 4137 alierum
1407 4071 1444 4135 in
1465 4087 1566 4136 com-

376 4175 538 4242 mendam
551 4176 786 4260 temporalem.

417 4286 448 4368 b)
461 4283 728 4368 incompatibilia
750 4289 850 4349 sunt:
865 4286 897 4349 i⁰
910 4288 1102 4367 generatim
1124 4285 1290 4353 beneficia
1315 4306 1391 4372 qnae
1415 4307 1458 4353 ex
1478 4291 1564 4373 jure

377 4393 492 4459 divino
514 4391 693 4477 requirunt
714 4392 936 4459 residentiam
960 4395 1170 4472 continuam,
1187 4399 1226 4460 ut
1239 4400 1320 4459 sunt
1339 4395 1407 4461 duo
1423 4397 1565 4480 episco-

376 4506 486 4585 patus,
504 4500 580 4566 due
593 4501 772 4586 parochiae,
789 4500 846 4566 vel
859 4501 993 4566 vicarie
1008 4507 1199 4586 perpetuae3
1216 4521 1298 4569 nam
1316 4504 1463 4570 vicanus
1482 4522 1567 4587 per-

377 4615 501 4694 petuus
525 4609 755 4694 aequiparatur
776 4609 935 4693 parocho.
952 4608 1038 4674 item
1060 4610 1135 4676 duae
1156 4611 1347 4694 praelaturae
1367 4609 1563 4695 regulares,

378 4718 502 4802 quibus
524 4719 658 4784 adnexa
682 4721 735 4782 est
757 4735 840 4784 cura
859 4719 1067 4796 aniniarum3
1089 4719 1138 4786 sic
1158 4739 1191 4784 v.
1207 4739 1242 4802 g.
1258 4721 1350 4786 idem
1375 4720 1566 4802 religiosus
