3498 5572
375 537 436 604 tea
836 556 886 604 rus
906 554 1088 606 canorum.

415 675 449 756 α’)
461 675 699 759 laspeoienon
710 681 790 740 sunt
803 681 996 742 reservata:
1008 677 1040 738 1⁰
1053 683 1133 738 uota
1148 674 1392 750 conditionata,
1410 678 1470 739 aut
1479 691 1551 757 poe·

374 781 465 849 uelis
478 784 514 848 in
527 785 692 861 futurum,
705 789 743 848 ut
754 804 865 850 voveo
873 784 1086 868 religionem,
1096 783 1125 847 si
1138 801 1182 848 ex
1191 783 1256 848 boo
1266 781 1386 848 morbo
1396 799 1550 856 evasero,

375 891 404 954 si
425 891 535 957 adbuc
555 891 662 957 semel
682 893 813 958 lurtum
833 893 1058 967 commisero;
1081 893 1154 956 haec
1172 895 1253 954 vota
1271 891 1381 972 magis
1401 891 1490 954 fiunt
1509 909 1553 954 ex

374 1017 491 1065 amore
518 1001 645 1084 proprii
671 1001 751 1065 boui
776 1019 879 1084 quam
897 1019 1015 1066 amore
1030 999 1108 1075 llei;
1130 1001 1231 1083 juxta
1249 997 1376 1082 plures,
1392 1003 1474 1063 vota
1488 999 1552 1062 sub

374 1106 568 1172 conditione
589 1107 631 1171 de
653 1109 769 1172 futuro
791 1109 917 1172 emissa
937 1112 1053 1173 essent
1073 1112 1249 1172 reservata
1267 1109 1450 1190 postquam
1473 1121 1552 1170 con-

375 1212 456 1278 ditio
471 1213 611 1298 impleta
630 1219 692 1292 est,
717 1215 796 1300 qnia
810 1221 891 1280 tunc
905 1220 1086 1280 transeunt
1100 1215 1136 1278 in
1157 1213 1331 1290 absoluta;
1349 1212 1410 1278 sed
1432 1213 1552 1295 proba·

373 1319 474 1385 bilius
490 1327 541 1386 est
556 1341 597 1387 ca
611 1341 681 1388 non
697 1343 773 1388 esse
793 1328 978 1398 racemata,
998 1321 1161 1406 quianon
1181 1325 1366 1387 censentur
1388 1320 1549 1402 perfecta,

373 1433 491 1511 utpote
506 1431 630 1495 affectu
652 1431 856 1496 conditionis
877 1431 991 1514 potius
1014 1449 1118 1514 quam
1137 1429 1186 1494 rei
1209 1431 1313 1508 faota3
1336 1433 1370 1494 90
1390 1449 1459 1494 aon
1477 1447 1552 1513 per-

371 1538 459 1616 fecte
473 1537 587 1615 libera,
603 1557 663 1603 seu
675 1541 763 1604 saeta
778 1559 822 1604 ex
835 1543 940 1614 metu,
959 1537 1150 1614 etiamlevi,
1167 1538 1195 1602 si
1210 1537 1353 1620 injusto,
1368 1537 1423 1602 vel
1438 1537 1550 1620 aliqua

371 1645 530 1724 passione
560 1645 766 1729 impediente
795 1647 981 1729 perfectam
1009 1645 1307 1721 deliberationem
1334 1646 1367 1710 30
1389 1645 1479 1709 iacta
1511 1644 1550 1706 ot

372 1751 478 1816 otiam
497 1749 601 1836 quam
617 1755 803 1818 devotionis
822 1755 947 1829 [lucrm
969 1753 1170 1836 imperiecta
1185 1759 1275 1830 sunt,
1293 1754 1321 1817 si
1336 1770 1407 1817 non
1424 1752 1547 1816 intuitu

371 1859 476 1924 solius
492 1861 632 1927 honoris
650 1861 756 1926 divini
771 1863 859 1926 tacta
873 1867 972 1936 sunt;
995 1861 1029 1924 40
1042 1869 1123 1924 cota
1143 1862 1348 1944 imperfecta
1370 1861 1548 1938 castitatis,

370 1973 409 2030 ut
430 1969 473 2034 ad
493 1969 608 2053 plures
629 1975 764 2036 tanturn
788 1989 897 2034 annos
921 1975 1041 2033 votum
1066 1987 1137 2033 non
1162 1968 1324 2044 nubendi,
1348 1987 1419 2032 nou
1445 1967 1550 2032 iorni-

369 2078 468 2142 oandi
496 2083 556 2142 aut
580 2079 743 2162 peccandi
771 2077 936 2146 adversus
966 2078 1169 2154 castitatem,
1200 2077 1406 2160 suscipiendi
1435 2093 1549 2140 sacros

370 2187 518 2261 ordines,
542 2192 577 2251 et
591 2185 656 2252 alia
669 2185 877 2269 hujusmodi.
901 2183 995 2250 Unde
1017 2186 1053 2249 in
1074 2185 1128 2249 bis
1143 2185 1302 2250 omnibus
1317 2185 1452 2249 ensibus
1464 2183 1549 2248 iule-

368 2293 476 2358 riores
490 2293 620 2376 praelati
635 2294 832 2377 dispensare
847 2299 1003 2378 possunt.

409 2401 437 2480 e)
454 2400 510 2465 Aa
530 2403 701 2484 episcopas
721 2402 777 2466 oet
790 2402 964 2484 reputares
981 2403 1116 2486 possint
1140 2399 1328 2484 aliquando
1353 2400 1548 2484 dispensare

369 2511 404 2571 ta
420 2509 506 2572 uotis
520 2509 623 2593 Papa
641 2509 846 2573 reservatis?
866 2510 897 2572 1⁰
912 2507 1095 2593 Episcopus
1109 2513 1224 2590 potest
1243 2509 1279 2570 in
1303 2525 1384 2572 casu
1403 2509 1548 2572 necessi-

369 2617 457 2692 tatis,
487 2616 673 2681 dummodo
697 2623 818 2682 votum
844 2617 888 2680 sit
910 2616 1097 2692 occultum;
1124 2634 1205 2680 narn
1230 2617 1266 2679 in
1287 2633 1369 2681 casu
1393 2617 1547 2698 urgentis

369 2725 592 2800 necessitatis,
607 2743 675 2808 quo
690 2723 834 2788 difficilis
845 2727 898 2788 est
907 2742 1066 2788 recursus
1076 2723 1119 2788 ad
1129 2723 1161 2786 S.
1174 2723 1384 2800 Pontificem,
1400 2741 1443 2787 ex
1454 2725 1548 2787 beni-

367 2831 496 2912 gnitate
513 2838 547 2895 et
561 2833 657 2896 suavi
672 2832 850 2913 regimine,
860 2833 1079 2915 praesumitur
1093 2831 1197 2896 Sedes
1215 2831 1408 2914 Apostolica
1427 2849 1548 2896 conce-

368 2935 449 3000 dere
473 2935 639 3019 episoopis
660 2934 857 3000 facultatem
880 2935 1101 3019 dispensandi
1126 2936 1161 2998 in
1183 2935 1490 2999 constitutionibus
1512 2939 1546 2999 et

367 3043 500 3110 casibus
530 3042 735 3127 apostolicis,
760 3047 863 3126 prout
885 3043 995 3124 magis
1015 3043 1176 3126 expedire
1195 3042 1331 3106 videtur
1351 3041 1452 3106 saluti
1473 3043 1544 3105 ani-

367 3169 502 3216 marum
518 3171 525 3214 :
542 3151 713 3233 colligitur
728 3169 771 3214 ex
785 3169 879 3215 conc.
897 3149 984 3216 lbid.
1004 3154 1042 3234 (s.
1055 3151 1105 3226 at,
1122 3169 1151 3215 o.
1165 3151 1194 3226 6,
1211 3149 1252 3214 de
1265 3149 1440 3232 Reform).
1459 3149 1548 3212 Dixi·

367 3275 465 3322 mus:
484 3285 499 3317 s
514 3259 701 3324 dummodo
716 3263 837 3323 votum
853 3260 896 3323 sit
910 3259 1094 3336 occultum,
1108 3285 1123 3318 »
1147 3259 1227 3342 quia
1241 3258 1278 3321 in
1293 3257 1547 3342 impedimentis

367 3365 510 3447 publicis
525 3365 630 3431 solius
646 3371 699 3431 est
711 3365 809 3449 Papae
823 3366 1030 3450 dispensare.

407 3474 525 3551 Quoad
540 3480 608 3538 tres
623 3475 929 3556 peregrinationes,
946 3493 1017 3539 non
1033 3475 1219 3559 requiritur
1231 3475 1451 3558 dispensatio,
1468 3491 1548 3540 oum

367 3583 402 3646 in
425 3578 506 3647 casu
537 3581 772 3665 impedimenti
800 3583 1013 3664 temporanei
1040 3584 1174 3666 possint
1199 3583 1345 3660 differri3
1377 3589 1411 3648 et
1435 3584 1548 3669 quoad

368 3696 448 3756 vota
464 3681 629 3755 ¹castitatis
651 3697 685 3754 et
699 3690 886 3772 religionis,
904 3697 1018 3774 potest
1033 3692 1238 3776 quandoque
1248 3695 1343 3776 justa
1355 3711 1458 3758 causa
1472 3713 1548 3757 sua-

368 3798 447 3862 dere
463 3798 754 3880 dispensationem
773 3819 779 3860 :
798 3798 826 3862 si
841 3798 1050 3881 dispensatio
1074 3801 1267 3866 necessaria
1286 3807 1339 3865 est
1359 3802 1402 3866 ad
1418 3803 1547 3866 entan-

367 3907 449 3970 dum
460 3925 564 3988 grave
581 3905 789 3983 scandalum,
806 3907 984 3972 infamiam
998 3908 1054 3972 vel
1068 3907 1160 3973 aliud
1180 3927 1286 3990 grave
1306 3909 1447 3985 malurn,
1465 3914 1503 3972 ut
1517 3910 1546 3972 si

366 4014 622 4078 matrimonium
638 4033 707 4078 non
721 4019 839 4098 posset
853 4014 982 4078 differri
997 4015 1071 4079 siue
1085 4017 1182 4096 gravi
1196 4016 1324 4098 sponsi,
1342 4035 1476 4100 sponsa
1492 4017 1546 4080 vel

366 4120 502 4186 iamiliae
519 4121 684 4186 dedecore
699 4141 705 4197 3
724 4122 752 4184 si
762 4121 899 4186 adesset
913 4121 1103 4204 periculum
1118 4123 1384 4188 incontinentia.

405 4229 438 4291 2⁰
450 4227 633 4312 deputares
646 4229 681 4292 in
694 4247 776 4294 casu
792 4229 946 4311 urgentis
961 4231 1176 4295 necessitatis
1190 4249 1261 4294 non
1276 4237 1432 4314 possunt,
1446 4235 1547 4316 juxta

365 4336 637 4400 communiorem
656 4337 873 4412 sententiam,
897 4337 1149 4419 dispensarem
1163 4342 1245 4402 voto
1267 4340 1427 4422 perfecta
1448 4341 1545 4405 casti·

367 4444 443 4508 tatis
468 4449 503 4507 et
528 4443 703 4524 religionis
725 4463 732 4506 ι
757 4461 838 4508 nam
858 4444 1038 4527 privilegia
1060 4445 1271 4527 regularium
1296 4463 1368 4512 non
1391 4465 1545 4531 compre-

365 4550 521 4616 hendunt
546 4552 610 4615 nisi
631 4557 712 4617 vote
735 4569 805 4617 non
828 4558 1022 4628 reservata3
1053 4569 1135 4634 ergo
1157 4571 1236 4618 oum
1259 4555 1332 4620 haec
1352 4555 1541 4637 privilegia,

367 4666 484 4743 utpote
510 4661 737 4724 exorbitantia
757 4681 777 4726 a
794 4665 870 4744 jure
894 4664 1084 4737 communi,
1109 4663 1177 4726 sint
1195 4664 1319 4728 stricta
1341 4665 1541 4748 interpreta-
