3488 5568
533 553 623 606 mem
644 554 770 607 rannus
791 549 1008 606 nscnsrmiuii.
1174 558 1177 562 ·
1300 537 1374 612 ted

183 695 252 744 non
271 675 386 742 divino
410 677 471 742 sed
489 677 737 756 ecclesiastic03
763 679 867 759 igitur
880 677 1029 742 Ecclesia
1042 677 1085 741 ob
1103 679 1233 742 bonum
1254 680 1361 762 publi-

182 806 261 852 cum
285 787 421 870 supplet
435 787 607 853 delectum
630 789 769 854 ordinis.
793 787 986 853 Generatim
1012 807 1132 853 omnes
1148 795 1243 853 actus
1255 791 1358 872 juris-

182 895 339 960 dictionis
354 896 480 974 valent,
498 898 562 961 etsi
576 897 722 962 inlldelis
737 897 867 962 dicatur
880 898 1024 980 incapax
1033 898 1279 980 jurisdictionis
1296 900 1360 982 spi.-

182 1002 325 1080 ritualis
342 1005 403 1069 sed
419 1005 503 1068 illud
518 1005 802 1088 impedimentum
825 1023 895 1069 non
915 1009 968 1069 est
979 1005 1066 1086 Juris
1087 1005 1203 1083 divini,
1228 1011 1263 1070 ct
1276 1007 1359 1072 alias

185 1110 310 1176 directe
331 1113 468 1197 respicit
483 1115 597 1178 iorum
616 1118 815 1188 externum3
838 1131 940 1195 porro
955 1111 1112 1189 Ecclesia,
1127 1115 1192 1179 hoc
1210 1115 1245 1178 in
1264 1134 1357 1193 casu,

183 1219 227 1282 ob
249 1221 378 1284 bonum
395 1219 569 1304 publicum
592 1221 762 1286 deiectum
785 1220 883 1298 tollit,
902 1225 941 1284 ut
956 1226 1009 1285 est
1022 1221 1238 1303 impeditivus
1257 1223 1360 1305 juris-

183 1326 339 1392 dictionis
362 1328 608 1394 ecclesiastica.

593 1707 805 1816 rrrurus
840 1740 971 1813 xurv.

201 1919 239 1966 be
260 1921 402 1968 custodio
421 1923 637 1981 EUGllARlSTlAE,
660 1925 838 1970 cuulsnn'lls
857 1927 896 1970 ET
914 1926 1048 1972 ALIORUM
1069 1927 1339 1973 SAGRAMENTORUM.

118 2309 120 2315 ,
222 2247 316 2310 Nori.
334 2247 473 2311 Verba«
499 2247 645 2313 aliorum
660 2253 952 2314 sacramentorum
968 2273 984 2308 »
1001 2255 1184 2314 sumuntur
1200 2250 1234 2313 in
1255 2269 1357 2314 seusu

181 2351 251 2418 lato
267 2359 301 2418 et
313 2355 510 2438 improprio,
531 2375 594 2439 pro
618 2357 673 2421 SS.
700 2357 785 2421 oleis
806 2363 841 2421 et
858 2359 961 2422 rebus
976 2377 1051 2440 quat
1067 2364 1360 2423 sacramentorum

182 2462 300 2524 usibus
316 2468 396 2526 sunt
416 2464 605 2546 deputatae:
622 2465 696 2528 baeo
709 2465 825 2529 omnia
838 2465 973 2548 proprie
990 2470 1070 2528 suut
1089 2465 1356 2530 sacramentalia.

180 2568 228 2631 Er
251 2571 385 2652 objecto
407 2570 498 2634 illius
521 2570 608 2634 tituli
633 2571 744 2636 elucet
766 2573 934 2637 connexio
955 2591 1034 2636 cum
1054 2574 1298 2656 superioribus,
1323 2574 1358 2637 in

182 2677 305 2762 quibus
318 2679 431 2759 agitur
447 2679 487 2744 de
503 2682 726 2745 sacramentis
740 2681 956 2746 Eucharistiae
973 2687 1007 2744 et
1023 2682 1194 2765 baptismi.
1235 2669 1236 2672 ¹

621 2907 756 2970 SECTIO
783 2907 919 2970 PRIMA.

538 3058 587 3109 De
607 3057 759 3110 custodia
775 3059 1005 3110 Eucharistiae.
1107 3018 1110 3024 Ι

236 3231 252 3304 5
272 3231 292 3288 l.
310 3231 350 3289 Dc
364 3231 497 3290 ecclesiis
512 3231 545 3289 io
560 3231 667 3305 quibas
683 3233 837 3290 asservari
848 3237 946 3304 potest
964 3231 1012 3290 cel
1024 3245 1085 3289 con
1099 3229 1305 3289 Ecclrordtio.

511 3389 529 3436 l.
547 3384 678 3438 Ecclesia
693 3385 723 3436 in
738 3383 841 3448 quibus
855 3385 1025 3437 asservatur.

221 3509 253 3588 a)
268 3505 476 3570 Eucharistia
491 3511 543 3568 est
561 3505 769 3570 asservando
782 3506 817 3568 in
833 3504 983 3569 ecclesiis
1002 3507 1102 3587 juxta
1119 3505 1225 3568 ritum
1239 3525 1260 3568 a
1276 3509 1356 3568 tern-

180 3633 263 3696 pore
278 3613 402 3678 Nicaeni
416 3612 548 3702 concilii
564 3613 738 3676 usitatum.
755 3611 854 3676 Cone.
868 3611 955 3674 Trid.
974 3613 1012 3693 (s.
1026 3613 1075 3688 13,
1088 3630 1116 3675 c.
1132 3613 1162 3685 6,
1178 3612 1219 3674 de
1233 3611 1356 3692 Eucb.)

180 3722 380 3804 pronuntiat
393 3725 511 3784 contra
529 3723 758 3801 protestantes
774 3720 830 3802 qui
845 3719 1095 3801 impugnabant
1108 3719 1196 3782 hanc
1209 3719 1353 3801 praxim.

221 3831 252 3891 1⁰
277 3829 398 3892 Primis
420 3827 576 3892 Ecclesiae
598 3825 742 3900 saeculis,
768 3824 899 3900 fideles,
923 3827 967 3889 ob
990 3823 1171 3904 gentilium
1199 3843 1355 3906 persecu-

181 3937 302 4011 tiones,
325 3936 575 4000 conservabant
593 3933 684 4016 apud
698 3952 734 3997 se
751 3933 782 3996 S.
797 3932 1053 4010 Eucharistiam‚
1068 3937 1106 3996 ut
1128 3951 1165 3996 se
1179 3951 1275 3996 sacro
1292 3933 1356 3997 hoc

181 4042 281 4125 epulo
313 4043 444 4125 possint
474 4040 848 4123 1·ellcere‚praesartim
876 4041 919 4105 ad
947 4040 1081 4104 fortiter
1110 4040 1214 4104 fidem
1240 4057 1355 4103 coram

181 4151 333 4233 tyrannis
372 4150 609 4234 prossteudam.
641 4149 707 4214 Sed
737 4153 893 4214 cessante
918 4149 1174 4232 persecutione,
1209 4149 1356 4212 cessarit

180 4260 284 4323 etiam
304 4278 380 4324 mos
404 4257 630 4326 conservandi
655 4257 709 4320 SS.
731 4275 855 4339 corpus
874 4255 995 4320 Christi
1015 4257 1050 4318 in
1074 4255 1232 4320 domibus
1256 4255 1356 4336 parti-

178 4367 349 4432 cularibus
366 4387 373 4443 ;
391 4385 506 4451 quare,
523 4385 544 4431 a
561 4369 718 4448 tempore
733 4383 827 4430 conc.
845 4365 971 4430 Nicaeni
993 4351 1218 4430 conservatur
1229 4363 1355 4428 Eucha-

177 4476 274 4540 ristia
291 4475 328 4538 in
351 4473 502 4540 ecclesiis
523 4479 667 4538 tanturn.
688 4471 794 4537 Hodie
823 4473 882 4557 qui
903 4475 1156 4537 sacrosanctam
1181 4471 1356 4536 Eucharis-

180 4585 261 4650 tiam
276 4584 366 4667 apud
381 4603 417 4648 se
437 4583 612 4658 retineret,
631 4584 731 4648 sseret
745 4583 914 4648 obnoxius
929 4581 1089 4646 tribunali
1104 4581 1218 4645 Sancti
1234 4579 1352 4655 Olilcii,

179 4697 213 4756 et
226 4693 429 4776 interrogari
443 4691 584 4757 deberet
599 4710 667 4775 quo
683 4693 751 4754 ilnc
762 4690 854 4782 illam
867 4691 1034 4755 retineat:
1051 4689 1079 4754 si
1095 4707 1138 4756 ex
1150 4707 1256 4772 pravo
1271 4690 1351 4767 line,
