3498 5572
557 630 644 675 nram
666 631 791 676 renrrus
812 631 1034 678 oecumenius.
1325 613 1383 678 lbi

208 751 419 830 exemptum,
433 745 490 813 vel
504 765 524 814 a
537 747 690 830 generali
702 747 806 814 totius
818 747 947 813 ordinis
961 752 1021 814 aut
1032 747 1119 813 Sede
1136 747 1338 832 Apostolioa,
1355 749 1383 813 si

207 856 455 920 monasterium
471 859 525 922 est
537 860 747 940 exemptum.

249 963 373 1042 Quoad
394 963 534 1028 modum
557 963 762 1029 visitationis
777 963 1043 1030 avisitetoribus
1064 964 1239 1040 laetanda,
1257 963 1313 1029 ille
1337 965 1385 1028 sio

210 1072 456 1138 determinatur
469 1071 504 1136 in
516 1089 544 1136 o.
561 1072 621 1135 iln.
635 1073 707 1155 buj.
725 1072 775 1136 tit.
796 1093 803 1135 ε
821 1074 853 1138 1⁰
867 1073 902 1136 Si
916 1073 1113 1139 inveniatur
1127 1071 1249 1156 uliquis
1266 1091 1385 1140 mona-

207 1180 291 1244 ohus
315 1179 524 1246 eorreotione
551 1178 685 1261 dignus,
703 1179 897 1246 visitatores
919 1179 1046 1244 debent
1067 1179 1163 1244 illum
1187 1179 1319 1244 deferre
1342 1179 1385 1244 ad

208 1287 376 1362 abbatem,
392 1289 430 1350 ut
457 1288 500 1350 ab
526 1287 601 1369 ipso
626 1287 827 1370 eorrigstur.
855 1286 983 1352 'lamen
1002 1287 1030 1352 si
1055 1305 1140 1371 qnos
1165 1291 1385 1352 eontumaoes

206 1394 413 1470 invenerint,
430 1395 494 1479 ipsi
509 1395 703 1461 visitatores
716 1399 873 1480 possunt,
885 1396 1086 1460 auetoritate
1101 1395 1297 1479 apostoliea,
1308 1393 1385 1460 illos

207 1519 364 1566 eoamers
376 1507 436 1566 aut
447 1504 682 1569 emonasterio
691 1503 825 1586 ejicere,
835 1522 879 1568 ne
887 1521 980 1568 sanae
990 1521 1074 1568 oves
1086 1503 1289 1567 inficiantur.
1306 1504 1339 1565 2⁰
1351 1501 1385 1565 Si

208 1609 367 1674 abbatem
391 1609 506 1693 ipsum
530 1611 763 1693 negligentem
787 1611 823 1674 in
845 1628 989 1675 munere
1012 1609 1221 1688 invenerint,
1252 1609 1286 1673 id
1313 1610 1385 1674 sine
1518 1626 1520 1634 ·

207 1733 305 1781 mora
342 1717 536 1782 dioeoesano
562 1718 628 1784 looi
658 1717 871 1799 significent,
902 1718 930 1781 si
959 1704 1208 1782 monasterium
1234 1735 1305 1782 non
1334 1721 1387 1780 est

208 1828 419 1908 exemptum,
444 1827 479 1889 et
501 1827 582 1889 tune
609 1825 788 1909 episeopus
809 1825 1003 1908 providebit
1024 1824 1146 1890 mediis
1168 1825 1384 1908 opportunis;

125 2000 128 2005 Δ
208 1934 235 1997 si
259 1933 510 1998 monasterium
533 1937 586 1998 est
609 1937 819 2017 exemptum,
838 1933 977 2018 ipsimet
996 1934 1191 1999 visitatores
1213 1932 1387 2015 coadjuto-

206 2061 282 2107 rem
307 2043 514 2107 oonstituere
538 2046 684 2127 possunt
702 2045 737 2106 et
756 2041 896 2118 debent;
914 2041 975 2106 sed
992 2040 1178 2124 ultragredi
1197 2047 1384 2125 nequeunt,

208 2150 288 2234 quia
302 2149 470 2233 depositio
485 2155 538 2214 est
552 2149 630 2215 Sodi
643 2149 844 2234 Apostolioae
859 2153 1044 2216 reservata.
1065 2148 1217 2214 Tandem
1228 2150 1261 2213 3ο
1275 2150 1387 2215 visita-

207 2261 300 2321 tores
323 2257 530 2340 posteriores
552 2257 732 2339 diligenter
754 2257 926 2341 inquirere
944 2257 1070 2322 debent
1090 2239 1387 2323 de'visitatoribus

208 2363 390 2446 prioribus,
408 2368 442 2428 et
462 2381 583 2428 eorum
604 2363 850 2446 negligentiam
872 2369 907 2428 et
928 2380 1090 2430 excessus
1112 2366 1239 2430 reterre
1262 2363 1388 2430 debent

208 2471 366 2556 sequenti
380 2470 529 2554 eapitulo
543 2471 706 2552 generali.

246 2581 272 2660 c)
294 2579 475 2664 Speoiatim
491 2580 532 2644 de
545 2581 740 2645 visitatione
753 2579 965 2645 monialium.
979 2581 1010 2644 l·
1021 2579 1059 2644 ln
1074 2579 1177 2645 Glem.
1191 2581 1223 2644 i·
1235 2581 1306 2663 huj.
1322 2580 1384 2654 tit,
1416 2660 1420 2666 Ι

205 2689 374 2772 jubentur
392 2687 561 2754 moniales
578 2689 720 2772 visitari,
739 2690 846 2755 semel
860 2691 896 2754 in
910 2707 1012 2767 anno,
1029 2691 1257 2774 abepiscopo,
1274 2693 1387 2760 anolo-

206 2799 307 2863 ritate
323 2797 505 2875 ordinaria,
523 2798 635 2863 sinon
650 2803 731 2863 sunt
747 2804 926 2883 exemptae,
944 2799 1129 2883 apostoliea
1149 2817 1211 2864 seu
1230 2798 1387 2880 delegate

207 2923 228 2970 a
240 2905 272 2969 S.
290 2905 389 2980 Sede,
405 2905 433 2969 si
446 2909 528 2970 sunt
541 2911 709 2990 exemptae
725 2911 760 2972 et
773 2907 970 2972 immediate
983 2908 1146 2990 subjeotae
1159 2906 1192 2970 S.
1206 2905 1360 2972 Pontifloi
1378 2926 1385 2970 :

207 3015 254 3079 ita
278 3015 383 3080 etiam
397 3031 492 3080 eone.
510 3013 597 3080 Trid.
615 3017 710 3096 (sess.
729 3016 780 3092 io,
797 3034 826 3080 o.
841 3017 872 3093 b,
888 3014 1085 3101 deiloqui).
1103 3013 1137 3078 Si
1153 3019 1235 3078 sunt
1249 3015 1387 3099 quidem

208 3125 387 3206 exemptae,
405 3121 465 3188 sed
481 3123 643 3206 subjeotae
660 3123 782 3200 ordini,
799 3128 880 3188 tuno
893 3123 1076 3188 visitantur
1088 3122 1191 3188 etiam
1205 3141 1226 3188 a
1238 3123 1387 3207 praelatis

207 3232 377 3295 ordinum.
387 3231 514 3306 ‘lamen
526 3231 705 3316 episeopus
719 3236 832 3315 potest
845 3233 948 3296 etiam
958 3231 1032 3296 illus
1042 3231 1191 3309 visitare,
1203 3233 1264 3297 sed
1275 3233 1387 3317 quoad

206 3338 372 3404 elausurae
390 3340 644 3406 observantiam
659 3341 839 3417 duntaxat,
847 3357 890 3404 ex
905 3339 981 3406 eod.
992 3357 1086 3404 eone.
1096 3339 1273 3422 Trid.(loco
1283 3343 1337 3404 cit.
1353 3343 1388 3404 et

208 3465 293 3512 sess.
310 3448 360 3530 il,
379 3465 451 3531 oap.
469 3448 499 3524 9,
517 3447 723 3532 aercwig
740 3449 810 3512 imo
826 3447 943 3512 exult.
961 3448 1064 3512 citato
1077 3465 1150 3530 oap.
1171 3465 1265 3512 eone.
1283 3447 1384 3523 Trid,

208 3555 367 3638 episcopi,
391 3556 512 3620 saltem
535 3559 700 3640 tanquam
724 3555 871 3638 delegati
894 3555 990 3620 Sedis
1013 3554 1226 3638 Apostolioae,
1244 3561 1387 3638 possent

208 3663 357 3739 visitare,
381 3683 450 3730 non
466 3669 601 3730 tantum
623 3667 736 3750 quoad
749 3665 955 3742 olausuram,
971 3666 1033 3731 sed
1054 3666 1157 3731 etiam
1176 3667 1288 3750 quoad
1307 3666 1383 3731 alia.

209 3771 301 3850 (vise
316 3771 440 3849 rene,
458 3793 511 3858 op.
525 3775 594 3854 co,
605 3791 634 3839 s.
651 3775 743 3850 ron.
755 3775 805 3850 ss,
818 3775 882 3856 es.)
894 3774 1047 3840 visiano
1061 3755 1387 3859 flaripotestavio'a-

208 3879 258 3943 rio
279 3879 446 3960 generali,
474 3881 515 3946 de
538 3881 676 3966 speciali
697 3883 860 3948 mandato
882 3883 1045 3966 episeopi;
1069 3887 1104 3948 at
1127 3883 1274 3948 vinarius
1298 3885 1386 3967 oapi-

208 3984 326 4050 tularis
354 3993 468 4071 potest
491 3989 630 4074 quidem
653 4009 723 4055 non
753 3995 929 4075 exemptas
953 3991 1111 4066 visitare,
1138 3989 1280 4054 minime
1304 4009 1387 4056 vero

207 4094 365 4160 ooenobia
378 4096 579 4161 monialium
591 4104 761 4182 exempta,
772 4103 811 4162 ut
820 4097 1004 4164 declaravit
1017 4097 1211 4182 Rota(apud
1221 4099 1384 4180 Barbos.).

249 4200 332 4266 lluie
355 4203 541 4269 visitationi
566 4205 749 4289 episcopali
774 4206 1001 4290 suinoiuntur
1024 4203 1184 4290 quaelibet
1204 4205 1384 4288 religiosae,

208 4308 281 4374 sive
298 4311 361 4375 sub
377 4309 536 4377 olausura
547 4313 676 4389 vivant,
690 4313 763 4378 sive
778 4332 860 4391 nou;
876 4314 1057 4379 imostiam
1069 4315 1104 4377 in
1114 4313 1300 4392 communi,
1312 4313 1387 4378 reli-

207 4417 321 4499 gionis
330 4439 444 4498 eausa,
454 4422 612 4488 viventes
624 4439 700 4506 quse
713 4423 954 4488 essentialibus
963 4422 1140 4505 religionis
1152 4423 1242 4487 votis
1251 4439 1322 4488 non
1331 4423 1387 4488 ad-

208 4529 434 4610 stringuntur,
446 4549 590 4616 queque
604 4555 620 4593 o
635 4531 808 4598 senonicae
819 4529 999 4597 saeeulares
1010 4531 1115 4614 vulgo
1126 4531 1286 4597 dicuntur
1299 4553 1330 4595 s:
1340 4532 1388 4598 ita

208 4653 370 4720 expresse
389 4637 492 4704 Clem.
510 4639 578 4715 eit,
603 4658 646 4704 ex
665 4659 733 4723 qua
752 4659 822 4704 non
845 4657 967 4705 omnes
983 4639 1059 4704 illus
1073 4639 1232 4722 religiose
1246 4641 1385 4717 vixisse,

208 4744 345 4812 constat
358 4765 419 4830 per
440 4747 703 4833 deseriptionem
718 4767 854 4815 mamm
870 4749 951 4816 inibi
966 4751 1100 4816 laetam.
