3504 5572
534 622 620 667 erana
643 623 770 670 111111
792 625 1015 672 recurrimus.
1305 611 1365 676 319
1401 665 1405 680 .

187 739 274 806 tiosa
291 739 436 823 (Extrau.
453 739 660 817 Ambitione,
678 741 837 807 derebus
851 741 936 808 Eccl.
956 759 1026 808 non
1044 742 1169 826 alien).
1186 743 1367 827 Disputsnt

186 846 301 912 01111
315 847 463 931 praelatis
477 848 647 931 prohibita
661 848 705 912 sit
716 849 915 914 constitutio
928 850 1128 933 hypothecae
1143 851 1314 933 generatis
1330 852 1366 916 in

185 956 285 1022 bonis
300 955 546 1032 ecclesiasticis,
563 956 686 1022 saltem
700 957 775 1022 sine
790 955 1065 1024 solemnitatibus
1077 958 1175 1042 juris,
1192 958 1273 1026 licet
1286 975 1366 1028 oum

182 1067 279 1149 justa
291 1082 405 1130 causa.
539 1067 541 1072 ’

225 1175 259 1238 9⁰
269 1173 439 1238 Beneficia
450 1177 485 1238 et
497 1173 682 1257 pensiones
697 1173 945 1252 ecclesiasticae,
960 1194 1036 1260 quae
1047 1194 1117 1242 non
1132 1183 1213 1244 sunt
1226 1179 1262 1244 in
1275 1197 1368 1245 com-

186 1281 315 1348 mcrcio
342 1281 552 1348 hominurn:
582 1283 722 1360 culices,
750 1287 902 1367 patenae,
930 1288 1121 1370 coeteraque
1147 1287 1367 1354 ecclesiarum

186 1391 353 1476 supellex,
369 1391 436 1456 nisi
450 1392 486 1457 in
498 1411 580 1458 casu
595 1393 750 1476 urgentis
767 1395 981 1459 necessitatis
997 1397 1035 1477 (c.
1054 1396 1139 1460 1311.
1158 1400 1206 1478 1.).

225 1501 532 1566 3⁰·neseom1nuni
551 1505 586 1566 et
604 1501 740 1584 publico
760 1504 839 1567 usui
856 1502 1038 1588 deputate,
1055 1505 1105 1570 uti
1118 1505 1240 1590 platcae
1255 1511 1290 1574 et
1304 1507 1368 1573 viae

185 1609 343 1697 publicae,
359 1609 426 1676 nisi
439 1611 599 1696 princeps
610 1611 814 1676 consentiat.

571 1801 615 1856 IV.
635 1802 674 1854 tte
689 1801 839 1855 effectibus
851 1802 986 1869 pignoris.

225 1935 376 2004 Effectus
393 1936 441 2002 illi
454 1938 496 2002 ad
515 1936 638 2021 triplex
649 1955 760 2019 genus
772 1938 927 2004 revocari
941 1943 1087 2022 possunt
1104 1960 1112 2003 ε
1127 1940 1371 2024 1011111111-

185 2046 322 2122 ditenim
338 2047 371 2110 2⁰
384 2045 427 2111 ad
444 2045 690 2128 obligationem
703 2050 775 2110 tam
789 2045 953 2112 debitoris
976 2052 1048 2113 tam
1070 2049 1263 2126 creditoris;
1279 2049 1312 2113 3⁰
1328 2049 1371 2115 ad

183 2157 338 2223 actiones
352 2172 428 2240 quae
444 2155 601 2222 oriuntur
614 2174 657 2220 ex
669 2159 846 2222 contractu
859 2157 1025 2240 pignoris.
1121 2150 1124 2164 '

224 2265 259 2347 a)
273 2266 360 2330 lura
374 2263 557 2329 creditoris.
576 2265 608 2328 t⁰
628 2263 736 2328 Habet
753 2265 791 2328 in
810 2283 848 2329 re
867 2265 1049 2348 pignorata
1065 2269 1123 2350 jus
1139 2266 1231 2331 reale
1247 2271 1281 2331 et
1294 2284 1372 2351 pos-

184 2373 388 2438 sessionem.
406 2370 456 2437 ita
470 2372 574 2436 etiam
588 2369 668 2437 God.
686 2371 751 2437 civ.
769 2372 843 2454 (nrt.
860 2373 952 2457 1016)
973 2378 1008 2438 et
1026 2374 1091 2440 boc
1103 2377 1161 2458 jus
1177 2375 1372 2440 extenditur

185 2480 350 2548 etiamad
365 2497 496 2563 eaquae
514 2483 634 2561 postea
654 2497 698 2543 ex
712 2497 748 2543 re
768 2483 850 2546 nats
869 2484 959 2558 sunt,
974 2481 1094 2548 ethaec
1112 2482 1286 2566 possessio
1310 2499 1372 2546 seu

183 2593 243 2673 jus
260 2587 431 2654 retinendi
451 2587 615 2671 perdurat
637 2605 748 2672 usque
769 2587 812 2654 ad
832 2588 1004 2670 integram
1029 2589 1236 2656 solutionem
1255 2590 1369 2656 debiti.

186 2697 269 2762 rvi
283 2697 387 2780 hujus
392 2693 1279 2781 jurisrealis,creditorinonpraejudicstdebitorrem
1290 2717 1373 2764 ven·
1457 2687 1469 2774 J

187 2804 312 2881 dendo,
329 2803 489 2870 donando
502 2801 558 2868 vel
570 2802 670 2867 aliter
684 2802 878 2882 alienando,
894 2805 1002 2890 quiea
1017 2823 1373 2892 quocumqueposses-

188 2931 266 2978 sore
283 2911 433 2977 illesam
452 2927 614 2976 revocare
633 2914 764 2994 potest,
790 2911 857 2976 nisi
879 2914 1073 2980 consentiat
1093 2914 1291 2980 alienationi
1312 2915 1374 2998 hy·

186 3022 372 3105 potbecam
387 3017 606 3084 remittendo.
619 3019 652 3083 3⁰
662 3018 779 3084 Potest
791 3037 866 3085 rem
881 3020 945 3085 sihi
957 3021 1175 3105 pignoratam
1190 3024 1373 3107 subpigno-

186 3148 264 3195 rare
276 3127 385 3206 alteri,
397 3146 467 3192 non
482 3132 599 3192 tomen
614 3145 677 3212 pro
691 3127 815 3210 majori
831 3129 1019 3212 quantitate
1033 3149 1040 3192 :
1053 3129 1114 3195 sed
1130 3129 1243 3196 soluto
1259 3130 1373 3198 debito

188 3255 210 3304 a
223 3237 334 3322 primo
350 3236 516 3314 debitore,
538 3235 769 3319 exstinguitur
779 3239 838 3320 jus
848 3237 1002 3319 pignoris
1012 3237 1047 3301 in
1062 3237 1213 3304 secundo
1224 3243 1260 3304 et
1274 3241 1374 3305 tertio

187 3345 369 3422 creditore,
385 3345 465 3429 quia
479 3343 633 3410 resoluto
645 3345 724 3428 jure
739 3345 899 3420 auctoris,
914 3343 1098 3410 resolvitur
1107 3349 1166 3431 jus
1184 3344 1372 3412 creditoris.

188 3455 222 3520 4⁰
236 3455 270 3519 Si
284 3459 439 3538 tempore
452 3454 594 3538 praedxo
611 3452 764 3518 debitum
780 3471 851 3519 non
866 3452 1029 3530 solvatur,
1045 3455 1203 3533 creditor,
1221 3459 1301 3540 post
1313 3457 1371 3520 tri-

194 3580 277 3628 nam
299 3561 607 3640 denuntiationem,
623 3561 808 3644 procedere
827 3566 942 3645 potest
962 3562 1006 3626 ad
1020 3561 1256 3628 venditionem
1277 3563 1327 3629 rei
1341 3568 1377 3628 et

172 3671 382 3749 ductuum,
409 3675 448 3734 ut
467 3671 515 3735 ita
534 3670 597 3734 sibi
616 3669 760 3734 satisfiat
777 3687 839 3753 pro
859 3669 985 3735 debito.
1009 3669 1059 3736 ita
1078 3671 1114 3734 in
1138 3670 1297 3735 omnibus
1317 3674 1375 3754 jus

190 3781 288 3847 Rom.
301 3779 368 3845 Sed
381 3779 498 3864 injure
508 3777 603 3855 can,
619 3782 810 3862 nonpotest
820 3797 894 3843 rem
902 3779 1285 3863 pignoratnmvendere,
1297 3778 1377 3846 licet

190 3888 300 3972 possit
312 3887 466 3952 obtinere
480 3886 627 3971 ajudice
639 3890 745 3950 utres
759 3885 930 3951 vendatur
941 3887 1074 3952 actione
1087 3887 1231 3971 publica,
1244 3887 1298 3953 vel
1313 3889 1376 3954 sibi

192 3997 361 4062 tribuatur
373 3995 409 4060 11
422 3995 646 4074 solutionem
664 3995 801 4079 quando
812 3995 982 4073 venditur,
990 3997 1048 4079 jus
1060 3996 1162 4062 habet
1177 3997 1213 4060 in
1227 3997 1377 4081 pretium

191 4105 239 4170 rei
256 4103 445 4188 pignorata}
462 4123 532 4188 prae
552 4103 626 4168 eliis
642 4103 867 4170 creditoribus
886 4105 959 4187 (art.
981 4103 1061 4168 2073
1075 4123 1169 4189 seqq.
1188 4104 1268 4170 God.
1284 4105 1374 4188 cin).

232 4212 262 4294 b)
284 4212 513 4297 Obligationes
527 4212 690 4278 debitoris
706 4218 797 4290 sunt,
814 4213 846 4276 1⁰
867 4216 991 4278 utnon
1011 4217 1145 4297 repetat
1162 4229 1237 4278 rem
1256 4213 1375 4297 pigno·

193 4324 317 4398 ratam,
335 4320 400 4385 nisi
421 4320 596 4398 creditori,
617 4320 675 4384 vel
696 4338 759 4404 per
780 4318 988 4384 solutionem
1010 4320 1067 4385 vel
1081 4319 1304 4395 adiuratione,
1321 4337 1373 4384 so-

193 4429 353 4507 tisiaciat,
376 4428 500 4494 deinde
523 4433 562 4498 ut
580 4427 692 4494 solvat
709 4428 883 4511 impensas
903 4446 988 4512 quos
1006 4427 1143 4493 fecisset
1166 4427 1314 4493 creditor
1338 4429 1374 4494 in

192 4535 428 4602 conservando
452 4537 608 4621 pignore.
626 4536 676 4602 lta
699 4537 804 4602 etiam
823 4539 882 4620 J‘us
904 4536 1371 4620 ὓ111.(111.10800111.111.).

194 4642 401 4725 &obligatio
414 4643 591 4710 creditoris
607 4648 660 4710 est
673 4645 746 4709 sive
759 4649 799 4708 ut
811 4663 886 4710 rem
899 4643 1080 4727 diligenter
1094 4644 1276 4720 custodiet,
1289 4649 1325 4710 et
1336 4645 1372 4708 in

197 4751 329 4818 damnis
352 4757 492 4835 prestet
513 4753 640 4831 dolum,
656 4752 793 4838 culpam
806 4753 912 4820 latam
927 4751 1088 4818 etlevem
1110 4753 1169 4834 (ita
1190 4757 1374 4836 utrumque
