<?xml version="1.0" encoding="UTF-8"?>
<!DOCTYPE html PUBLIC "-//W3C//DTD XHTML 1.0 Transitional//EN"
    "http://www.w3.org/TR/xhtml1/DTD/xhtml1-transitional.dtd">
<html xmlns="http://www.w3.org/1999/xhtml" xml:lang="en" lang="en">
 <head>
  <title>
</title>
<meta http-equiv="Content-Type" content="text/html;charset=utf-8" />
  <meta name='ocr-system' content='tesseract 3.04.00' />
  <meta name='ocr-capabilities' content='ocr_page ocr_carea ocr_par ocr_line ocrx_word'/>
</head>
<body>
  <div class='ocr_page' id='page_1' title='image "./juscanonicumjux00grangoog_0376.png"; bbox 0 0 3504 5572; ppageno 0'>
   <div class='ocr_carea' id='block_1_1' title="bbox 352 595 1069 659">
    <p class='ocr_par' dir='ltr' id='par_1_1' title="bbox 352 595 1069 659">
     <span class='ocr_line' id='line_1_1' title="bbox 352 595 1069 659; baseline -0.006 -1"><span class='ocrx_word' id='word_1_1' title='bbox 352 595 412 659; x_wconf 81' lang='lat' dir='ltr'>36l</span> <span class='ocrx_word' id='word_1_2' title='bbox 814 613 866 658; x_wconf 87' lang='lat' dir='ltr'>ros</span> <span class='ocrx_word' id='word_1_3' title='bbox 888 611 1069 658; x_wconf 79' lang='lat' dir='ltr'>oxoomsou.</span> 
     </span>
    </p>
   </div>
   <div class='ocr_carea' id='block_1_2' title="bbox 353 728 1541 2324">
    <p class='ocr_par' dir='ltr' id='par_1_2' title="bbox 353 728 1537 1030">
     <span class='ocr_line' id='line_1_2' title="bbox 353 728 1536 813; baseline -0.002 -20"><span class='ocrx_word' id='word_1_4' title='bbox 353 735 475 794; x_wconf 75' lang='lat' dir='ltr'>vocato</span> <span class='ocrx_word' id='word_1_5' title='bbox 491 730 652 794; x_wconf 88' lang='lat' dir='ltr'>universo</span> <span class='ocrx_word' id='word_1_6' title='bbox 677 729 823 813; x_wconf 85' lang='lat' dir='ltr'>populo;</span> <span class='ocrx_word' id='word_1_7' title='bbox 839 731 986 795; x_wconf 89' lang='lat' dir='ltr'>alterum</span> <span class='ocrx_word' id='word_1_8' title='bbox 1005 731 1109 794; x_wconf 84' lang='lat' dir='ltr'>flebat</span> <span class='ocrx_word' id='word_1_9' title='bbox 1126 734 1280 812; x_wconf 91' lang='lat' dir='ltr'>tempore</span> <span class='ocrx_word' id='word_1_10' title='bbox 1302 728 1382 794; x_wconf 91' lang='lat' dir='ltr'>belli</span> <span class='ocrx_word' id='word_1_11' title='bbox 1406 733 1441 793; x_wconf 91' lang='lat' dir='ltr'>et</span> <span class='ocrx_word' id='word_1_12' title='bbox 1455 747 1536 812; x_wconf 85' lang='lat' dir='ltr'>pro-</span> 
     </span>
     <span class='ocr_line' id='line_1_3' title="bbox 354 819 1537 922; baseline 0 -22"><span class='ocrx_word' id='word_1_13' title='bbox 354 839 505 902; x_wconf 78' lang='lat' dir='ltr'>cinctum</span> <span class='ocrx_word' id='word_1_14' title='bbox 517 837 702 914; x_wconf 76' lang='lat' dir='ltr'>dicebatur,</span> <span class='ocrx_word' id='word_1_15' title='bbox 716 837 795 922; x_wconf 88' lang='lat' dir='ltr'>quia</span> <span class='ocrx_word' id='word_1_16' title='bbox 805 838 1020 922; x_wconf 88' lang='lat' dir='ltr'>alprocinctis</span> <span class='ocrx_word' id='word_1_17' title='bbox 1034 837 1077 903; x_wconf 87' lang='lat' dir='ltr'>ad</span> <span class='ocrx_word' id='word_1_18' title='bbox 1092 837 1221 902; x_wconf 91' lang='lat' dir='ltr'>bellum</span> <span class='ocrx_word' id='word_1_19' title='bbox 1232 819 1459 912; x_wconf 82' lang='lat' dir='ltr'>condebatur3</span> <span class='ocrx_word' id='word_1_20' title='bbox 1474 841 1537 901; x_wconf 90' lang='lat' dir='ltr'>ter-</span> 
     </span>
     <span class='ocr_line' id='line_1_4' title="bbox 357 945 1535 1030; baseline -0.001 -23"><span class='ocrx_word' id='word_1_21' title='bbox 357 945 442 1009; x_wconf 90' lang='lat' dir='ltr'>tium</span> <span class='ocrx_word' id='word_1_22' title='bbox 457 946 562 1010; x_wconf 83' lang='lat' dir='ltr'>fiebat</span> <span class='ocrx_word' id='word_1_23' title='bbox 574 964 636 1030; x_wconf 86' lang='lat' dir='ltr'>per</span> <span class='ocrx_word' id='word_1_24' title='bbox 650 964 695 1009; x_wconf 76' lang='lat' dir='ltr'>ses</span> <span class='ocrx_word' id='word_1_25' title='bbox 710 954 743 1010; x_wconf 85' lang='lat' dir='ltr'>et</span> <span class='ocrx_word' id='word_1_26' title='bbox 757 945 908 1024; x_wconf 80' lang='lat' dir='ltr'><em>liberam,</em></span> <span class='ocrx_word' id='word_1_27' title='bbox 924 945 1124 1028; x_wconf 85' lang='lat' dir='ltr'>scilicetper</span> <span class='ocrx_word' id='word_1_28' title='bbox 1132 946 1307 1010; x_wconf 85' lang='lat' dir='ltr'>fictionem</span> <span class='ocrx_word' id='word_1_29' title='bbox 1316 945 1535 1010; x_wconf 86' lang='lat' dir='ltr'>venditionis.</span> 
     </span>
    </p>

    <p class='ocr_par' dir='ltr' id='par_1_3' title="bbox 355 1052 1541 2324">
     <span class='ocr_line' id='line_1_5' title="bbox 396 1052 1535 1137; baseline 0 -21"><span class='ocrx_word' id='word_1_30' title='bbox 396 1053 425 1132; x_wconf 84' lang='lat' dir='ltr'>d)</span> <span class='ocrx_word' id='word_1_31' title='bbox 439 1053 518 1118; x_wconf 83' lang='lat' dir='ltr'>lure</span> <span class='ocrx_word' id='word_1_32' title='bbox 542 1054 692 1137; x_wconf 89' lang='lat' dir='ltr'>sequiori</span> <span class='ocrx_word' id='word_1_33' title='bbox 715 1071 776 1121; x_wconf 89' lang='lat' dir='ltr'>seu</span> <span class='ocrx_word' id='word_1_34' title='bbox 802 1053 1005 1129; x_wconf 79' lang='lat' dir='ltr'>iustiniano,</span> <span class='ocrx_word' id='word_1_35' title='bbox 1023 1057 1269 1118; x_wconf 87' lang='lat' dir='ltr'>testamentum</span> <span class='ocrx_word' id='word_1_36' title='bbox 1296 1052 1535 1120; x_wconf 90' lang='lat' dir='ltr'>dividebatur:</span> 
     </span>
     <span class='ocr_line' id='line_1_6' title="bbox 356 1159 1536 1246; baseline 0.002 -22"><span class='ocrx_word' id='word_1_37' title='bbox 356 1163 387 1224; x_wconf 86' lang='lat' dir='ltr'>l⁰</span> <span class='ocrx_word' id='word_1_38' title='bbox 402 1162 438 1225; x_wconf 94' lang='lat' dir='ltr'>in</span> <span class='ocrx_word' id='word_1_39' title='bbox 447 1161 623 1245; x_wconf 80' lang='lat' dir='ltr'>publicum</span> <span class='ocrx_word' id='word_1_40' title='bbox 637 1167 672 1225; x_wconf 91' lang='lat' dir='ltr'>ot</span> <span class='ocrx_word' id='word_1_41' title='bbox 680 1161 871 1246; x_wconf 79' lang='lat' dir='ltr'>privatum,</span> <span class='ocrx_word' id='word_1_42' title='bbox 885 1167 988 1246; x_wconf 88' lang='lat' dir='ltr'>prout</span> <span class='ocrx_word' id='word_1_43' title='bbox 1001 1161 1202 1226; x_wconf 86' lang='lat' dir='ltr'>auctoritate</span> <span class='ocrx_word' id='word_1_44' title='bbox 1210 1159 1346 1244; x_wconf 92' lang='lat' dir='ltr'>publica</span> <span class='ocrx_word' id='word_1_45' title='bbox 1353 1161 1536 1234; x_wconf 87' lang='lat' dir='ltr'>nitebatur,</span> 
     </span>
     <span class='ocr_line' id='line_1_7' title="bbox 355 1267 1539 1352; baseline 0 -20"><span class='ocrx_word' id='word_1_46' title='bbox 355 1268 412 1333; x_wconf 89' lang='lat' dir='ltr'>vel</span> <span class='ocrx_word' id='word_1_47' title='bbox 433 1267 506 1333; x_wconf 88' lang='lat' dir='ltr'>solo</span> <span class='ocrx_word' id='word_1_48' title='bbox 527 1268 725 1334; x_wconf 88' lang='lat' dir='ltr'>testimonio</span> <span class='ocrx_word' id='word_1_49' title='bbox 749 1269 964 1352; x_wconf 89' lang='lat' dir='ltr'>privatorum</span> <span class='ocrx_word' id='word_1_50' title='bbox 988 1269 1207 1342; x_wconf 78' lang='lat' dir='ltr'>firmabatur3</span> <span class='ocrx_word' id='word_1_51' title='bbox 1228 1269 1261 1332; x_wconf 54' lang='grc' dir='ltr'>Ψ</span> <span class='ocrx_word' id='word_1_52' title='bbox 1275 1268 1311 1331; x_wconf 92' lang='lat' dir='ltr'>in</span> <span class='ocrx_word' id='word_1_53' title='bbox 1337 1268 1484 1332; x_wconf 82' lang='lat' dir='ltr'><em>solemne</em></span> <span class='ocrx_word' id='word_1_54' title='bbox 1504 1273 1539 1332; x_wconf 90' lang='lat' dir='ltr'>et</span> 
     </span>
     <span class='ocr_line' id='line_1_8' title="bbox 356 1375 1541 1460; baseline -0.001 -20"><span class='ocrx_word' id='word_1_55' title='bbox 356 1395 425 1440; x_wconf 84' lang='lat' dir='ltr'>uon</span> <span class='ocrx_word' id='word_1_56' title='bbox 435 1375 582 1440; x_wconf 77' lang='lat' dir='ltr'><em>solemne</em></span> <span class='ocrx_word' id='word_1_57' title='bbox 598 1395 659 1440; x_wconf 92' lang='lat' dir='ltr'>seu</span> <span class='ocrx_word' id='word_1_58' title='bbox 675 1375 940 1458; x_wconf 90' lang='lat' dir='ltr'>privilegiatum.</span> <span class='ocrx_word' id='word_1_59' title='bbox 958 1375 1117 1441; x_wconf 88' lang='lat' dir='ltr'>Solemne</span> <span class='ocrx_word' id='word_1_60' title='bbox 1126 1375 1210 1440; x_wconf 91' lang='lat' dir='ltr'>illud</span> <span class='ocrx_word' id='word_1_61' title='bbox 1218 1379 1271 1439; x_wconf 90' lang='lat' dir='ltr'>est</span> <span class='ocrx_word' id='word_1_62' title='bbox 1285 1375 1377 1460; x_wconf 87' lang='lat' dir='ltr'>quod</span> <span class='ocrx_word' id='word_1_63' title='bbox 1391 1376 1541 1440; x_wconf 91' lang='lat' dir='ltr'>habebat</span> 
     </span>
     <span class='ocr_line' id='line_1_9' title="bbox 357 1484 1540 1570; baseline -0.003 -21"><span class='ocrx_word' id='word_1_64' title='bbox 357 1503 479 1550; x_wconf 90' lang='lat' dir='ltr'>omues</span> <span class='ocrx_word' id='word_1_65' title='bbox 494 1484 730 1549; x_wconf 80' lang='lat' dir='ltr'><strong>solemnitates</strong></span> <span class='ocrx_word' id='word_1_66' title='bbox 744 1486 851 1567; x_wconf 85' lang='lat' dir='ltr'>ajuro</span> <span class='ocrx_word' id='word_1_67' title='bbox 866 1485 1059 1570; x_wconf 82' lang='lat' dir='ltr'>requisitas,</span> <span class='ocrx_word' id='word_1_68' title='bbox 1078 1503 1139 1548; x_wconf 90' lang='lat' dir='ltr'>seu</span> <span class='ocrx_word' id='word_1_69' title='bbox 1154 1485 1258 1550; x_wconf 85' lang='lat' dir='ltr'>fiebat</span> <span class='ocrx_word' id='word_1_70' title='bbox 1271 1501 1388 1548; x_wconf 91' lang='lat' dir='ltr'>coram</span> <span class='ocrx_word' id='word_1_71' title='bbox 1408 1488 1540 1567; x_wconf 90' lang='lat' dir='ltr'>septem</span> 
     </span>
     <span class='ocr_line' id='line_1_10' title="bbox 357 1590 1541 1677; baseline -0.002 -23"><span class='ocrx_word' id='word_1_72' title='bbox 357 1592 501 1656; x_wconf 88' lang='lat' dir='ltr'>testibus</span> <span class='ocrx_word' id='word_1_73' title='bbox 528 1591 678 1668; x_wconf 83' lang='lat' dir='ltr'><strong>idoneis,</strong></span> <span class='ocrx_word' id='word_1_74' title='bbox 700 1591 824 1657; x_wconf 89' lang='lat' dir='ltr'>adhoc</span> <span class='ocrx_word' id='word_1_75' title='bbox 847 1593 991 1673; x_wconf 86' lang='lat' dir='ltr'>rogatis,</span> <span class='ocrx_word' id='word_1_76' title='bbox 1015 1609 1162 1677; x_wconf 89' lang='lat' dir='ltr'>quorum</span> <span class='ocrx_word' id='word_1_77' title='bbox 1184 1591 1326 1656; x_wconf 92' lang='lat' dir='ltr'>nomina</span> <span class='ocrx_word' id='word_1_78' title='bbox 1346 1590 1541 1672; x_wconf 87' lang='lat' dir='ltr'>consignari</span> 
     </span>
     <span class='ocr_line' id='line_1_11' title="bbox 357 1697 1541 1782; baseline -0.003 -18"><span class='ocrx_word' id='word_1_79' title='bbox 357 1699 527 1764; x_wconf 77' lang='lat' dir='ltr'>debebant</span> <span class='ocrx_word' id='word_1_80' title='bbox 541 1698 663 1782; x_wconf 91' lang='lat' dir='ltr'>inipso</span> <span class='ocrx_word' id='word_1_81' title='bbox 679 1697 920 1774; x_wconf 88' lang='lat' dir='ltr'>instrumento,</span> <span class='ocrx_word' id='word_1_82' title='bbox 937 1700 980 1763; x_wconf 94' lang='lat' dir='ltr'>ab</span> <span class='ocrx_word' id='word_1_83' title='bbox 1000 1701 1083 1782; x_wconf 89' lang='lat' dir='ltr'>ipsis</span> <span class='ocrx_word' id='word_1_84' title='bbox 1105 1717 1267 1764; x_wconf 91' lang='lat' dir='ltr'>unacum</span> <span class='ocrx_word' id='word_1_85' title='bbox 1283 1703 1445 1763; x_wconf 84' lang='lat' dir='ltr'>testatore</span> <span class='ocrx_word' id='word_1_86' title='bbox 1463 1697 1541 1760; x_wconf 87' lang='lat' dir='ltr'>sub-</span> 
     </span>
     <span class='ocr_line' id='line_1_12' title="bbox 358 1807 1538 1892; baseline -0.004 -19"><span class='ocrx_word' id='word_1_87' title='bbox 358 1811 482 1892; x_wconf 91' lang='lat' dir='ltr'>scripto</span> <span class='ocrx_word' id='word_1_88' title='bbox 507 1812 542 1874; x_wconf 88' lang='lat' dir='ltr'>et</span> <span class='ocrx_word' id='word_1_89' title='bbox 562 1807 673 1889; x_wconf 91' lang='lat' dir='ltr'>sigillo</span> <span class='ocrx_word' id='word_1_90' title='bbox 694 1809 843 1891; x_wconf 89' lang='lat' dir='ltr'>proprio,</span> <span class='ocrx_word' id='word_1_91' title='bbox 862 1809 890 1872; x_wconf 91' lang='lat' dir='ltr'>si</span> <span class='ocrx_word' id='word_1_92' title='bbox 903 1809 1087 1886; x_wconf 90' lang='lat' dir='ltr'>habebant,</span> <span class='ocrx_word' id='word_1_93' title='bbox 1105 1809 1250 1890; x_wconf 87' lang='lat' dir='ltr'>signato.</span> <span class='ocrx_word' id='word_1_94' title='bbox 1267 1808 1349 1872; x_wconf 87' lang='lat' dir='ltr'>Vide</span> <span class='ocrx_word' id='word_1_95' title='bbox 1364 1807 1538 1871; x_wconf 88' lang='lat' dir='ltr'>civilistas.</span> 
     </span>
     <span class='ocr_line' id='line_1_13' title="bbox 357 1914 1541 2000; baseline -0.003 -18"><span class='ocrx_word' id='word_1_96' title='bbox 357 1918 430 1982; x_wconf 92' lang='lat' dir='ltr'>Non</span> <span class='ocrx_word' id='word_1_97' title='bbox 444 1915 598 1980; x_wconf 89' lang='lat' dir='ltr'>solemne</span> <span class='ocrx_word' id='word_1_98' title='bbox 613 1919 666 1980; x_wconf 89' lang='lat' dir='ltr'>est</span> <span class='ocrx_word' id='word_1_99' title='bbox 680 1915 772 2000; x_wconf 89' lang='lat' dir='ltr'>quod</span> <span class='ocrx_word' id='word_1_100' title='bbox 786 1934 830 1979; x_wconf 88' lang='lat' dir='ltr'>ex</span> <span class='ocrx_word' id='word_1_101' title='bbox 841 1915 979 1998; x_wconf 88' lang='lat' dir='ltr'>speciali</span> <span class='ocrx_word' id='word_1_102' title='bbox 990 1917 1078 2000; x_wconf 90' lang='lat' dir='ltr'>juris</span> <span class='ocrx_word' id='word_1_103' title='bbox 1091 1915 1271 2000; x_wconf 87' lang='lat' dir='ltr'>privilegio</span> <span class='ocrx_word' id='word_1_104' title='bbox 1284 1917 1326 1980; x_wconf 93' lang='lat' dir='ltr'>ab</span> <span class='ocrx_word' id='word_1_105' title='bbox 1338 1915 1404 1978; x_wconf 87' lang='lat' dir='ltr'>illis</span> <span class='ocrx_word' id='word_1_106' title='bbox 1420 1914 1541 1979; x_wconf 88' lang='lat' dir='ltr'>solem-</span> 
     </span>
     <span class='ocr_line' id='line_1_14' title="bbox 358 2020 1541 2104; baseline -0.003 -16"><span class='ocrx_word' id='word_1_107' title='bbox 358 2024 521 2088; x_wconf 91' lang='lat' dir='ltr'>nitatibus</span> <span class='ocrx_word' id='word_1_108' title='bbox 537 2023 751 2088; x_wconf 74' lang='lat' dir='ltr'>eximebatur</span> <span class='ocrx_word' id='word_1_109' title='bbox 768 2043 775 2085; x_wconf 95' lang='lat'><strong>:</strong></span> <span class='ocrx_word' id='word_1_110' title='bbox 792 2027 830 2086; x_wconf 90' lang='lat' dir='ltr'>ut</span> <span class='ocrx_word' id='word_1_111' title='bbox 852 2027 1059 2100; x_wconf 89' lang='lat' dir='ltr'>testamenta</span> <span class='ocrx_word' id='word_1_112' title='bbox 1072 2020 1286 2088; x_wconf 69' lang='lat' dir='ltr'>&#39;rusticorum</span> <span class='ocrx_word' id='word_1_113' title='bbox 1301 2028 1335 2086; x_wconf 87' lang='lat' dir='ltr'>et</span> <span class='ocrx_word' id='word_1_114' title='bbox 1349 2022 1541 2104; x_wconf 80' lang='lat' dir='ltr'>generatim</span> 
     </span>
     <span class='ocr_line' id='line_1_15' title="bbox 358 2117 1538 2217; baseline -0.003 -20"><span class='ocrx_word' id='word_1_115' title='bbox 358 2134 428 2198; x_wconf 89' lang='lat' dir='ltr'>ruri</span> <span class='ocrx_word' id='word_1_116' title='bbox 439 2117 649 2214; x_wconf 86' lang='lat' dir='ltr'>degentium,</span> <span class='ocrx_word' id='word_1_117' title='bbox 663 2132 811 2196; x_wconf 89' lang='lat' dir='ltr'>militum</span> <span class='ocrx_word' id='word_1_118' title='bbox 821 2133 857 2197; x_wconf 95' lang='lat' dir='ltr'>in</span> <span class='ocrx_word' id='word_1_119' title='bbox 868 2133 1097 2217; x_wconf 85' lang='lat' dir='ltr'>expeditione,</span> <span class='ocrx_word' id='word_1_120' title='bbox 1110 2137 1292 2216; x_wconf 87' lang='lat' dir='ltr'>parentum</span> <span class='ocrx_word' id='word_1_121' title='bbox 1307 2151 1389 2213; x_wconf 90' lang='lat' dir='ltr'>erga</span> <span class='ocrx_word' id='word_1_122' title='bbox 1402 2131 1538 2206; x_wconf 89' lang='lat' dir='ltr'>liberos,</span> 
     </span>
     <span class='ocr_line' id='line_1_16' title="bbox 360 2239 1541 2324; baseline -0.003 -19"><span class='ocrx_word' id='word_1_123' title='bbox 360 2245 605 2306; x_wconf 89' lang='lat' dir='ltr'>testamentum</span> <span class='ocrx_word' id='word_1_124' title='bbox 614 2241 784 2324; x_wconf 87' lang='lat' dir='ltr'>judiciale,</span> <span class='ocrx_word' id='word_1_125' title='bbox 797 2245 1044 2306; x_wconf 87' lang='lat' dir='ltr'>testamentum</span> <span class='ocrx_word' id='word_1_126' title='bbox 1053 2242 1097 2308; x_wconf 89' lang='lat' dir='ltr'>ad</span> <span class='ocrx_word' id='word_1_127' title='bbox 1106 2260 1227 2306; x_wconf 88' lang='lat' dir='ltr'>causas</span> <span class='ocrx_word' id='word_1_128' title='bbox 1236 2241 1321 2324; x_wconf 84' lang='lat' dir='ltr'>pies.</span> <span class='ocrx_word' id='word_1_129' title='bbox 1332 2278 1371 2286; x_wconf 99' lang='lat'>—</span> <span class='ocrx_word' id='word_1_130' title='bbox 1382 2239 1541 2304; x_wconf 86' lang='lat' dir='ltr'>Solemus</span> 
     </span>
    </p>
   </div>
   <div class='ocr_carea' id='block_1_3' title="bbox 359 2347 1565 2758">
    <p class='ocr_par' dir='ltr' id='par_1_4' title="bbox 359 2347 1565 2758">
     <span class='ocr_line' id='line_1_17' title="bbox 359 2347 1565 2435; baseline -0.003 -21"><span class='ocrx_word' id='word_1_131' title='bbox 359 2349 574 2414; x_wconf 90' lang='lat' dir='ltr'>dividebatur</span> <span class='ocrx_word' id='word_1_132' title='bbox 584 2349 619 2412; x_wconf 94' lang='lat' dir='ltr'>in</span> <span class='ocrx_word' id='word_1_133' title='bbox 630 2349 783 2414; x_wconf 83' lang='lat' dir='ltr'>oleorum</span> <span class='ocrx_word' id='word_1_134' title='bbox 799 2369 860 2414; x_wconf 91' lang='lat' dir='ltr'>sen</span> <span class='ocrx_word' id='word_1_135' title='bbox 877 2351 1051 2434; x_wconf 88' lang='lat' dir='ltr'>scriptum,</span> <span class='ocrx_word' id='word_1_136' title='bbox 1063 2349 1199 2435; x_wconf 90' lang='lat' dir='ltr'>quodin</span> <span class='ocrx_word' id='word_1_137' title='bbox 1210 2350 1414 2432; x_wconf 87' lang='lat' dir='ltr'>scripturam</span> <span class='ocrx_word' id='word_1_138' title='bbox 1428 2347 1527 2414; x_wconf 91' lang='lat' dir='ltr'>redao</span> <span class='ocrx_word' id='word_1_139' title='bbox 1561 2384 1565 2393; x_wconf 88' lang='lat'><strong>·</strong></span> 
     </span>
     <span class='ocr_line' id='line_1_18' title="bbox 360 2457 1540 2544; baseline -0.001 -23"><span class='ocrx_word' id='word_1_140' title='bbox 360 2463 444 2534; x_wconf 91' lang='lat' dir='ltr'>tum,</span> <span class='ocrx_word' id='word_1_141' title='bbox 458 2460 688 2542; x_wconf 90' lang='lat' dir='ltr'>subscriptum</span> <span class='ocrx_word' id='word_1_142' title='bbox 702 2465 805 2544; x_wconf 87' lang='lat' dir='ltr'>atque</span> <span class='ocrx_word' id='word_1_143' title='bbox 822 2460 1062 2542; x_wconf 83' lang='lat' dir='ltr'>subsignatum</span> <span class='ocrx_word' id='word_1_144' title='bbox 1076 2464 1160 2536; x_wconf 87' lang='lat' dir='ltr'>erat,</span> <span class='ocrx_word' id='word_1_145' title='bbox 1172 2461 1308 2523; x_wconf 86' lang='lat' dir='ltr'>servata</span> <span class='ocrx_word' id='word_1_146' title='bbox 1317 2457 1406 2541; x_wconf 89' lang='lat' dir='ltr'>juris</span> <span class='ocrx_word' id='word_1_147' title='bbox 1420 2457 1540 2531; x_wconf 88' lang='lat' dir='ltr'>forma,</span> 
     </span>
     <span class='ocr_line' id='line_1_19' title="bbox 361 2564 1543 2653; baseline -0.006 -20"><span class='ocrx_word' id='word_1_148' title='bbox 361 2573 395 2633; x_wconf 91' lang='lat' dir='ltr'>et</span> <span class='ocrx_word' id='word_1_149' title='bbox 408 2569 443 2631; x_wconf 92' lang='lat' dir='ltr'>in</span> <span class='ocrx_word' id='word_1_150' title='bbox 458 2568 740 2652; x_wconf 80' lang='lat' dir='ltr'>nuncupativum,</span> <span class='ocrx_word' id='word_1_151' title='bbox 753 2569 845 2653; x_wconf 86' lang='lat' dir='ltr'>quod</span> <span class='ocrx_word' id='word_1_152' title='bbox 856 2569 929 2634; x_wconf 92' lang='lat' dir='ltr'>sine</span> <span class='ocrx_word' id='word_1_153' title='bbox 941 2569 1108 2652; x_wconf 88' lang='lat' dir='ltr'>scriptura</span> <span class='ocrx_word' id='word_1_154' title='bbox 1120 2587 1160 2634; x_wconf 85' lang='lat' dir='ltr'>ao</span> <span class='ocrx_word' id='word_1_155' title='bbox 1175 2568 1278 2632; x_wconf 87' lang='lat' dir='ltr'>etiam</span> <span class='ocrx_word' id='word_1_156' title='bbox 1291 2567 1364 2630; x_wconf 90' lang='lat' dir='ltr'>sine</span> <span class='ocrx_word' id='word_1_157' title='bbox 1375 2564 1543 2648; x_wconf 89' lang='lat' dir='ltr'>subscrip-</span> 
     </span>
     <span class='ocr_line' id='line_1_20' title="bbox 364 2651 1543 2758; baseline -0.003 -19"><span class='ocrx_word' id='word_1_158' title='bbox 364 2676 455 2740; x_wconf 85' lang='lat' dir='ltr'>tione</span> <span class='ocrx_word' id='word_1_159' title='bbox 469 2679 503 2740; x_wconf 90' lang='lat' dir='ltr'>et</span> <span class='ocrx_word' id='word_1_160' title='bbox 518 2675 775 2758; x_wconf 81' lang='lat' dir='ltr'>subsignatione</span> <span class='ocrx_word' id='word_1_161' title='bbox 791 2677 932 2742; x_wconf 87' lang='lat' dir='ltr'>testium</span> <span class='ocrx_word' id='word_1_162' title='bbox 946 2679 1067 2754; x_wconf 82' lang='lat' dir='ltr'>fiebat3</span> <span class='ocrx_word' id='word_1_163' title='bbox 1085 2651 1227 2742; x_wconf 80' lang='lat' dir='ltr'>testator</span> <span class='ocrx_word' id='word_1_164' title='bbox 1241 2693 1358 2739; x_wconf 90' lang='lat' dir='ltr'>coram</span> <span class='ocrx_word' id='word_1_165' title='bbox 1371 2672 1543 2758; x_wconf 86' lang='lat' dir='ltr'>requisitis</span> 
     </span>
    </p>
   </div>
   <div class='ocr_carea' id='block_1_4' title="bbox 363 2784 1548 3846">
    <p class='ocr_par' dir='ltr' id='par_1_5' title="bbox 364 2784 1442 2870">
     <span class='ocr_line' id='line_1_21' title="bbox 364 2784 1442 2870; baseline 0.006 -20"><span class='ocrx_word' id='word_1_166' title='bbox 364 2786 507 2850; x_wconf 90' lang='lat' dir='ltr'>testibus</span> <span class='ocrx_word' id='word_1_167' title='bbox 520 2784 694 2850; x_wconf 78' lang='lat' dir='ltr'>haeredem</span> <span class='ocrx_word' id='word_1_168' title='bbox 708 2789 872 2852; x_wconf 88' lang='lat' dir='ltr'>oretenus</span> <span class='ocrx_word' id='word_1_169' title='bbox 884 2787 1093 2870; x_wconf 84' lang='lat' dir='ltr'>nominabat.</span> <span class='ocrx_word' id='word_1_170' title='bbox 1438 2847 1442 2857; x_wconf 92' lang='lat'><em>.</em></span> 
     </span>
    </p>

    <p class='ocr_par' dir='ltr' id='par_1_6' title="bbox 363 2889 1548 3846">
     <span class='ocr_line' id='line_1_22' title="bbox 403 2889 1545 2976; baseline -0.004 -18"><span class='ocrx_word' id='word_1_171' title='bbox 403 2893 430 2976; x_wconf 71' lang='lat' dir='ltr'>c)</span> <span class='ocrx_word' id='word_1_172' title='bbox 443 2893 523 2970; x_wconf 82' lang='lat' dir='ltr'>lure</span> <span class='ocrx_word' id='word_1_173' title='bbox 538 2891 663 2958; x_wconf 87' lang='lat' dir='ltr'>Gallico</span> <span class='ocrx_word' id='word_1_174' title='bbox 676 2893 855 2970; x_wconf 90' lang='lat' dir='ltr'>hodierno,</span> <span class='ocrx_word' id='word_1_175' title='bbox 874 2899 993 2959; x_wconf 85' lang='lat' dir='ltr'>exart.</span> <span class='ocrx_word' id='word_1_176' title='bbox 1010 2895 1070 2958; x_wconf 85' lang='grc'>969</span> <span class='ocrx_word' id='word_1_177' title='bbox 1083 2893 1162 2960; x_wconf 86' lang='lat' dir='ltr'>Cod.</span> <span class='ocrx_word' id='word_1_178' title='bbox 1185 2895 1263 2968; x_wconf 76' lang='lat' dir='ltr'>eiu,</span> <span class='ocrx_word' id='word_1_179' title='bbox 1283 2891 1405 2975; x_wconf 84' lang='lat' dir='ltr'>triplex</span> <span class='ocrx_word' id='word_1_180' title='bbox 1427 2889 1545 2954; x_wconf 91' lang='lat' dir='ltr'>distin·</span> 
     </span>
     <span class='ocr_line' id='line_1_23' title="bbox 363 2999 1542 3087; baseline -0.005 -21"><span class='ocrx_word' id='word_1_181' title='bbox 363 3003 481 3084; x_wconf 90' lang='lat' dir='ltr'>guitur</span> <span class='ocrx_word' id='word_1_182' title='bbox 496 3001 626 3085; x_wconf 89' lang='lat' dir='ltr'>species</span> <span class='ocrx_word' id='word_1_183' title='bbox 642 3003 854 3066; x_wconf 89' lang='lat' dir='ltr'>testamenti:</span> <span class='ocrx_word' id='word_1_184' title='bbox 872 3001 1109 3087; x_wconf 77' lang='lat' dir='ltr'>olopropbom,</span> <span class='ocrx_word' id='word_1_185' title='bbox 1117 3001 1290 3087; x_wconf 79' lang='lat' dir='ltr'>poblicum</span> <span class='ocrx_word' id='word_1_186' title='bbox 1303 3004 1337 3064; x_wconf 92' lang='lat' dir='ltr'>et</span> <span class='ocrx_word' id='word_1_187' title='bbox 1351 2999 1542 3082; x_wconf 78' lang='lat' dir='ltr'>mysticum.</span> 
     </span>
     <span class='ocr_line' id='line_1_24' title="bbox 363 3105 1543 3195; baseline -0.003 -23"><span class='ocrx_word' id='word_1_188' title='bbox 363 3110 440 3173; x_wconf 88' lang='lat' dir='ltr'>Istis</span> <span class='ocrx_word' id='word_1_189' title='bbox 468 3109 646 3192; x_wconf 78' lang='lat' dir='ltr'>speciebus</span> <span class='ocrx_word' id='word_1_190' title='bbox 675 3111 754 3175; x_wconf 92' lang='lat' dir='ltr'>addi</span> <span class='ocrx_word' id='word_1_191' title='bbox 782 3115 897 3194; x_wconf 87' lang='lat' dir='ltr'>potest</span> <span class='ocrx_word' id='word_1_192' title='bbox 928 3111 1102 3195; x_wconf 86' lang='lat' dir='ltr'>quoddam</span> <span class='ocrx_word' id='word_1_193' title='bbox 1131 3113 1377 3175; x_wconf 90' lang='lat' dir='ltr'>testamentum</span> <span class='ocrx_word' id='word_1_194' title='bbox 1405 3105 1543 3190; x_wconf 83' lang='lat' dir='ltr'>privile·</span> 
     </span>
     <span class='ocr_line' id='line_1_25' title="bbox 364 3215 1546 3301; baseline -0.004 -20"><span class='ocrx_word' id='word_1_195' title='bbox 364 3218 496 3298; x_wconf 85' lang='lat' dir='ltr'>giatum</span> <span class='ocrx_word' id='word_1_196' title='bbox 517 3219 714 3299; x_wconf 80' lang='lat' dir='ltr'>(testament</span> <span class='ocrx_word' id='word_1_197' title='bbox 739 3219 1000 3301; x_wconf 78' lang='lat' dir='ltr'>exceptionnel).</span> <span class='ocrx_word' id='word_1_198' title='bbox 1017 3221 1176 3284; x_wconf 84' lang='lat' dir='ltr'>Formam</span> <span class='ocrx_word' id='word_1_199' title='bbox 1201 3217 1338 3282; x_wconf 89' lang='lat' dir='ltr'>illorum</span> <span class='ocrx_word' id='word_1_200' title='bbox 1369 3215 1546 3298; x_wconf 91' lang='lat' dir='ltr'>speciatim</span> 
     </span>
     <span class='ocr_line' id='line_1_26' title="bbox 365 3321 1547 3412; baseline -0.003 -24"><span class='ocrx_word' id='word_1_201' title='bbox 365 3323 610 3408; x_wconf 85' lang='lat' dir='ltr'>expendemus,</span> <span class='ocrx_word' id='word_1_202' title='bbox 628 3326 754 3391; x_wconf 89' lang='lat' dir='ltr'>relictis</span> <span class='ocrx_word' id='word_1_203' title='bbox 768 3327 843 3391; x_wconf 86' lang='lat' dir='ltr'>aliis</span> <span class='ocrx_word' id='word_1_204' title='bbox 859 3344 935 3412; x_wconf 84' lang='lat' dir='ltr'>quae</span> <span class='ocrx_word' id='word_1_205' title='bbox 949 3327 1051 3392; x_wconf 88' lang='lat' dir='ltr'>hodie</span> <span class='ocrx_word' id='word_1_206' title='bbox 1069 3345 1139 3390; x_wconf 91' lang='lat' dir='ltr'>non</span> <span class='ocrx_word' id='word_1_207' title='bbox 1158 3325 1291 3389; x_wconf 92' lang='lat' dir='ltr'>suntin</span> <span class='ocrx_word' id='word_1_208' title='bbox 1305 3343 1381 3388; x_wconf 91' lang='lat' dir='ltr'>usu.</span> <span class='ocrx_word' id='word_1_209' title='bbox 1399 3321 1547 3387; x_wconf 85' lang='lat' dir='ltr'>Ecclesia</span> 
     </span>
     <span class='ocr_line' id='line_1_27' title="bbox 366 3430 1547 3517; baseline -0.003 -21"><span class='ocrx_word' id='word_1_210' title='bbox 366 3433 459 3496; x_wconf 90' lang='lat' dir='ltr'>enim</span> <span class='ocrx_word' id='word_1_211' title='bbox 472 3435 689 3515; x_wconf 88' lang='lat' dir='ltr'>recognoscit</span> <span class='ocrx_word' id='word_1_212' title='bbox 702 3433 737 3498; x_wconf 91' lang='lat' dir='ltr'>in</span> <span class='ocrx_word' id='word_1_213' title='bbox 751 3439 921 3517; x_wconf 88' lang='lat' dir='ltr'>potestate</span> <span class='ocrx_word' id='word_1_214' title='bbox 934 3434 1025 3500; x_wconf 89' lang='lat' dir='ltr'>civili</span> <span class='ocrx_word' id='word_1_215' title='bbox 1039 3433 1236 3500; x_wconf 79' lang='lat' dir='ltr'>facultatem</span> <span class='ocrx_word' id='word_1_216' title='bbox 1252 3430 1431 3497; x_wconf 85' lang='lat' dir='ltr'>ordinandi</span> <span class='ocrx_word' id='word_1_217' title='bbox 1446 3433 1547 3494; x_wconf 87' lang='lat' dir='ltr'>testa-</span> 
     </span>
     <span class='ocr_line' id='line_1_28' title="bbox 366 3541 1548 3626; baseline -0.003 -22"><span class='ocrx_word' id='word_1_218' title='bbox 366 3547 483 3607; x_wconf 89' lang='lat' dir='ltr'>menta</span> <span class='ocrx_word' id='word_1_219' title='bbox 510 3561 618 3626; x_wconf 87' lang='lat' dir='ltr'>eaque</span> <span class='ocrx_word' id='word_1_220' title='bbox 635 3541 908 3609; x_wconf 87' lang='lat' dir='ltr'>solemnitatibus</span> <span class='ocrx_word' id='word_1_221' title='bbox 932 3545 1204 3620; x_wconf 86' lang='lat' dir='ltr'>communiendi;</span> <span class='ocrx_word' id='word_1_222' title='bbox 1231 3559 1407 3625; x_wconf 88' lang='lat' dir='ltr'>nunquam</span> <span class='ocrx_word' id='word_1_223' title='bbox 1431 3543 1548 3604; x_wconf 91' lang='lat' dir='ltr'>autem</span> 
     </span>
     <span class='ocr_line' id='line_1_29' title="bbox 365 3645 1548 3736; baseline -0.004 -22"><span class='ocrx_word' id='word_1_224' title='bbox 365 3651 512 3716; x_wconf 88' lang='lat' dir='ltr'>formam</span> <span class='ocrx_word' id='word_1_225' title='bbox 522 3655 806 3718; x_wconf 88' lang='lat' dir='ltr'>testamentorum</span> <span class='ocrx_word' id='word_1_226' title='bbox 811 3655 890 3736; x_wconf 88' lang='lat' dir='ltr'>jure</span> <span class='ocrx_word' id='word_1_227' title='bbox 904 3654 1059 3718; x_wconf 87' lang='lat' dir='ltr'>Romano</span> <span class='ocrx_word' id='word_1_228' title='bbox 1073 3645 1245 3718; x_wconf 89' lang='lat' dir='ltr'>invectam</span> <span class='ocrx_word' id='word_1_229' title='bbox 1260 3649 1432 3715; x_wconf 87' lang='lat' dir='ltr'>exclusive</span> <span class='ocrx_word' id='word_1_230' title='bbox 1441 3647 1548 3714; x_wconf 82' lang='lat' dir='ltr'>adnn-</span> 
     </span>
     <span class='ocr_line' id='line_1_30' title="bbox 368 3759 1545 3846; baseline -0.003 -24"><span class='ocrx_word' id='word_1_231' title='bbox 368 3759 425 3836; x_wconf 90' lang='lat' dir='ltr'>sit;</span> <span class='ocrx_word' id='word_1_232' title='bbox 443 3759 588 3844; x_wconf 90' lang='lat' dir='ltr'>ideoque</span> <span class='ocrx_word' id='word_1_233' title='bbox 611 3760 652 3826; x_wconf 92' lang='lat' dir='ltr'>de</span> <span class='ocrx_word' id='word_1_234' title='bbox 667 3761 748 3826; x_wconf 89' lang='lat' dir='ltr'>solis</span> <span class='ocrx_word' id='word_1_235' title='bbox 764 3763 979 3828; x_wconf 55' lang='lat' dir='ltr'>‘testamentis</span> <span class='ocrx_word' id='word_1_236' title='bbox 991 3765 1070 3846; x_wconf 85' lang='lat' dir='ltr'>jure</span> <span class='ocrx_word' id='word_1_237' title='bbox 1085 3761 1211 3827; x_wconf 90' lang='lat' dir='ltr'>Gallico</span> <span class='ocrx_word' id='word_1_238' title='bbox 1226 3760 1377 3844; x_wconf 88' lang='lat' dir='ltr'>probatis</span> <span class='ocrx_word' id='word_1_239' title='bbox 1391 3775 1545 3842; x_wconf 88' lang='lat' dir='ltr'>agemus.</span> 
     </span>
    </p>
   </div>
   <div class='ocr_carea' id='block_1_5' title="bbox 794 3951 1125 4018">
    <p class='ocr_par' dir='ltr' id='par_1_7' title="bbox 794 3951 1125 4018">
     <span class='ocr_line' id='line_1_31' title="bbox 794 3951 1125 4018; baseline -0.009 -14"><span class='ocrx_word' id='word_1_240' title='bbox 794 3955 837 4004; x_wconf 89' lang='lat'><em>111.</em></span> <span class='ocrx_word' id='word_1_241' title='bbox 855 3953 937 4018; x_wconf 86' lang='lat' dir='ltr'>Origo</span> <span class='ocrx_word' id='word_1_242' title='bbox 951 3951 1125 4006; x_wconf 82' lang='lat' dir='ltr'>testamenti.</span> 
     </span>
    </p>
   </div>
   <div class='ocr_carea' id='block_1_6' title="bbox 368 4085 1551 4831">
    <p class='ocr_par' dir='ltr' id='par_1_8' title="bbox 368 4085 1551 4831">
     <span class='ocr_line' id='line_1_32' title="bbox 411 4085 1549 4181; baseline -0.008 -23"><span class='ocrx_word' id='word_1_243' title='bbox 411 4093 477 4158; x_wconf 81' lang='lat' dir='ltr'>Cui</span> <span class='ocrx_word' id='word_1_244' title='bbox 496 4094 574 4174; x_wconf 80' lang='lat' dir='ltr'>jori</span> <span class='ocrx_word' id='word_1_245' title='bbox 597 4098 761 4181; x_wconf 74' lang='lat' dir='ltr'>originem</span> <span class='ocrx_word' id='word_1_246' title='bbox 789 4115 888 4161; x_wconf 85' lang='lat' dir='ltr'>soom</span> <span class='ocrx_word' id='word_1_247' title='bbox 915 4097 1037 4162; x_wconf 75' lang='lat' dir='ltr'>debeor</span> <span class='ocrx_word' id='word_1_248' title='bbox 1056 4095 1207 4178; x_wconf 79' lang='lat' dir='ltr'>facultas</span> <span class='ocrx_word' id='word_1_249' title='bbox 1229 4089 1401 4156; x_wconf 82' lang='lat' dir='ltr'>testandi?</span> <span class='ocrx_word' id='word_1_250' title='bbox 1415 4089 1447 4170; x_wconf 90' lang='lat' dir='ltr'>o)</span> <span class='ocrx_word' id='word_1_251' title='bbox 1469 4085 1549 4150; x_wconf 87' lang='lat' dir='ltr'>Tres</span> 
     </span>
     <span class='ocr_line' id='line_1_33' title="bbox 369 4192 1551 4290; baseline -0.007 -26"><span class='ocrx_word' id='word_1_252' title='bbox 369 4207 451 4266; x_wconf 88' lang='lat' dir='ltr'>sunt</span> <span class='ocrx_word' id='word_1_253' title='bbox 464 4205 644 4269; x_wconf 88' lang='lat' dir='ltr'>sententiae</span> <span class='ocrx_word' id='word_1_254' title='bbox 660 4225 668 4268; x_wconf 91' lang='lat'>:</span> <span class='ocrx_word' id='word_1_255' title='bbox 684 4207 796 4288; x_wconf 89' lang='lat' dir='ltr'>prima</span> <span class='ocrx_word' id='word_1_256' title='bbox 810 4224 913 4290; x_wconf 87' lang='lat' dir='ltr'>quam</span> <span class='ocrx_word' id='word_1_257' title='bbox 927 4201 1319 4289; x_wconf 80' lang='lat' dir='ltr'>propugnatprsesertim</span> <span class='ocrx_word' id='word_1_258' title='bbox 1333 4195 1466 4272; x_wconf 85' lang='lat' dir='ltr'>Molina,</span> <span class='ocrx_word' id='word_1_259' title='bbox 1477 4192 1551 4260; x_wconf 87' lang='lat' dir='ltr'>vult</span> 
     </span>
     <span class='ocr_line' id='line_1_34' title="bbox 368 4301 1550 4397; baseline -0.006 -25"><span class='ocrx_word' id='word_1_260' title='bbox 368 4309 565 4374; x_wconf 88' lang='lat' dir='ltr'>facultatem</span> <span class='ocrx_word' id='word_1_261' title='bbox 578 4312 681 4378; x_wconf 89' lang='lat' dir='ltr'>istam</span> <span class='ocrx_word' id='word_1_262' title='bbox 694 4315 878 4397; x_wconf 87' lang='lat' dir='ltr'>procedere</span> <span class='ocrx_word' id='word_1_263' title='bbox 893 4317 1001 4396; x_wconf 84' lang='lat' dir='ltr'>ajuro</span> <span class='ocrx_word' id='word_1_264' title='bbox 1014 4309 1176 4385; x_wconf 81' lang='lat' dir='ltr'>naturali3</span> <span class='ocrx_word' id='word_1_265' title='bbox 1193 4305 1344 4372; x_wconf 89' lang='lat' dir='ltr'>secunda</span> <span class='ocrx_word' id='word_1_266' title='bbox 1358 4307 1434 4388; x_wconf 88' lang='lat' dir='ltr'>ejus</span> <span class='ocrx_word' id='word_1_267' title='bbox 1449 4301 1550 4384; x_wconf 92' lang='lat' dir='ltr'>origi-</span> 
     </span>
     <span class='ocr_line' id='line_1_35' title="bbox 371 4411 1551 4505; baseline -0.006 -25"><span class='ocrx_word' id='word_1_268' title='bbox 371 4435 452 4481; x_wconf 89' lang='lat' dir='ltr'>nem</span> <span class='ocrx_word' id='word_1_269' title='bbox 476 4421 581 4484; x_wconf 89' lang='lat' dir='ltr'>refert</span> <span class='ocrx_word' id='word_1_270' title='bbox 600 4422 634 4484; x_wconf 92' lang='lat' dir='ltr'>in</span> <span class='ocrx_word' id='word_1_271' title='bbox 651 4425 710 4505; x_wconf 87' lang='lat' dir='ltr'>jus</span> <span class='ocrx_word' id='word_1_272' title='bbox 731 4423 907 4504; x_wconf 86' lang='lat' dir='ltr'>gentium;</span> <span class='ocrx_word' id='word_1_273' title='bbox 933 4422 1032 4488; x_wconf 86' lang='lat' dir='ltr'>tertie</span> <span class='ocrx_word' id='word_1_274' title='bbox 1054 4416 1231 4484; x_wconf 87' lang='lat' dir='ltr'>contendit</span> <span class='ocrx_word' id='word_1_275' title='bbox 1255 4431 1332 4478; x_wconf 89' lang='lat' dir='ltr'>eam</span> <span class='ocrx_word' id='word_1_276' title='bbox 1354 4411 1551 4478; x_wconf 85' lang='lat' dir='ltr'>facultatem</span> 
     </span>
     <span class='ocr_line' id='line_1_36' title="bbox 372 4521 1551 4611; baseline -0.007 -23"><span class='ocrx_word' id='word_1_277' title='bbox 372 4525 540 4607; x_wconf 86' lang='lat' dir='ltr'>originem</span> <span class='ocrx_word' id='word_1_278' title='bbox 555 4547 653 4594; x_wconf 93' lang='lat' dir='ltr'>suam</span> <span class='ocrx_word' id='word_1_279' title='bbox 668 4531 823 4596; x_wconf 85' lang='lat' dir='ltr'>hausisse</span> <span class='ocrx_word' id='word_1_280' title='bbox 838 4551 859 4595; x_wconf 95' lang='lat' dir='ltr'>a</span> <span class='ocrx_word' id='word_1_281' title='bbox 873 4531 946 4595; x_wconf 90' lang='lat' dir='ltr'>solo</span> <span class='ocrx_word' id='word_1_282' title='bbox 961 4532 1039 4611; x_wconf 83' lang='lat' dir='ltr'>jure</span> <span class='ocrx_word' id='word_1_283' title='bbox 1051 4525 1152 4590; x_wconf 90' lang='lat' dir='ltr'>civili.</span> <span class='ocrx_word' id='word_1_284' title='bbox 1170 4523 1235 4588; x_wconf 78' lang='lat' dir='ltr'>Sed</span> <span class='ocrx_word' id='word_1_285' title='bbox 1250 4521 1365 4586; x_wconf 89' lang='lat' dir='ltr'>verius</span> <span class='ocrx_word' id='word_1_286' title='bbox 1381 4521 1551 4585; x_wconf 86' lang='lat' dir='ltr'>diceretur</span> 
     </span>
     <span class='ocr_line' id='line_1_37' title="bbox 374 4625 1550 4724; baseline -0.006 -27"><span class='ocrx_word' id='word_1_287' title='bbox 374 4635 465 4716; x_wconf 91' lang='lat' dir='ltr'>quod</span> <span class='ocrx_word' id='word_1_288' title='bbox 480 4654 549 4702; x_wconf 91' lang='lat' dir='ltr'>non</span> <span class='ocrx_word' id='word_1_289' title='bbox 564 4639 718 4720; x_wconf 91' lang='lat' dir='ltr'>procedit</span> <span class='ocrx_word' id='word_1_290' title='bbox 729 4641 907 4724; x_wconf 74' lang='lat' dir='ltr'>adaequate</span> <span class='ocrx_word' id='word_1_291' title='bbox 922 4640 964 4704; x_wconf 89' lang='lat' dir='ltr'>ab</span> <span class='ocrx_word' id='word_1_292' title='bbox 976 4653 1186 4719; x_wconf 89' lang='lat' dir='ltr'>unoquoque</span> <span class='ocrx_word' id='word_1_293' title='bbox 1199 4649 1330 4706; x_wconf 89' lang='lat' dir='ltr'>eorum,</span> <span class='ocrx_word' id='word_1_294' title='bbox 1352 4629 1423 4694; x_wconf 88' lang='lat' dir='ltr'>sed.</span> <span class='ocrx_word' id='word_1_295' title='bbox 1433 4628 1476 4692; x_wconf 88' lang='lat' dir='ltr'>ab</span> <span class='ocrx_word' id='word_1_296' title='bbox 1494 4625 1550 4690; x_wconf 93' lang='lat' dir='ltr'>illo</span> 
     </span>
     <span class='ocr_line' id='line_1_38' title="bbox 376 4740 843 4831; baseline 0.026 -30"><span class='ocrx_word' id='word_1_297' title='bbox 376 4740 580 4825; x_wconf 85' lang='lat' dir='ltr'>triplioijure</span> <span class='ocrx_word' id='word_1_298' title='bbox 595 4745 707 4810; x_wconf 88' lang='lat' dir='ltr'>simul.</span> <span class='ocrx_word' id='word_1_299' title='bbox 726 4747 843 4831; x_wconf 89' lang='lat' dir='ltr'>ltaque</span> 
     </span>
    </p>
   </div>
   <div class='ocr_carea' id='block_1_7' title="bbox 0 0 1775 5572">
    <p class='ocr_par' dir='ltr' id='par_1_9' title="bbox 0 0 1775 5572">
     <span class='ocr_line' id='line_1_39' title="bbox 0 0 1775 5572; baseline 0 0"><span class='ocrx_word' id='word_1_300' title='bbox 0 0 1775 5572; x_wconf 95' lang='lat' dir='ltr'> </span> 
     </span>
    </p>
   </div>
  </div>
 </body>
</html>
