3510 5574
356 513 417 578 230
818 532 869 578 rus
889 532 1072 582 emensum.

356 651 547 719 litterarum
566 652 841 738 apostolicarum,
857 658 894 719 et
916 655 983 722 alia
1001 655 1182 740 dequibus
1198 655 1232 724 iu
1247 655 1333 724 libro
1355 657 1396 722 de
1419 655 1540 722 Gremi-

358 761 467 825 m'das.
484 761 741 847 consequenter

398 871 425 950 c)
447 871 616 948 Quaeritur
631 893 639 934 ε
657 871 838 952 Quodnam
851 871 896 937 s'it
910 873 1089 939 discrimen
1100 875 1187 940 inter
1196 876 1426 960 privationem
1442 875 1541 941 beree-

356 979 426 1058 ficii
445 977 515 1064 ipso
537 979 617 1062 jara
640 979 810 1046 demetam
842 991 875 1046 et
901 1002 978 1046 eam
1006 1003 1082 1066 qnae
1095 1003 1159 1068 per
1185 985 1389 1050 sententiam
1412 984 1541 1066 judicis

360 1087 541 1168 irtferenda
555 1089 631 1152 est?
662 1091 693 1152 1ο
708 1089 860 1156 Privatus
883 1111 945 1174 per
965 1093 1172 1158 sententiam
1193 1094 1324 1158 fructus
1344 1096 1424 1158 ante
1447 1091 1543 1157 illam

360 1199 548 1279 perceptos,
575 1216 656 1262 suos
676 1199 771 1274 iecit3
796 1199 879 1264 dum
898 1200 973 1284 ipso
997 1203 1075 1284 Jure
1102 1203 1256 1285 privatus
1280 1219 1339 1266 eos
1361 1201 1543 1266 restituere

361 1307 508 1380 tenetur,
524 1304 604 1370 inde
620 1324 640 1370 a
655 1311 808 1390 tempore
821 1310 996 1374 commissi
1008 1309 1170 1374 oriminis.

399 1411 432 1474 Ψ
445 1411 599 1478 Privatus
617 1433 680 1497 per
696 1417 903 1482 sententiam
921 1437 942 1482 a
957 1417 1072 1500 judice
1094 1418 1273 1486 ferendam
1293 1421 1488 1502 permutare
1509 1423 1546 1484 et

360 1520 535 1602 resignare
549 1522 754 1587 beneficium
769 1528 893 1607 potest,
912 1525 977 1588 etsi
998 1505 1077 1590 ante
1093 1527 1299 1592 sententiam
1313 1526 1398 1592 illud
1410 1526 1541 1601 fecerit,

360 1630 566 1709 permutatio
583 1629 639 1695 vel
657 1631 844 1712 resignatio
863 1631 1063 1716 hujusmodi
1084 1635 1231 1700 rescindi
1251 1635 1380 1719 nequit.
1395 1635 1462 1701 Sed
1476 1635 1545 1718 pri-

361 1742 461 1803 vatus
475 1739 550 1824 ipso
562 1743 640 1824 jure
655 1741 861 1806 beneficium
875 1748 1072 1826 permutare
1087 1750 1122 1810 et
1133 1745 1309 1827 resignare
1324 1745 1453 1830 nequit.

401 1847 434 1911 3ο
454 1847 492 1912 ln
508 1849 619 1930 primo
637 1868 730 1926 oasu,
752 1852 958 1916 beneficium
974 1857 1113 1918 vaearet
1131 1857 1242 1918 morte
1263 1854 1398 1937 privati,
1415 1854 1444 1918 si
1463 1857 1546 1919 ante

363 1957 570 2022 sententiam
586 1959 767 2037 moriatur3
783 1959 866 2026 dum
881 1961 1092 2039 insecundo,
1111 1980 1181 2028 non
1195 1967 1294 2028 vacat
1308 1979 1371 2046 per
1383 1966 1543 2038 mortem,

363 2069 479 2150 utpote
493 2086 573 2134 eum
584 2072 658 2152 jam
671 2070 766 2154 prius
780 2071 963 2136 vacaverit.

548 2263 579 2313 11.
596 2261 639 2314 An
652 2259 824 2314 beneficium
839 2262 905 2315 eotu
920 2273 978 2316 non
993 2272 1098 2316 vacans
1111 2261 1234 2316 centeri-i
1249 2262 1355 2328 possit?

403 2398 437 2480 a)
450 2395 498 2461 Ex
511 2413 584 2482 cap.
602 2399 631 2474 i,
647 2397 715 2463 tet
727 2399 746 2462 3
758 2398 862 2481 hujus
876 2397 977 2475 tituli,
993 2401 1129 2466 constat
1151 2399 1354 2464 beneficium
1376 2403 1454 2464 actu
1475 2418 1548 2465 non

365 2523 492 2572 vacans
501 2523 572 2570 non
581 2523 683 2589 posse
693 2507 850 2571 conferri.
861 2505 899 2570 ln
908 2506 962 2570 his
974 2511 1090 2572 mmen
1097 2507 1242 2590 juribus,
1255 2525 1393 2590 semper
1404 2512 1549 2591 excepta

364 2619 519 2678 remanet
532 2614 717 2679 auotoritas
732 2613 864 2678 Summi
878 2614 1061 2691 Pontifleis,
1078 2617 1177 2698 cujus
1192 2613 1299 2680 solius
1319 2619 1372 2680 est
1389 2615 1548 2680 conterre

365 2723 570 2788 beneficium
591 2712 802 2788 vacaturum.
829 2724 896 2790 Sed
920 2723 999 2808 quia
1018 2723 1218 2808 hujusmodi
1241 2722 1376 2789 collatio
1395 2724 1548 2807 pertinet

364 2831 407 2896 ad
418 2831 668 2916 plenitudinem
682 2833 861 2916 potestatis
875 2833 1017 2918 papulis,
1035 2851 1106 2898 non
1121 2833 1339 2910 ordinarium,
1364 2832 1427 2897 sed
1448 2833 1548 2898 ahso-

364 2941 484 3020 lutum,
498 2946 660 3007 censetur
670 2960 742 3007 uon
755 2943 855 3038 tacta,
869 2943 1151 3028 quotiescumque
1166 2947 1220 3006 est
1232 2941 1334 3006 dubie
1348 2943 1451 3019 factm
1466 2959 1548 3006 nam

365 3049 455 3135 Papa
468 3068 539 3116 non
554 3055 714 3116 censetur
726 3069 829 3133 agere
844 3053 1042 3135 eontrajus.
1060 3051 1166 3128 Unde,
1185 3055 1224 3114 ut
1237 3052 1433 3117 conferatur
1445 3051 1549 3116 bene·

366 3159 491 3235 tioium,
511 3159 612 3224 dehet
627 3178 702 3226 esse
717 3177 864 3237 vecans;
881 3160 942 3224 sed
955 3160 1141 3243 quaeritur:

407 3268 436 3350 d)
453 3267 627 3348 Qumode
651 3288 773 3334 vacare
788 3268 933 3334 debeat?
953 3270 984 3332 1⁰
1010 3268 1147 3334 Certum
1171 3273 1224 3334 est
1245 3285 1316 3334 nou
1331 3269 1500 3348 suisseere,
1520 3268 1549 3332 si

367 3381 465 3442 vacat
486 3377 528 3441 de
552 3377 642 3443 iacto
666 3381 816 3454 tantum;
837 3396 919 3442 nam
938 3395 1060 3442 revera
1074 3393 1200 3442 vacans
1226 3395 1297 3442 non
1321 3381 1384 3452 est,
1401 3376 1547 3460 ideoque

367 3484 501 3551 collatio
517 3485 607 3550 illius
626 3490 719 3552 esset
739 3489 814 3571 ipso
832 3488 909 3569 jure
924 3485 1030 3551 irrite.
1047 3487 1079 3550 Ψ
1094 3485 1231 3550 Certum
1254 3489 1307 3550 est
1328 3485 1432 3550 etiam
1445 3502 1548 3569 posse

368 3595 514 3659 conferri
536 3595 742 3660 beneficium
765 3613 890 3660 vacans
914 3594 957 3659 de
975 3597 1054 3678 jure
1069 3598 1104 3658 et
1117 3594 1206 3659 tacte
1221 3592 1334 3670 simul,
1351 3611 1431 3658 uam
1446 3591 1548 3676 plene

370 3707 404 3767 et
420 3704 570 3786 perfecte
591 3707 700 3768 vacat.
722 3704 756 3767 3⁰
770 3703 912 3781 Quando
934 3702 976 3768 de
998 3705 1077 3786 jure
1101 3705 1200 3767 vacat
1223 3705 1358 3768 tentum
1372 3703 1407 3765 et
1421 3718 1492 3766 non
1507 3700 1548 3766 de

369 3814 469 3888 facto,
486 3831 527 3878 eo
552 3811 644 3896 quod
667 3811 754 3877 eiius
776 3813 820 3876 sit
839 3811 874 3875 in
891 3812 1122 3896 possessione,
1136 3815 1250 3895 potest
1267 3811 1370 3875 etiam
1385 3809 1547 3883 conferri3

370 3920 430 3985 sed
449 3921 605 3986 citandus
627 3925 680 3985 est
702 3920 731 3984 is
754 3920 812 4004 qui
830 3938 909 3986 eum
931 3919 1028 3985 titulo
1052 3918 1203 3985 colorato
1220 3918 1304 3984 illud
1321 3916 1474 4004 possidet
1494 3915 1550 3982 vel

371 4029 510 4106 detinet,
529 4032 563 4092 et
577 4045 681 4093 causa
696 4027 881 4092 summarie
895 4031 947 4092 est
959 4027 1207 4109 cognoscenda.
1225 4027 1259 4090 Si
1274 4044 1356 4091 vero
1371 4042 1550 4110 possessor

371 4155 441 4201 non
461 4137 586 4201 habeat
608 4136 746 4200 titulum
765 4134 965 4211 coloratum,
987 4135 1036 4199 ita
1057 4139 1097 4200 ut
1120 4135 1272 4200 defectus
1288 4133 1377 4198 tituli
1396 4133 1440 4198 sit
1453 4137 1550 4198 noto·

370 4247 452 4322 rius,
465 4246 655 4311 tuneuuds
673 4246 906 4330 requireretur
924 4246 1050 4325 citatio,
1068 4263 1148 4311 eum
1161 4227 1198 4308 in
1209 4243 1351 4310 notoriis
1365 4242 1450 4308 erdo
1461 4241 1549 4326 Juris

371 4375 442 4422 non
450 4355 710 4422 estservandus.
722 4353 756 4419 4ο
766 4354 919 4420 Scienter
927 4355 1095 4438 recipiens
1108 4353 1313 4419 heneficium
1327 4369 1398 4417 non
1410 4365 1547 4423 vacans,

373 4467 535 4548 tanquam
558 4465 711 4528 intrusus
736 4467 790 4527 est
811 4461 1029 4547 repellendus
1052 4463 1095 4527 ab
1120 4481 1172 4538 eo,
1190 4461 1264 4527 sine
1285 4479 1345 4544 spe
1365 4457 1450 4524 illud
1464 4455 1548 4523 ohti-

372 4572 487 4648 nendi,
506 4569 1185 4639 etestetismexeommuniesndus.111ae
1204 4575 1320 4635 tamen
1343 4585 1455 4652 prena
1478 4579 1546 4629 non

373 4681 546 4762 stringunt
560 4681 768 4764 ignorantes.
788 4681 853 4747 Sed
871 4680 1033 4764 quaeritur
1051 4699 1058 4740 :
