3498 5572
505 675 508 683 ‹
531 659 621 707 crasa
640 659 770 709 rannus
790 659 1011 708 nscnarauuu.
1302 641 1360 707 491

182 773 298 863 aliquo
322 795 451 859 genere
473 778 679 843 tributorum
702 779 1012 860 autvectigalium3
1036 779 1117 854 imo,
1134 777 1170 844 in
1182 777 1291 864 praxi,
1307 777 1363 842 vel

181 903 360 971 nunquam
375 885 431 952 vel
445 904 522 953 raro
536 891 679 972 peccant
694 885 829 963 subditi,
848 888 896 952 sic
916 887 1158 952 defraudantes
1177 885 1291 969 aliqua
1305 887 1364 950 tri-

181 994 273 1061 buta.

554 1133 571 1205 δ
590 1134 637 1190 lll.
656 1133 698 1192 be
712 1129 989 1208 procurationibus.

222 1325 255 1406 e)
269 1323 479 1400 Procuratio,
495 1325 662 1408 prouthic
673 1324 830 1399 sumitur,
848 1328 901 1388 est
911 1321 1114 1388 sustentatio
1125 1321 1198 1386 sive
1213 1319 1364 1386 subsidia

183 1435 219 1498 ct
235 1449 395 1516 expensae
418 1449 493 1516 quaa
514 1432 673 1516 episcopo
697 1431 840 1516 aliisque
863 1429 1012 1514 praelatis
1026 1429 1234 1495 obeuntibus
1248 1427 1363 1493 visita-

182 1539 324 1614 tionem,
340 1539 439 1603 abiis
460 1555 546 1622 quos
567 1539 708 1604 visitant
728 1539 942 1614 exhibentur,
964 1554 1027 1621 pro
1053 1553 1208 1618 congrua
1229 1539 1364 1600 sustan-

183 1646 312 1711 tatione
327 1667 334 1709 :
352 1665 380 1711 c.
399 1647 484 1712 9311.
504 1655 527 1712 t.
549 1647 624 1714 Jam
649 1667 752 1733 supra
768 1649 805 1712 in
820 1649 870 1711 tit.
887 1667 964 1711 xxxi
981 1645 1057 1710 libri
1071 1644 1096 1722 Ι,
1115 1646 1257 1710 brevem
1272 1643 1360 1708 dadi-

183 1771 262 1818 mus
276 1755 554 1840 descriptionem;
571 1759 631 1824 sed
645 1757 699 1822 bie
713 1757 812 1842 plura
826 1761 909 1821 sunt
919 1754 1089 1821 notanda:

224 1862 404 1929 t⁰Nomine
419 1866 674 1930 sustentationis
687 1866 784 1930 venit
796 1865 893 1929 cibus
905 1867 1050 1948 etpotus
1060 1881 1139 1928 cum
1155 1861 1364 1926 habitatione

184 1989 246 2054 pro
259 1971 419 2036 visitante
434 1975 578 2058 ejusque
591 1972 729 2038 famulis
747 1994 754 2036 :
771 1991 841 2039 non
861 1977 976 2056 potest
989 1971 1127 2036 extendi
1144 1971 1187 2036 ad
1200 1970 1364 2034 viaticum

183 2083 219 2143 et
234 2078 411 2145 mercedes
427 2099 595 2164 equorum
609 2079 868 2158 conductorum,
892 2099 955 2144 seu
974 2078 1166 2161 generatim
1179 2076 1223 2142 ad
1239 2095 1365 2160 expen·
1454 2094 1459 2103 ’

182 2205 239 2252 sas
264 2205 348 2271 quas
373 2187 516 2252 visitans
534 2188 662 2254 iacitin
676 2189 809 2254 itinere.
835 2188 933 2253 Ratio
945 2188 1050 2270 hujus
1072 2184 1290 2267 obligationis
1311 2189 1364 2248 est

183 2295 263 2380 quia
277 2296 471 2363 visitatores
486 2297 659 2362 seminant
677 2295 865 2379 spiritualia
880 2295 916 2360 in
935 2294 1118 2360 utilitatem
1140 2291 1364 2363 ecclesiarum

184 2421 269 2486 quas
292 2403 448 2480 visitant;
481 2421 584 2487 porro
612 2421 716 2468 nemo
741 2401 813 2467 suis
844 2401 1022 2486 stipendiis
1051 2400 1175 2465 militat
1210 2416 1365 2482 unquam

183 2511 209 2592 (l
227 2509 316 2588 Gon,
338 2531 380 2587 rx,
405 2513 446 2594 Ἰ).
467 2511 596 2578 Deinde
615 2512 873 2596 procurationes
891 2515 972 2575 sunt
989 2511 1128 2592 signum
1140 2507 1364 2591 subjectionis

181 2614 700 2702 montmcfflbtmffl.

221 2726 255 2790 θ’
270 2725 529 2792 Procurationes
546 2726 673 2790 debant
687 2744 763 2790 esse
777 2725 928 2808 frugales
950 2729 985 2790 et
1005 2725 1191 2791 moderatae
1207 2725 1290 2806 (cap.
1307 2723 1360 2799 ld,

181 2833 233 2911 23,
256 2833 297 2898 95
310 2834 344 2897 b.
361 2834 425 2911 tit,
442 2837 477 2898 at
492 2850 587 2898 conc.
604 2833 692 2899 'lrid
710 2851 794 2897 sess.
812 2833 863 2908 ll,
877 2851 906 2898 c.
923 2833 953 2910 3,
968 2833 1010 2898 de
1021 2833 1122 2916 Res.)‚
1143 2849 1182 2896 ac
1196 2831 1271 2896 sseri
1283 2847 1363 2895 eum

182 2946 346 3026 apparatu
369 2945 404 3004 et
425 2941 589 3006 comitatu
610 2941 778 3006 modesto.
803 2941 932 3007 Deinde
956 2941 1123 3017 visitator,
1147 2939 1227 3004 licet
1254 2938 1364 3024 possit

183 3049 337 3132 accipere
362 3048 544 3131 pecuniam
565 3047 642 3113 loco
665 3047 881 3125 victualium,
913 3049 1034 3134 nequit
1061 3053 1178 3113 tamen
1208 3045 1362 3128 accipere

182 3175 310 3221 munus
324 3153 576 3242 quodcumque,
592 3159 696 3223 etiam
715 3164 837 3242 sponte
860 3158 1024 3224 oblatum.
1045 3157 1210 3242 Denique,
1225 3153 1361 3240 quando

183 3254 363 3350 episcopus
383 3264 501 3330 visitat
522 3265 683 3332 ecelesias
706 3273 741 3332 ot
754 3265 895 3332 clericos
913 3260 1060 3331 civitatis
1081 3265 1118 3330 in
1140 3283 1209 3349 qua
1228 3264 1293 3327 sita
1308 3265 1364 3326 est

182 3373 289 3456 ipsius
299 3372 441 3438 ecclesia
453 3374 667 3452 cathedralis,
683 3373 778 3441 nulla
791 3375 823 3439 ei
837 3373 1182 3458 debeturproouratio
1197 3371 1236 3456 (c.
1255 3369 1358 3444 Trid,

184 3481 253 3546 loeo
276 3481 344 3564 cit.)
362 3501 370 3557 ;
387 3481 481 3546 idem
496 3481 678 3548 dicendum
702 3487 755 3547 est
768 3483 810 3547 de
825 3501 907 3547 casu
929 3500 998 3566 quo
1013 3482 1205 3564 episcopus,
1223 3481 1362 3562 peracta

182 3587 378 3652 visitatione
394 3587 545 3654 eeclesiae
557 3594 654 3655 extra
667 3591 788 3654 urbem
799 3587 1210 3674 episcopalemposita,in
1222 3586 1364 3650 domum

184 3713 282 3759 suam
306 3713 343 3758 se
363 3695 544 3761 commode
564 3701 680 3779 potest
699 3697 861 3780 recipere.
884 3695 1061 3776 Colligitur
1086 3713 1130 3758 ex
1151 3710 1246 3758 conc.
1272 3691 1362 3756 ibid.

182 3801 267 3886 (loeo
278 3803 359 3886 eit),
377 3803 470 3888 quod
485 3803 566 3869 dicit
578 3805 822 3871 ministrandas
836 3823 913 3869 esse
932 3802 1191 3888 procurationes
1201 3821 1266 3888 pro
1282 3809 1366 3866 tem-

179 3911 273 3994 poris
283 3917 419 3974 tantem
432 3913 629 3976 necessitate
643 3919 676 3976 et
685 3929 755 3976 non
768 3912 872 3976 oltra.

222 4017 255 4080 3·
266 4017 427 4083 visitator
434 4017 610 4084 remittere
625 4024 740 4103 potest
753 4019 1032 4104 procurationem
1044 4017 1286 4102 particularem
1301 4017 1365 4080 sibi

184 4123 345 4202 debitam,
362 4143 433 4189 non
444 4129 560 4190 tamen
573 4143 662 4191 onus
676 4127 891 4210 procurandi,
906 4145 986 4192 cum
999 4123 1216 4191 boc'cederet
1230 4123 1266 4186 in
1282 4141 1366 4206 prae-

178 4231 348 4314 judicium
370 4250 618 4298 successorum.
642 4233 857 4316 Regulariter
867 4252 938 4298 non
951 4233 1143 4300 admittitur
1156 4230 1365 4316 praescriptio

183 4339 387 4405 exstinctiva
395 4341 895 4424 contraprncurationes3ratio
904 4346 966 4419 est,
979 4342 1060 4425 quia
1069 4339 1145 4406 tatis
1155 4337 1365 4424 praescriptio

182 4445 363 4511 cederetin
371 4447 616 4513 detrimentum
624 4447 856 4525 ecclesiarum,
868 4467 950 4514 nam
958 4448 1172 4514 visitationes
1182 4446 1225 4512 ad
1235 4447 1366 4510 bonum

182 4552 358 4638 publicum
378 4555 599 4622 ecclesiarum
623 4557 788 4622 institutae
808 4561 899 4634 sunt.
921 4555 988 4622 Sed
1011 4555 1222 4640 prescriptio
1245 4553 1367 4616 imme-

75 4675 77 4682 ‘
182 4661 346 4739 monialis,
364 4683 440 4748 quae
454 4665 637 4749 aequivalet
655 4665 846 4750 privilegio,
866 4669 985 4750 posset
997 4663 1207 4750 probabilius
1220 4661 1365 4726 liberare

183 4767 226 4835 ab
250 4787 355 4836 onere
378 4771 562 4860 praestandi
585 4771 844 4857 procurationes
869 4792 876 4835 ε
900 4789 982 4844 uam
1005 4771 1225 4864 privilegium
1252 4773 1367 4854 potest
