3498 5572
545 585 633 632 strue
653 585 778 632 rsarrus
799 585 1019 632 nacnsrauca.
1315 569 1375 636 tto
1487 587 1489 596 ¹

192 707 381 790 peccatum.
398 703 464 770 Sed
479 701 670 768 notandum
683 702 785 787 quod,
803 702 832 765 si
850 701 970 784 regula
989 703 1033 768 sit
1047 703 1160 788 aliquo
1176 705 1279 772 modo
1293 706 1375 788 legi-

195 817 279 880 timo
294 813 457 891 relaxata,
473 811 619 896 professi
630 809 835 893 regulariter
859 829 930 876 non
952 815 1114 877 tenentur
1126 812 1170 878 ad
1191 813 1376 898 suscipien-

196 922 276 988 dam
289 921 570 987 reformationem
584 919 765 1002 primitiva
778 918 907 1000 regulae
919 939 925 980 :
938 919 1025 984 bane
1038 919 1193 1002 regulam
1204 921 1376 986 mitiorem

195 1031 340 1114 professi
354 1035 444 1097 suut.

475 1214 517 1264 ltl.
536 1213 575 1264 De
591 1221 704 1264 recessu
716 1208 907 1274 professorum
920 1221 937 1262 a
952 1207 1097 1274 religione.

237 1356 356 1420 Tribus
377 1353 488 1419 modis
513 1353 672 1418 recedere
688 1351 888 1433 areligione
910 1356 1025 1435 potest
1043 1351 1224 1434 religiosus
1247 1353 1376 1434 profes

197 1483 256 1528 sus
273 1485 281 1526 :
298 1465 331 1527 10
346 1461 521 1542 sacrilege,
538 1478 618 1525 cum
636 1460 712 1544 quis
734 1478 752 1524 e
774 1459 983 1524 monasterio
1005 1459 1094 1541 fugit
1115 1465 1150 1524 et
1163 1478 1225 1542 per
1244 1464 1378 1542 aposta-

197 1573 283 1636 siam
311 1590 329 1634 e
353 1569 520 1651 religione
545 1568 702 1646 discedit;
724 1569 756 1632 90
781 1567 984 1644 necessarie,
1008 1585 1087 1644 cum
1112 1568 1188 1652 quis
1211 1568 1254 1632 ob
1268 1568 1377 1632 incor-

196 1679 431 1760 rigibilitatem
458 1677 608 1760 ejicitur3
637 1675 888 1742 evomueris
916 1682 951 1742 et
977 1676 1078 1756 licite,
1109 1695 1171 1760 per
1196 1675 1378 1740 transitum

197 1785 390 1867 legitimum
405 1785 450 1850 ad
463 1784 569 1850 alium
586 1784 753 1850 ordinem.

238 1895 270 1977 a)
287 1893 497 1960 Recedentes
520 1893 684 1976 sacrilege
711 1893 753 1958 ab
777 1893 896 1958 ordine
922 1891 1082 1974 religioso
1112 1892 1271 1958 dicuntur
1298 1908 1378 1975 apc-

199 2007 295 2067 statae
312 2008 348 2068 et
360 2003 509 2084 fugitivi.

238 2116 270 2178 10
283 2114 448 2196 Apostata
462 2117 515 2178 est
530 2113 587 2198 qui
604 2131 624 2178 a
637 2113 802 2194 religione
822 2111 959 2189 recedit,
977 2113 1092 2177 animo
1116 2130 1186 2177 non
1199 2111 1375 2189 redeundi,

198 2223 270 2286 sive
283 2223 439 2288 habitum
452 2222 610 2308 deponat,
628 2223 700 2286 sive
712 2241 794 2286 non.

238 2331 271 2394 9⁰
294 2331 470 2412 Fugitivus
497 2335 549 2395 est
577 2331 635 2415 qui
663 2331 736 2394 sine
763 2329 901 2394 licentia
928 2329 1112 2413 superioris
1139 2329 1232 2406 abiit,
1262 2329 1378 2393 animo

197 2439 345 2521 vagandi
362 2444 397 2504 et
410 2458 548 2504 rursum
563 2439 604 2505 ad
621 2438 824 2520 religionem
839 2437 1016 2503 redeundi.
1034 2437 1122 2502 Olim
1136 2437 1380 2502 admittebatur

199 2549 353 2632 exceptio
369 2549 481 2632 quoad
496 2547 593 2612 illum
615 2547 673 2631 qui
696 2547 741 2612 ad
763 2550 932 2631 majorem
959 2547 1170 2631 superiorem
1193 2547 1311 2622 abiret,
1337 2563 1380 2610 ex

198 2675 300 2722 causa
320 2655 544 2730 imminentis,
572 2654 691 2738 injusti
711 2659 748 2720 et
768 2653 929 2720 notabilis
953 2653 1163 2736 gravaminis
1188 2653 1378 2718 inferendi:

199 2783 269 2828 non
296 2768 369 2830 erat
384 2763 563 2845 fugitivus,
586 2763 776 2828 dummodo
799 2781 900 2828 suam
919 2762 1148 2828 intentionem
1166 2761 1381 2846 probavisset

134 2877 136 2885 “
198 2891 315 2938 coram
330 2873 464 2938 duobus
478 2871 659 2953 religiosis.
685 2872 752 2936 Sed
773 2875 817 2936 ex'
839 2889 934 2936 conc.
961 2871 1049 2936 Trid.
1067 2871 1163 2954 (sess.
1179 2871 1230 2947 bb,
1247 2889 1275 2934 c.
1292 2869 1323 2947 4,
1339 2869 1380 2934 de

198 2981 303 3065 Rea),
320 2981 523 3062 confugiens
546 2981 590 3046 ad
614 2982 765 3064 majores
788 2979 982 3062 superiores
1001 2998 1073 3044 non
1095 2984 1287 3052 excusatur,
1315 2977 1381 3041 nisi

200 3091 245 3153 sit
261 3071 303 3155 ab
325 3089 400 3153 istis
424 3093 577 3154 vocatus.
604 3089 711 3154 Datur
734 3092 869 3152 tentrnn
893 3107 963 3152 una
988 3089 1142 3170 exceptio
1167 3105 1229 3170 pro
1252 3087 1380 3170 injuste

199 3199 331 3264 vexatis
345 3200 404 3284 qui
418 3199 589 3282 petierent
601 3199 637 3262 iu
651 3199 786 3282 scriptis
801 3217 821 3264 a
836 3199 1069 3282 superioribus
1082 3197 1256 3262 licentiam
1269 3214 1381 3260 recur-

199 3309 297 3373 rendi
309 3307 352 3373 ad
368 3308 491 3373 Sedem
507 3308 737 3393 apostolicam
752 3314 787 3374 et
801 3307 1002 3374 recederent
1015 3327 1035 3372 a
1047 3307 1225 3389 religione,
1244 3305 1382 3370 licentia

199 3435 269 3482 non
283 3417 486 3501 impetrata:
503 3423 638 3484 constat
651 3419 896 3484 constitutione
906 3417 964 3482 Ad
975 3417 1168 3482 Romanum
1183 3413 1268 3478 Sixti
1282 3413 1318 3478 V.

241 3528 269 3610 d]
294 3527 401 3592 Variae
422 3533 503 3592 sunt
516 3546 627 3612 poenae
652 3534 772 3594 contra
798 3531 969 3612 apostatas
989 3531 1024 3591 et
1049 3526 1223 3608 fugitivos.
1243 3526 1275 3588 l⁰
1295 3523 1382 3587 Olim

200 3635 591 3700 excommunicationem
608 3635 687 3700 latae
713 3635 892 3700 sententiar
916 3635 1137 3700 lncurrebant
1161 3650 1282 3697 omnes
1302 3647 1383 3713 apo-

201 3748 298 3808 statae
313 3748 347 3808 et
358 3744 509 3826 lugitivi;
526 3745 587 3810 sed
598 3745 671 3809 baec
683 3763 786 3828 poena
800 3762 871 3810 non
879 3743 1049 3828 reperitur
1060 3747 1226 3807 renovata
1238 3742 1274 3806 in
1286 3757 1380 3805 conc.

200 3850 288 3915 Trid.
303 3851 412 3916 necin
427 3857 535 3916 const.
549 3853 750 3936 Apostolicar
764 3851 864 3918 Sedis
876 3851 924 3915 Pii
938 3851 993 3930 lx,
1005 3851 1070 3915 nisi
1083 3849 1195 3934 quoad
1202 3848 1381 3924 moniales,

201 3977 288 4043 quae,
306 3965 472 4024 exeuntes
487 3979 507 4025 a
521 3960 679 4026 clausura
694 3967 791 4026 extra
805 3979 924 4026 casum
948 3965 984 4025 et
1005 3961 1153 4025 formam
1177 3957 1274 4023 ePio
1297 3957 1325 4020 V
1347 3957 1382 4020 in
1508 3959 1513 3976 “

200 4067 374 4132 constitut.
395 4068 516 4134 Decori
524 4069 772 4152 praescriptam,
794 4071 973 4134 insumunt
993 4065 1383 4132 excommunicationem

199 4177 276 4242 lata
293 4177 472 4241 sententiae
487 4176 525 4240 R.
541 4177 696 4243 Pontifici
708 4182 931 4244 reservatam.
948 4177 984 4241 90
995 4175 1033 4239 ln
1042 4175 1214 4260 apostasia
1223 4172 1278 4260 vel
1288 4173 1380 4254 fuga,

200 4301 263 4348 nec
277 4283 439 4362 ordinari,
453 4285 567 4368 necin
583 4282 760 4350 ordinibus
774 4285 822 4350 ita
835 4285 1001 4368 susceptis
1016 4283 1210 4347 ministrare
1221 4282 1387 4365 possunt3-

201 4411 243 4456 ex
254 4409 283 4456 c.
301 4392 360 4456 dn.
379 4391 420 4455 de
434 4392 551 4476 Apost.
568 4393 601 4456 30
615 4393 780 4475 apostata
800 4390 857 4454 vel
870 4391 1036 4472 fugitivus
1055 4408 1126 4454 non
1140 4388 1269 4471 gaudet
1281 4383 1384 4470 privi-

199 4501 289 4582 legio
306 4501 359 4566 sui
374 4499 503 4566 ordinis
518 4503 624 4582 (conc.
650 4499 752 4578 Trid.,
776 4517 861 4564 sess.
885 4500 936 4578 lb,
952 4517 980 4565 c.
997 4500 1047 4577 19,
1067 4499 1108 4563 de
1122 4498 1228 4583 Rea).
1246 4496 1382 4562 Gaeterae

201 4627 312 4690 prenae
326 4608 548 4673 desumenda.
563 4613 644 4672 sunt
656 4625 700 4671 ex
714 4608 851 4673 statutis
865 4610 1033 4691 cujusque
1050 4606 1189 4670 ordinis.

242 4717 269 4796 c)
285 4715 495 4780 Recedentes
509 4717 693 4780 necessarie
715 4716 874 4781 dicuntur
893 4715 1000 4796 ejecti.
1017 4713 1152 4796 Ejectus
1168 4713 1292 4796 estqui
1312 4731 1382 4777 non
1487 4774 1491 4785 ,
