3498 5572
359 562 417 624 tto
822 583 872 626 rus
892 582 1071 628 crucurccu.

360 701 513 769 tenetur;
531 696 591 760 sed
613 714 684 760 non
705 701 819 778 potest
840 701 968 779 petere,
984 715 1063 760 cunr
1085 698 1129 760 sit
1149 697 1269 762 ordine
1289 713 1384 762 sacro
1398 693 1535 776 ligatus.

359 803 409 868 dn
428 803 587 868 ordinum
602 803 763 870 exercitio
780 809 936 869 remanet
952 823 1149 888 suspensus.

760 1187 945 1262 TITULUS
974 1187 1134 1260 xxxttt.

664 1369 705 1412 DE
732 1367 980 1414 convertemus
1007 1367 1229 1412 insincerum.

400 1679 583 1744 Occasione
598 1679 831 1742 conversionis
842 1682 1105 1760 conjugatorum
1134 1697 1154 1742 a
1178 1679 1301 1744 seculo
1328 1678 1371 1742 ed
1399 1676 1536 1758 religio-

360 1806 451 1862 nem,
468 1788 582 1868 egitur
596 1787 637 1851 de
652 1787 876 1850 conversione
904 1786 1093 1850 infidelium
1116 1785 1159 1851 ed
1187 1786 1291 1852 fldem
1305 1785 1534 1850 christianam.

360 1895 392 1957 Si
406 1895 540 1960 rubrica
554 1895 640 1958 tituli
664 1899 858 1958 sumeretur
873 1900 910 1956 ut
932 1899 1041 1970 sonet,
1060 1894 1243 1978 disputatio
1257 1891 1427 1974 generatis
1443 1891 1539 1956 insti·

360 2007 513 2066 tueretur
536 2003 577 2065 de
603 2002 827 2066 conversione
853 2001 1042 2065 infidelium
1071 2001 1113 2066 ad
1136 2001 1240 2066 tidem
1268 2001 1480 2072 catholicam,
1505 2003 1540 2062 ct

359 2111 598 2174 ostenderetur
613 2109 744 2174 nullum
757 2129 832 2174 esse
848 2110 1042 2191 cogendum
1070 2109 1114 2173 ad
1133 2111 1239 2174 tidem
1254 2107 1537 2192 amplectendam,

359 2237 437 2280 cum
453 2218 540 2280 tides
555 2219 725 2281 internam
740 2219 902 2300 importet
914 2218 1165 2300 subjectionem
1186 2216 1372 2286 voluntatis
1397 2215 1542 2280 auctori-

359 2327 417 2390 tati
448 2327 506 2390 Dei
535 2324 729 2390 revelantis.
764 2325 827 2389 Sed
859 2327 1006 2390 strictius
1043 2326 1190 2390 sumitur
1223 2324 1296 2388 haec
1317 2324 1461 2388 rubrius.
1490 2323 1540 2386 Et-

360 2434 452 2497 enim
479 2434 511 2496 in
526 2434 589 2497 hoc
604 2433 701 2498 titulo
719 2437 776 2516 jus
802 2436 873 2514 agit
888 2439 1020 2498 tantum
1040 2434 1081 2498 de
1099 2433 1319 2498 matrimonio
1336 2437 1372 2496 et
1389 2430 1541 2516 prolibus

360 2541 561 2604 infidelium.
586 2541 654 2616 Hic,
685 2560 798 2607 sermo
826 2547 878 2606 est
908 2543 949 2606 de
973 2541 1167 2606 infidelibus
1192 2541 1327 2624 proprie
1346 2541 1455 2615 dictis,
1479 2559 1540 2604 seu

362 2648 403 2712 de
434 2649 473 2711 iis
495 2650 551 2731 qui
578 2669 755 2732 uunquam
780 2650 1000 2714 christianam
1028 2649 1132 2714 fidem
1162 2653 1399 2732 susceperunt,
1428 2667 1539 2732 neque

366 2756 547 2820 Ecclesiam
560 2777 621 2840 per
635 2758 843 2844 baptismum
856 2757 1002 2838 ingressi
1022 2761 1112 2820 sunt.
1128 2757 1271 2822 Nomine
1282 2756 1472 2821 infidelium
1486 2755 1539 2820 hic

365 2881 434 2927 uon
450 2865 593 2928 ueniunt
607 2865 767 2941 haeretici,
782 2865 861 2930 licet
874 2866 929 2928 isti
950 2866 1014 2928 dici
1035 2870 1162 2948 queant
1184 2863 1351 2940 infideles,
1374 2864 1408 2927 in
1436 2883 1539 2932 sensu

359 2970 440 3048 lato,
458 2972 537 3056 quia
552 2991 572 3036 a
585 2991 667 3037 vera
680 2972 747 3036 tide
762 2973 947 3036 christiana
961 2972 1062 3036 alieni
1076 2977 1166 3036 sunt.

619 3168 637 3216 1.
656 3169 695 3217 De
710 3165 901 3218 matrimoniis
915 3175 1117 3218 conversorum
1133 3164 1169 3216 ad
1185 3163 1279 3216 tidem.

406 3302 435 3362 t⁰
452 3301 483 3362 Si
502 3302 603 3364 ambo
619 3303 785 3382 conjuges
800 3300 956 3364 infideles
966 3305 1215 3366 convertuntur
1228 3301 1271 3365 ad
1284 3300 1389 3364 fidem
1404 3300 1541 3366 catholi-

362 3427 447 3482 cam,
465 3415 608 3490 possunt
623 3415 658 3472 et
672 3409 798 3472 debent
810 3409 845 3471 in
861 3409 1080 3472 matrimonio
1094 3409 1189 3490 prius
1210 3413 1384 3474 conuecto
1409 3427 1542 3491 perma-

304 3563 306 3568 .
366 3516 1538 3599 nere,etsioumimpedimentodirimente,saltcmjurisecclesiastici‚

362 3625 603 3688 contraxerint.
621 3625 718 3688 Ratio
733 3631 796 3699 est,
813 3626 892 3706 quia
910 3623 1065 3690 iussdeles
1089 3644 1158 3688 uon
1175 3625 1402 3706 subjiciuntur
1416 3626 1541 3690 consti-

361 3732 546 3795 tutionibus
569 3733 751 3796 canonicis.
779 3731 850 3796 Nou
877 3733 1009 3814 putavit
1033 3737 1150 3796 tamen
1178 3731 1326 3797 Ecclesia
1352 3733 1539 3798 concedere

362 3839 649 3921 dispensationem
665 3842 706 3904 ab
722 3839 967 3922 impedimento
982 3841 1145 3916 criminis,
1164 3841 1206 3904 de
1222 3859 1289 3923 quo
1312 3859 1425 3906 sermo
1441 3841 1539 3906 estin

361 3965 388 4010 c.
405 3949 419 4008 t
437 3948 470 4009 lr.
485 3953 524 4022 ,t.‚
542 3965 621 4010 oum
635 3946 826 4029 periculosa
840 3953 932 4010 essct
948 3947 1024 4012 talis
1037 3948 1255 4031 dispensatio.

401 4055 432 4116 ⁹2⁰
444 4055 476 4117 Si
488 4055 540 4116 vir
551 4055 696 4119 infidelis
706 4057 810 4120 hahet
824 4055 939 4139 plures
952 4075 1089 4132 uxores,
1104 4057 1214 4134 dehet,
1225 4059 1357 4122 caeteris
1371 4059 1539 4136 demissis,

365 4161 473 4225 solam
497 4163 643 4244 primam
667 4165 825 4240 retinere,
849 4166 877 4228 si
900 4165 974 4229 ilaec
989 4166 1334 4242 etiamconvertatur,
1350 4168 1406 4232 vel
1421 4169 1542 4233 sultem

362 4271 500 4352 pacifice
530 4275 564 4334 et
592 4272 665 4334 sine
687 4272 837 4354 periculo
858 4275 1087 4356 perversioris
1110 4293 1191 4338 cum
1208 4295 1375 4342 converso
1390 4280 1542 4344 habitere

361 4379 490 4458 relittc.
505 4379 735 4456 Gaudeamus,
747 4379 787 4444 de
798 4381 1541 4468 Dr'ucrt.).-Cumpolygamiasitjuredivino

361 4485 539 4566 prohibita,
565 4487 823 4552 matrimonium
838 4507 916 4552 cum
932 4489 1004 4552 sola
1016 4490 1127 4572 prima
1137 4509 1244 4556 uxore
1255 4497 1467 4558 contractum
1477 4497 1542 4559 fuit

362 4592 522 4655 validum.
541 4595 613 4670 Qua
628 4594 669 4658 de
685 4615 798 4670 causa,
815 4597 840 4658 si
854 4597 962 4678 prima
973 4616 1036 4660 uec
1050 4615 1086 4662 se
1100 4604 1312 4676 convertere,
1329 4619 1393 4664 nec
1411 4603 1540 4684 absque

362 4699 510 4794 periculo
520 4703 747 4783 peruersiouis
757 4723 835 4768 eum
846 4723 1013 4769 couversc
1022 4707 1173 4772 habitare
1182 4708 1274 4784 velit,
1284 4727 1352 4774 uon
1365 4713 1539 4775 teneretur
