<?xml version="1.0" encoding="UTF-8"?>
<!DOCTYPE html PUBLIC "-//W3C//DTD XHTML 1.0 Transitional//EN"
    "http://www.w3.org/TR/xhtml1/DTD/xhtml1-transitional.dtd">
<html xmlns="http://www.w3.org/1999/xhtml" xml:lang="en" lang="en">
 <head>
  <title>
</title>
<meta http-equiv="Content-Type" content="text/html;charset=utf-8" />
  <meta name='ocr-system' content='tesseract 3.04.00' />
  <meta name='ocr-capabilities' content='ocr_page ocr_carea ocr_par ocr_line ocrx_word'/>
</head>
<body>
  <div class='ocr_page' id='page_1' title='image "./juscanonicumjux00grangoog_0396.png"; bbox 0 0 3504 5572; ppageno 0'>
   <div class='ocr_carea' id='block_1_1' title="bbox 373 535 1088 616">
    <p class='ocr_par' dir='ltr' id='par_1_1' title="bbox 373 535 1088 616">
     <span class='ocr_line' id='line_1_1' title="bbox 373 535 1088 616; baseline 0.006 -14"><span class='ocrx_word' id='word_1_1' title='bbox 373 535 433 602; x_wconf 75' lang='grc'><strong>384</strong></span> <span class='ocrx_word' id='word_1_2' title='bbox 546 599 549 616; x_wconf 90' lang='grc'><strong>,</strong></span> <span class='ocrx_word' id='word_1_3' title='bbox 835 559 887 608; x_wconf 83' lang='lat' dir='ltr'><strong>rus</strong></span> <span class='ocrx_word' id='word_1_4' title='bbox 909 557 1088 609; x_wconf 73' lang='lat' dir='ltr'><strong>aaronica.</strong></span> 
     </span>
    </p>
   </div>
   <div class='ocr_carea' id='block_1_2' title="bbox 372 678 1600 1841">
    <p class='ocr_par' dir='ltr' id='par_1_2' title="bbox 372 678 1553 1090">
     <span class='ocr_line' id='line_1_2' title="bbox 412 678 1553 765; baseline 0.003 -23"><span class='ocrx_word' id='word_1_5' title='bbox 412 679 462 742; x_wconf 79' lang='lat' dir='ltr'><strong>Ad</strong></span> <span class='ocrx_word' id='word_1_6' title='bbox 491 678 584 745; x_wconf 88' lang='lat' dir='ltr'><strong>illam</strong></span> <span class='ocrx_word' id='word_1_7' title='bbox 611 680 871 764; x_wconf 74' lang='lat' dir='ltr'><strong>acquisitionem</strong></span> <span class='ocrx_word' id='word_1_8' title='bbox 898 681 1069 746; x_wconf 89' lang='lat' dir='ltr'><strong>bonorum</strong></span> <span class='ocrx_word' id='word_1_9' title='bbox 1093 679 1254 764; x_wconf 75' lang='lat' dir='ltr'><strong>professi,</strong></span> <span class='ocrx_word' id='word_1_10' title='bbox 1274 695 1345 745; x_wconf 92' lang='lat' dir='ltr'><strong>nou</strong></span> <span class='ocrx_word' id='word_1_11' title='bbox 1367 681 1553 765; x_wconf 76' lang='lat' dir='ltr'><strong>requiritur</strong></span> 
     </span>
     <span class='ocr_line' id='line_1_3' title="bbox 373 786 1552 874; baseline 0.003 -23"><span class='ocrx_word' id='word_1_12' title='bbox 373 786 558 871; x_wconf 87' lang='lat' dir='ltr'><strong>corporalis</strong></span> <span class='ocrx_word' id='word_1_13' title='bbox 586 789 827 872; x_wconf 82' lang='lat' dir='ltr'><strong>apprehensi03</strong></span> <span class='ocrx_word' id='word_1_14' title='bbox 849 791 964 854; x_wconf 84' lang='lat' dir='ltr'><strong>statim</strong></span> <span class='ocrx_word' id='word_1_15' title='bbox 992 788 1178 873; x_wconf 89' lang='lat' dir='ltr'><strong>acquiritur</strong></span> <span class='ocrx_word' id='word_1_16' title='bbox 1204 788 1394 853; x_wconf 90' lang='lat' dir='ltr'><strong>dominium</strong></span> <span class='ocrx_word' id='word_1_17' title='bbox 1417 794 1453 853; x_wconf 88' lang='lat' dir='ltr'><strong>et</strong></span> <span class='ocrx_word' id='word_1_18' title='bbox 1474 807 1552 874; x_wconf 92' lang='lat' dir='ltr'><strong>pos-</strong></span> 
     </span>
     <span class='ocr_line' id='line_1_4' title="bbox 373 895 1552 986; baseline 0.003 -28"><span class='ocrx_word' id='word_1_19' title='bbox 373 895 497 986; x_wconf 83' lang='lat' dir='ltr'><strong>sessio;</strong></span> <span class='ocrx_word' id='word_1_20' title='bbox 513 901 720 979; x_wconf 90' lang='lat' dir='ltr'><strong>quapropter</strong></span> <span class='ocrx_word' id='word_1_21' title='bbox 738 899 796 980; x_wconf 83' lang='lat' dir='ltr'><strong>jus</strong></span> <span class='ocrx_word' id='word_1_22' title='bbox 810 896 919 974; x_wconf 87' lang='lat' dir='ltr'><strong>civile,</strong></span> <span class='ocrx_word' id='word_1_23' title='bbox 941 897 1075 963; x_wconf 88' lang='lat' dir='ltr'><strong>etiamsi</strong></span> <span class='ocrx_word' id='word_1_24' title='bbox 1101 897 1214 962; x_wconf 84' lang='lat' dir='ltr'><strong>obstet</strong></span> <span class='ocrx_word' id='word_1_25' title='bbox 1239 895 1405 980; x_wconf 84' lang='lat' dir='ltr'><strong>corporali</strong></span> <span class='ocrx_word' id='word_1_26' title='bbox 1431 915 1552 980; x_wconf 90' lang='lat' dir='ltr'><strong>appre-</strong></span> 
     </span>
     <span class='ocr_line' id='line_1_5' title="bbox 372 1003 1418 1090; baseline 0.002 -24"><span class='ocrx_word' id='word_1_27' title='bbox 372 1003 542 1078; x_wconf 86' lang='lat' dir='ltr'><strong>hensioni,</strong></span> <span class='ocrx_word' id='word_1_28' title='bbox 558 1021 629 1067; x_wconf 90' lang='lat' dir='ltr'><strong>uon</strong></span> <span class='ocrx_word' id='word_1_29' title='bbox 644 1009 758 1087; x_wconf 91' lang='lat' dir='ltr'><strong>potest</strong></span> <span class='ocrx_word' id='word_1_30' title='bbox 770 1005 935 1088; x_wconf 90' lang='lat' dir='ltr'><strong>impedire</strong></span> <span class='ocrx_word' id='word_1_31' title='bbox 950 1005 1140 1086; x_wconf 82' lang='lat' dir='ltr'><strong>legitimam</strong></span> <span class='ocrx_word' id='word_1_32' title='bbox 1154 1004 1418 1090; x_wconf 91' lang='lat' dir='ltr'><strong>possessiouem.</strong></span> 
     </span>
    </p>

    <p class='ocr_par' dir='ltr' id='par_1_3' title="bbox 372 1109 1600 1841">
     <span class='ocr_line' id='line_1_6' title="bbox 413 1109 1553 1196; baseline 0.004 -23"><span class='ocrx_word' id='word_1_33' title='bbox 413 1109 439 1191; x_wconf 86' lang='lat' dir='ltr'><strong>a)</strong></span> <span class='ocrx_word' id='word_1_34' title='bbox 456 1109 489 1173; x_wconf 90' lang='lat' dir='ltr'><strong>S.</strong></span> <span class='ocrx_word' id='word_1_35' title='bbox 505 1109 730 1193; x_wconf 78' lang='lat' dir='ltr'><strong>Congregatio</strong></span> <span class='ocrx_word' id='word_1_36' title='bbox 743 1112 856 1190; x_wconf 80' lang='lat' dir='ltr'><strong>(lonc,</strong></span> <span class='ocrx_word' id='word_1_37' title='bbox 874 1114 937 1178; x_wconf 88' lang='lat' dir='ltr'><strong>sub</strong></span> <span class='ocrx_word' id='word_1_38' title='bbox 953 1113 1006 1184; x_wconf 89' lang='lat' dir='ltr'><strong>die</strong></span> <span class='ocrx_word' id='word_1_39' title='bbox 1021 1113 1041 1178; x_wconf 91' lang='lat'>8</span> <span class='ocrx_word' id='word_1_40' title='bbox 1061 1113 1143 1178; x_wconf 89' lang='lat' dir='ltr'><strong>maii</strong></span> <span class='ocrx_word' id='word_1_41' title='bbox 1157 1113 1247 1190; x_wconf 86' lang='grc'><strong>1683,</strong></span> <span class='ocrx_word' id='word_1_42' title='bbox 1265 1113 1336 1194; x_wconf 84' lang='lat' dir='ltr'><strong>egit</strong></span> <span class='ocrx_word' id='word_1_43' title='bbox 1350 1112 1391 1176; x_wconf 94' lang='lat' dir='ltr'><strong>de</strong></span> <span class='ocrx_word' id='word_1_44' title='bbox 1406 1114 1553 1196; x_wconf 90' lang='lat' dir='ltr'><strong>pecunia</strong></span> 
     </span>
     <span class='ocr_line' id='line_1_7' title="bbox 373 1217 1551 1305; baseline 0.003 -24"><span class='ocrx_word' id='word_1_45' title='bbox 373 1223 408 1281; x_wconf 90' lang='lat' dir='ltr'><strong>et</strong></span> <span class='ocrx_word' id='word_1_46' title='bbox 430 1217 611 1282; x_wconf 87' lang='lat' dir='ltr'><strong>mobilibus</strong></span> <span class='ocrx_word' id='word_1_47' title='bbox 635 1221 738 1284; x_wconf 90' lang='lat' dir='ltr'><strong>rebus</strong></span> <span class='ocrx_word' id='word_1_48' title='bbox 765 1221 923 1303; x_wconf 86' lang='lat' dir='ltr'><strong>pretiosis</strong></span> <span class='ocrx_word' id='word_1_49' title='bbox 952 1239 1036 1305; x_wconf 88' lang='lat' dir='ltr'><strong>quas</strong></span> <span class='ocrx_word' id='word_1_50' title='bbox 1059 1221 1258 1305; x_wconf 90' lang='lat' dir='ltr'><strong>relinquunt</strong></span> <span class='ocrx_word' id='word_1_51' title='bbox 1286 1221 1491 1286; x_wconf 79' lang='lat' dir='ltr'><strong>decedentes</strong></span> <span class='ocrx_word' id='word_1_52' title='bbox 1515 1221 1551 1284; x_wconf 92' lang='lat' dir='ltr'><strong>in</strong></span> 
     </span>
     <span class='ocr_line' id='line_1_8' title="bbox 372 1323 1600 1412; baseline 0.004 -25"><span class='ocrx_word' id='word_1_53' title='bbox 372 1325 596 1408; x_wconf 83' lang='lat' dir='ltr'><strong>hospitalibus</strong></span> <span class='ocrx_word' id='word_1_54' title='bbox 611 1325 769 1391; x_wconf 88' lang='lat' dir='ltr'><strong>domibus</strong></span> <span class='ocrx_word' id='word_1_55' title='bbox 789 1333 848 1393; x_wconf 92' lang='lat' dir='ltr'><strong>aut</strong></span> <span class='ocrx_word' id='word_1_56' title='bbox 863 1329 1087 1405; x_wconf 88' lang='lat' dir='ltr'><strong>nosocomiis;</strong></span> <span class='ocrx_word' id='word_1_57' title='bbox 1103 1329 1139 1392; x_wconf 93' lang='lat' dir='ltr'><strong>iu</strong></span> <span class='ocrx_word' id='word_1_58' title='bbox 1154 1328 1323 1412; x_wconf 83' lang='lat' dir='ltr'><strong>aliquibus</strong></span> <span class='ocrx_word' id='word_1_59' title='bbox 1340 1327 1549 1410; x_wconf 76' lang='lat' dir='ltr'><strong>regionibus,</strong></span> <span class='ocrx_word' id='word_1_60' title='bbox 1599 1323 1600 1328; x_wconf 70' lang='grc'>’</span> 
     </span>
     <span class='ocr_line' id='line_1_9' title="bbox 372 1431 1546 1520; baseline 0.007 -26"><span class='ocrx_word' id='word_1_61' title='bbox 372 1431 516 1497; x_wconf 88' lang='lat' dir='ltr'><strong>invaluit</strong></span> <span class='ocrx_word' id='word_1_62' title='bbox 537 1435 750 1501; x_wconf 90' lang='lat' dir='ltr'><strong>consuetudo</strong></span> <span class='ocrx_word' id='word_1_63' title='bbox 764 1441 803 1500; x_wconf 95' lang='lat' dir='ltr'><strong>ut</strong></span> <span class='ocrx_word' id='word_1_64' title='bbox 817 1437 891 1500; x_wconf 72' lang='lat' dir='ltr'><strong>ista</strong></span> <span class='ocrx_word' id='word_1_65' title='bbox 908 1437 1141 1502; x_wconf 89' lang='lat' dir='ltr'><strong>successiones</strong></span> <span class='ocrx_word' id='word_1_66' title='bbox 1163 1437 1343 1514; x_wconf 70' lang='lat' dir='ltr'><strong>intestata,</strong></span> <span class='ocrx_word' id='word_1_67' title='bbox 1361 1455 1422 1500; x_wconf 91' lang='lat' dir='ltr'><strong>seu</strong></span> <span class='ocrx_word' id='word_1_68' title='bbox 1439 1462 1454 1495; x_wconf 79' lang='grc' dir='ltr'><strong>(ι</strong></span> <span class='ocrx_word' id='word_1_69' title='bbox 1469 1455 1546 1520; x_wconf 92' lang='lat' dir='ltr'><strong>spo-</strong></span> 
     </span>
     <span class='ocr_line' id='line_1_10' title="bbox 372 1537 1552 1627; baseline 0.005 -27"><span class='ocrx_word' id='word_1_70' title='bbox 372 1537 418 1602; x_wconf 91' lang='lat' dir='ltr'><strong>lia</strong></span> <span class='ocrx_word' id='word_1_71' title='bbox 433 1565 461 1616; x_wconf 87' lang='lat'><strong>»,</strong></span> <span class='ocrx_word' id='word_1_72' title='bbox 478 1541 602 1606; x_wconf 89' lang='lat' dir='ltr'><strong>cadant</strong></span> <span class='ocrx_word' id='word_1_73' title='bbox 617 1542 733 1607; x_wconf 93' lang='lat' dir='ltr'><strong>domui</strong></span> <span class='ocrx_word' id='word_1_74' title='bbox 749 1545 784 1607; x_wconf 92' lang='lat' dir='ltr'><strong>in</strong></span> <span class='ocrx_word' id='word_1_75' title='bbox 808 1562 875 1627; x_wconf 92' lang='lat' dir='ltr'><strong>qua</strong></span> <span class='ocrx_word' id='word_1_76' title='bbox 890 1549 1034 1627; x_wconf 77' lang='lat' dir='ltr'><strong>receptae</strong></span> <span class='ocrx_word' id='word_1_77' title='bbox 1050 1548 1131 1608; x_wconf 91' lang='lat' dir='ltr'><strong>suut</strong></span> <span class='ocrx_word' id='word_1_78' title='bbox 1144 1544 1218 1608; x_wconf 85' lang='lat' dir='ltr'><strong>istae</strong></span> <span class='ocrx_word' id='word_1_79' title='bbox 1233 1561 1401 1627; x_wconf 61' lang='lat' dir='ltr'><strong>personae,</strong></span> <span class='ocrx_word' id='word_1_80' title='bbox 1423 1549 1456 1607; x_wconf 89' lang='lat' dir='ltr'><strong>et</strong></span> <span class='ocrx_word' id='word_1_81' title='bbox 1472 1549 1552 1608; x_wconf 91' lang='lat' dir='ltr'><strong>sunt</strong></span> 
     </span>
     <span class='ocr_line' id='line_1_11' title="bbox 375 1646 1551 1735; baseline 0.003 -25"><span class='ocrx_word' id='word_1_82' title='bbox 375 1646 576 1713; x_wconf 70' lang='lat' dir='ltr'><strong>demortua.</strong></span> <span class='ocrx_word' id='word_1_83' title='bbox 595 1649 698 1715; x_wconf 89' lang='lat' dir='ltr'><strong>Porro</strong></span> <span class='ocrx_word' id='word_1_84' title='bbox 719 1652 926 1735; x_wconf 89' lang='lat' dir='ltr'><strong>approbatur</strong></span> <span class='ocrx_word' id='word_1_85' title='bbox 943 1650 1001 1716; x_wconf 89' lang='lat' dir='ltr'><strong>illa</strong></span> <span class='ocrx_word' id='word_1_86' title='bbox 1018 1651 1242 1728; x_wconf 89' lang='lat' dir='ltr'><strong>consuetudo,</strong></span> <span class='ocrx_word' id='word_1_87' title='bbox 1258 1651 1379 1716; x_wconf 87' lang='lat' dir='ltr'><strong>saltem</strong></span> <span class='ocrx_word' id='word_1_88' title='bbox 1401 1651 1429 1714; x_wconf 92' lang='lat' dir='ltr'><strong>si</strong></span> <span class='ocrx_word' id='word_1_89' title='bbox 1450 1652 1551 1716; x_wconf 88' lang='lat' dir='ltr'><strong>fuerit</strong></span> 
     </span>
     <span class='ocr_line' id='line_1_12' title="bbox 373 1754 746 1841; baseline 0.008 -24"><span class='ocrx_word' id='word_1_90' title='bbox 373 1754 524 1837; x_wconf 79' lang='lat' dir='ltr'><strong>legitime</strong></span> <span class='ocrx_word' id='word_1_91' title='bbox 540 1759 746 1841; x_wconf 78' lang='lat' dir='ltr'><strong>prescripta.</strong></span> 
     </span>
    </p>
   </div>
   <div class='ocr_carea' id='block_1_3' title="bbox 692 1960 1233 2180">
    <p class='ocr_par' dir='ltr' id='par_1_4' title="bbox 692 1960 1233 2180">
     <span class='ocr_line' id='line_1_13' title="bbox 855 1960 1065 2062; baseline 0.01 -40"><span class='ocrx_word' id='word_1_92' title='bbox 855 1960 991 2062; x_wconf 64' lang='lat' dir='ltr'><strong>slacTIt)</strong></span> <span class='ocrx_word' id='word_1_93' title='bbox 1012 1964 1065 2024; x_wconf 87' lang='lat'>111.</span> 
     </span>
     <span class='ocr_line' id='line_1_14' title="bbox 692 2111 1233 2180; baseline 0.007 -18"><span class='ocrx_word' id='word_1_94' title='bbox 692 2111 739 2166; x_wconf 82' lang='lat' dir='ltr'><strong>De</strong></span> <span class='ocrx_word' id='word_1_95' title='bbox 762 2111 911 2166; x_wconf 81' lang='lat' dir='ltr'><strong>aditione</strong></span> <span class='ocrx_word' id='word_1_96' title='bbox 934 2115 969 2166; x_wconf 78' lang='lat' dir='ltr'><strong>et</strong></span> <span class='ocrx_word' id='word_1_97' title='bbox 988 2113 1233 2180; x_wconf 73' lang='lat' dir='ltr'><strong>repudiatione.</strong></span> 
     </span>
    </p>
   </div>
   <div class='ocr_carea' id='block_1_4' title="bbox 753 2283 1170 2338">
    <p class='ocr_par' dir='ltr' id='par_1_5' title="bbox 753 2283 1170 2338">
     <span class='ocr_line' id='line_1_15' title="bbox 753 2283 1170 2338; baseline -0.007 0"><span class='ocrx_word' id='word_1_98' title='bbox 753 2288 772 2338; x_wconf 88' lang='lat' dir='ltr'><strong>l.</strong></span> <span class='ocrx_word' id='word_1_99' title='bbox 791 2288 830 2338; x_wconf 83' lang='lat' dir='ltr'><strong>De</strong></span> <span class='ocrx_word' id='word_1_100' title='bbox 845 2285 971 2338; x_wconf 86' lang='lat' dir='ltr'><strong>aditione</strong></span> <span class='ocrx_word' id='word_1_101' title='bbox 986 2283 1170 2336; x_wconf 74' lang='lat' dir='ltr'><strong>hereditatis.</strong></span> 
     </span>
    </p>
   </div>
   <div class='ocr_carea' id='block_1_5' title="bbox 374 2415 1554 4772">
    <p class='ocr_par' dir='ltr' id='par_1_6' title="bbox 374 2415 1550 2828">
     <span class='ocr_line' id='line_1_16' title="bbox 414 2415 1550 2504; baseline -0.005 -20"><span class='ocrx_word' id='word_1_102' title='bbox 414 2420 525 2486; x_wconf 72' lang='lat' dir='ltr'><strong>aditio</strong></span> <span class='ocrx_word' id='word_1_103' title='bbox 542 2439 602 2486; x_wconf 89' lang='lat' dir='ltr'><strong>eeu</strong></span> <span class='ocrx_word' id='word_1_104' title='bbox 618 2423 803 2504; x_wconf 89' lang='lat' dir='ltr'><strong>acceptatio</strong></span> <span class='ocrx_word' id='word_1_105' title='bbox 818 2422 1024 2487; x_wconf 71' lang='lat' dir='ltr'><strong>haereditatis</strong></span> <span class='ocrx_word' id='word_1_106' title='bbox 1039 2427 1092 2486; x_wconf 90' lang='lat' dir='ltr'><strong>est</strong></span> <span class='ocrx_word' id='word_1_107' title='bbox 1108 2425 1203 2486; x_wconf 86' lang='lat' dir='ltr'><strong>actus</strong></span> <span class='ocrx_word' id='word_1_108' title='bbox 1218 2437 1286 2503; x_wconf 91' lang='lat' dir='ltr'><strong>quo</strong></span> <span class='ocrx_word' id='word_1_109' title='bbox 1305 2417 1362 2482; x_wconf 92' lang='lat' dir='ltr'><strong>ille</strong></span> <span class='ocrx_word' id='word_1_110' title='bbox 1381 2417 1439 2500; x_wconf 92' lang='lat' dir='ltr'><strong>qui</strong></span> <span class='ocrx_word' id='word_1_111' title='bbox 1458 2415 1550 2480; x_wconf 80' lang='lat' dir='ltr'><strong>habi-</strong></span> 
     </span>
     <span class='ocr_line' id='line_1_17' title="bbox 374 2522 1550 2611; baseline -0.004 -22"><span class='ocrx_word' id='word_1_112' title='bbox 374 2526 415 2590; x_wconf 93' lang='lat' dir='ltr'><strong>lis</strong></span> <span class='ocrx_word' id='word_1_113' title='bbox 431 2529 539 2592; x_wconf 91' lang='lat' dir='ltr'><strong>estad</strong></span> <span class='ocrx_word' id='word_1_114' title='bbox 553 2529 816 2607; x_wconf 87' lang='lat' dir='ltr'><strong>succedendum,</strong></span> <span class='ocrx_word' id='word_1_115' title='bbox 830 2529 1027 2595; x_wconf 86' lang='lat' dir='ltr'><strong>manifestat</strong></span> <span class='ocrx_word' id='word_1_116' title='bbox 1038 2547 1075 2593; x_wconf 93' lang='lat' dir='ltr'><strong>se</strong></span> <span class='ocrx_word' id='word_1_117' title='bbox 1089 2527 1177 2593; x_wconf 88' lang='lat' dir='ltr'><strong>velle</strong></span> <span class='ocrx_word' id='word_1_118' title='bbox 1193 2526 1392 2611; x_wconf 84' lang='lat' dir='ltr'><strong>qualitatem</strong></span> <span class='ocrx_word' id='word_1_119' title='bbox 1406 2522 1550 2588; x_wconf 83' lang='lat' dir='ltr'><strong>haeredis</strong></span> 
     </span>
     <span class='ocr_line' id='line_1_18' title="bbox 375 2633 1547 2723; baseline -0.004 -23"><span class='ocrx_word' id='word_1_120' title='bbox 375 2655 560 2702; x_wconf 89' lang='lat' dir='ltr'><strong>assumere.</strong></span> <span class='ocrx_word' id='word_1_121' title='bbox 580 2638 657 2704; x_wconf 83' lang='lat' dir='ltr'><strong>Haec</strong></span> <span class='ocrx_word' id='word_1_122' title='bbox 682 2657 763 2720; x_wconf 83' lang='lat' dir='ltr'><strong>erga</strong></span> <span class='ocrx_word' id='word_1_123' title='bbox 788 2639 973 2723; x_wconf 89' lang='lat' dir='ltr'><strong>acceptatio</strong></span> <span class='ocrx_word' id='word_1_124' title='bbox 1002 2638 1162 2722; x_wconf 90' lang='lat' dir='ltr'><strong>supponit</strong></span> <span class='ocrx_word' id='word_1_125' title='bbox 1183 2654 1367 2721; x_wconf 89' lang='lat' dir='ltr'><strong>personam</strong></span> <span class='ocrx_word' id='word_1_126' title='bbox 1388 2633 1547 2707; x_wconf 91' lang='lat' dir='ltr'><strong>habilem,</strong></span> 
     </span>
     <span class='ocr_line' id='line_1_19' title="bbox 375 2745 1259 2828; baseline 0 -19"><span class='ocrx_word' id='word_1_127' title='bbox 375 2764 450 2828; x_wconf 78' lang='lat' dir='ltr'><strong>quse</strong></span> <span class='ocrx_word' id='word_1_128' title='bbox 466 2763 565 2810; x_wconf 88' lang='lat' dir='ltr'><strong>suam</strong></span> <span class='ocrx_word' id='word_1_129' title='bbox 579 2745 792 2811; x_wconf 88' lang='lat' dir='ltr'><strong>voluntatem</strong></span> <span class='ocrx_word' id='word_1_130' title='bbox 808 2746 921 2812; x_wconf 88' lang='lat' dir='ltr'><strong>debito</strong></span> <span class='ocrx_word' id='word_1_131' title='bbox 935 2746 1039 2811; x_wconf 92' lang='lat' dir='ltr'><strong>modo</strong></span> <span class='ocrx_word' id='word_1_132' title='bbox 1053 2747 1259 2810; x_wconf 80' lang='lat' dir='ltr'><strong>manifestet.</strong></span> 
     </span>
    </p>

    <p class='ocr_par' dir='ltr' id='par_1_7' title="bbox 376 2850 1549 3046">
     <span class='ocr_line' id='line_1_20' title="bbox 415 2850 1549 2939; baseline -0.003 -21"><span class='ocrx_word' id='word_1_133' title='bbox 415 2855 449 2936; x_wconf 87' lang='lat' dir='ltr'><strong>a)</strong></span> <span class='ocrx_word' id='word_1_134' title='bbox 460 2853 564 2918; x_wconf 91' lang='lat' dir='ltr'><strong>Porro</strong></span> <span class='ocrx_word' id='word_1_135' title='bbox 576 2855 742 2920; x_wconf 90' lang='lat' dir='ltr'><strong>inhabiles</strong></span> <span class='ocrx_word' id='word_1_136' title='bbox 755 2860 837 2920; x_wconf 92' lang='lat' dir='ltr'><strong>suut</strong></span> <span class='ocrx_word' id='word_1_137' title='bbox 847 2855 950 2939; x_wconf 87' lang='lat' dir='ltr'><strong>aliqui</strong></span> <span class='ocrx_word' id='word_1_138' title='bbox 965 2854 1063 2920; x_wconf 89' lang='lat' dir='ltr'><strong>titulo</strong></span> <span class='ocrx_word' id='word_1_139' title='bbox 1077 2854 1322 2939; x_wconf 80' lang='lat' dir='ltr'><strong>incapacitatis,</strong></span> <span class='ocrx_word' id='word_1_140' title='bbox 1334 2851 1437 2936; x_wconf 88' lang='lat' dir='ltr'><strong>aliqui</strong></span> <span class='ocrx_word' id='word_1_141' title='bbox 1452 2850 1549 2915; x_wconf 90' lang='lat' dir='ltr'><strong>titulo</strong></span> 
     </span>
     <span class='ocr_line' id='line_1_21' title="bbox 376 2960 600 3046; baseline 0 -23"><span class='ocrx_word' id='word_1_142' title='bbox 376 2960 600 3046; x_wconf 79' lang='lat' dir='ltr'><strong>inclipnitatis.</strong></span> 
     </span>
    </p>

    <p class='ocr_par' dir='ltr' id='par_1_8' title="bbox 375 3069 1552 3459">
     <span class='ocr_line' id='line_1_22' title="bbox 415 3069 1547 3155; baseline -0.004 -22"><span class='ocrx_word' id='word_1_143' title='bbox 415 3071 446 3133; x_wconf 73' lang='grc' dir='ltr'><strong>1ο</strong></span> <span class='ocrx_word' id='word_1_144' title='bbox 461 3069 570 3134; x_wconf 83' lang='lat' dir='ltr'><strong>Titulo</strong></span> <span class='ocrx_word' id='word_1_145' title='bbox 584 3071 819 3155; x_wconf 83' lang='lat' dir='ltr'><strong>incapacitatis</strong></span> <span class='ocrx_word' id='word_1_146' title='bbox 831 3076 991 3136; x_wconf 89' lang='lat' dir='ltr'><strong>arcentur</strong></span> <span class='ocrx_word' id='word_1_147' title='bbox 1007 3091 1014 3134; x_wconf 93' lang='lat'><strong>:</strong></span> <span class='ocrx_word' id='word_1_148' title='bbox 1031 3071 1088 3155; x_wconf 92' lang='lat' dir='ltr'><strong>qui</strong></span> <span class='ocrx_word' id='word_1_149' title='bbox 1107 3070 1263 3136; x_wconf 91' lang='lat' dir='ltr'><strong>nondum</strong></span> <span class='ocrx_word' id='word_1_150' title='bbox 1285 3073 1470 3152; x_wconf 90' lang='lat' dir='ltr'><strong>conceptus</strong></span> <span class='ocrx_word' id='word_1_151' title='bbox 1485 3071 1547 3144; x_wconf 90' lang='lat' dir='ltr'><strong>est,</strong></span> 
     </span>
     <span class='ocr_line' id='line_1_23' title="bbox 375 3175 1548 3266; baseline -0.004 -25"><span class='ocrx_word' id='word_1_152' title='bbox 375 3176 430 3241; x_wconf 84' lang='lat' dir='ltr'><strong>vel</strong></span> <span class='ocrx_word' id='word_1_153' title='bbox 445 3182 546 3242; x_wconf 88' lang='lat' dir='ltr'><strong>natus</strong></span> <span class='ocrx_word' id='word_1_154' title='bbox 563 3183 699 3242; x_wconf 88' lang='lat' dir='ltr'><strong>estnon</strong></span> <span class='ocrx_word' id='word_1_155' title='bbox 714 3179 837 3255; x_wconf 83' lang='lat' dir='ltr'><strong>vitalis,</strong></span> <span class='ocrx_word' id='word_1_156' title='bbox 854 3179 910 3244; x_wconf 87' lang='lat' dir='ltr'><strong>vel</strong></span> <span class='ocrx_word' id='word_1_157' title='bbox 922 3178 1062 3244; x_wconf 87' lang='lat' dir='ltr'><strong>tandem</strong></span> <span class='ocrx_word' id='word_1_158' title='bbox 1076 3179 1134 3262; x_wconf 94' lang='lat' dir='ltr'><strong>qui</strong></span> <span class='ocrx_word' id='word_1_159' title='bbox 1149 3183 1306 3242; x_wconf 92' lang='lat' dir='ltr'><strong>mortuus</strong></span> <span class='ocrx_word' id='word_1_160' title='bbox 1320 3181 1372 3241; x_wconf 91' lang='lat' dir='ltr'><strong>est</strong></span> <span class='ocrx_word' id='word_1_161' title='bbox 1384 3175 1548 3266; x_wconf 75' lang='lat' dir='ltr'><strong>civiliter:</strong></span> 
     </span>
     <span class='ocr_line' id='line_1_24' title="bbox 375 3283 1552 3369; baseline -0.002 -21"><span class='ocrx_word' id='word_1_162' title='bbox 375 3285 423 3348; x_wconf 89' lang='lat' dir='ltr'><strong>ite</strong></span> <span class='ocrx_word' id='word_1_163' title='bbox 434 3289 495 3348; x_wconf 92' lang='lat' dir='ltr'><strong>art.</strong></span> <span class='ocrx_word' id='word_1_164' title='bbox 513 3286 572 3350; x_wconf 74' lang='lat' dir='ltr'><strong>tas</strong></span> <span class='ocrx_word' id='word_1_165' title='bbox 587 3284 665 3350; x_wconf 84' lang='lat' dir='ltr'><strong>Cod.</strong></span> <span class='ocrx_word' id='word_1_166' title='bbox 682 3286 747 3350; x_wconf 81' lang='lat' dir='ltr'><strong>civ.</strong></span> <span class='ocrx_word' id='word_1_167' title='bbox 764 3285 893 3369; x_wconf 86' lang='lat' dir='ltr'><strong>injure</strong></span> <span class='ocrx_word' id='word_1_168' title='bbox 913 3285 1048 3363; x_wconf 87' lang='lat' dir='ltr'><strong>Gallico,</strong></span> <span class='ocrx_word' id='word_1_169' title='bbox 1065 3285 1218 3351; x_wconf 80' lang='lat' dir='ltr'><strong>extranei</strong></span> <span class='ocrx_word' id='word_1_170' title='bbox 1240 3303 1311 3350; x_wconf 91' lang='lat' dir='ltr'><strong>non</strong></span> <span class='ocrx_word' id='word_1_171' title='bbox 1325 3283 1552 3349; x_wconf 85' lang='lat' dir='ltr'><strong>excluduntur</strong></span> 
     </span>
     <span class='ocr_line' id='line_1_25' title="bbox 375 3394 1400 3459; baseline 0.002 -3"><span class='ocrx_word' id='word_1_172' title='bbox 375 3410 395 3456; x_wconf 87' lang='lat' dir='ltr'><strong>a</strong></span> <span class='ocrx_word' id='word_1_173' title='bbox 411 3394 693 3459; x_wconf 84' lang='lat' dir='ltr'><strong>successionibus.</strong></span> <span class='ocrx_word' id='word_1_174' title='bbox 1397 3455 1400 3458; x_wconf 84' lang='lat'>.</span> 
     </span>
    </p>

    <p class='ocr_par' dir='ltr' id='par_1_9' title="bbox 375 3499 1554 4338">
     <span class='ocr_line' id='line_1_26' title="bbox 415 3499 1548 3584; baseline -0.002 -20"><span class='ocrx_word' id='word_1_175' title='bbox 415 3501 447 3564; x_wconf 66' lang='lat'><strong>2⁰</strong></span> <span class='ocrx_word' id='word_1_176' title='bbox 464 3501 573 3566; x_wconf 87' lang='lat' dir='ltr'><strong>Titulo</strong></span> <span class='ocrx_word' id='word_1_177' title='bbox 591 3502 815 3584; x_wconf 79' lang='lat' dir='ltr'><strong>iadipaitatis,</strong></span> <span class='ocrx_word' id='word_1_178' title='bbox 834 3521 876 3567; x_wconf 84' lang='lat' dir='ltr'><strong>ex</strong></span> <span class='ocrx_word' id='word_1_179' title='bbox 890 3508 952 3568; x_wconf 92' lang='lat' dir='ltr'><strong>art.</strong></span> <span class='ocrx_word' id='word_1_180' title='bbox 967 3503 1037 3579; x_wconf 76' lang='lat' dir='ltr'><strong>tar,</strong></span> <span class='ocrx_word' id='word_1_181' title='bbox 1050 3503 1110 3567; x_wconf 66' lang='lat'><strong>728</strong></span> <span class='ocrx_word' id='word_1_182' title='bbox 1124 3501 1203 3568; x_wconf 85' lang='lat' dir='ltr'><strong>Cod.</strong></span> <span class='ocrx_word' id='word_1_183' title='bbox 1215 3503 1293 3578; x_wconf 74' lang='lat' dir='ltr'><strong>civ,</strong></span> <span class='ocrx_word' id='word_1_184' title='bbox 1307 3499 1548 3566; x_wconf 83' lang='lat' dir='ltr'><strong>excluduntur:</strong></span> 
     </span>
     <span class='ocr_line' id='line_1_27' title="bbox 376 3592 1549 3694; baseline -0.001 -23"><span class='ocrx_word' id='word_1_185' title='bbox 376 3607 433 3691; x_wconf 93' lang='lat' dir='ltr'><strong>qui</strong></span> <span class='ocrx_word' id='word_1_186' title='bbox 448 3609 696 3673; x_wconf 87' lang='lat' dir='ltr'><strong>condemnatus</strong></span> <span class='ocrx_word' id='word_1_187' title='bbox 709 3611 774 3674; x_wconf 88' lang='lat' dir='ltr'><strong>fuit</strong></span> <span class='ocrx_word' id='word_1_188' title='bbox 787 3592 927 3694; x_wconf 89' lang='lat' dir='ltr'><strong>propter</strong></span> <span class='ocrx_word' id='word_1_189' title='bbox 940 3615 1108 3694; x_wconf 88' lang='lat' dir='ltr'><strong>patratam</strong></span> <span class='ocrx_word' id='word_1_190' title='bbox 1122 3609 1177 3675; x_wconf 87' lang='lat' dir='ltr'><strong>vel</strong></span> <span class='ocrx_word' id='word_1_191' title='bbox 1188 3613 1390 3674; x_wconf 89' lang='lat' dir='ltr'><strong>attentatam</strong></span> <span class='ocrx_word' id='word_1_192' title='bbox 1402 3605 1549 3673; x_wconf 86' lang='lat' dir='ltr'><strong>defuncti</strong></span> 
     </span>
     <span class='ocr_line' id='line_1_28' title="bbox 375 3715 1551 3801; baseline 0.001 -23"><span class='ocrx_word' id='word_1_193' title='bbox 375 3715 658 3794; x_wconf 88' lang='lat' dir='ltr'><strong>interfectionem,</strong></span> <span class='ocrx_word' id='word_1_194' title='bbox 675 3716 797 3782; x_wconf 90' lang='lat' dir='ltr'><strong>deinde</strong></span> <span class='ocrx_word' id='word_1_195' title='bbox 814 3718 872 3801; x_wconf 92' lang='lat' dir='ltr'><strong>qui</strong></span> <span class='ocrx_word' id='word_1_196' title='bbox 885 3719 1137 3784; x_wconf 88' lang='lat' dir='ltr'><strong>accusationem</strong></span> <span class='ocrx_word' id='word_1_197' title='bbox 1151 3715 1330 3801; x_wconf 87' lang='lat' dir='ltr'><strong>capitalem</strong></span> <span class='ocrx_word' id='word_1_198' title='bbox 1342 3716 1551 3782; x_wconf 86' lang='lat' dir='ltr'><strong>calumniose</strong></span> 
     </span>
     <span class='ocr_line' id='line_1_29' title="bbox 376 3823 1552 3912; baseline 0.001 -26"><span class='ocrx_word' id='word_1_199' title='bbox 376 3823 453 3887; x_wconf 93' lang='lat' dir='ltr'><strong>tulit</strong></span> <span class='ocrx_word' id='word_1_200' title='bbox 475 3830 594 3889; x_wconf 88' lang='lat' dir='ltr'><strong>contra</strong></span> <span class='ocrx_word' id='word_1_201' title='bbox 614 3825 828 3902; x_wconf 89' lang='lat' dir='ltr'><strong>defunctum;</strong></span> <span class='ocrx_word' id='word_1_202' title='bbox 845 3826 984 3892; x_wconf 90' lang='lat' dir='ltr'><strong>taudem</strong></span> <span class='ocrx_word' id='word_1_203' title='bbox 1007 3827 1065 3912; x_wconf 93' lang='lat' dir='ltr'><strong>qui</strong></span> <span class='ocrx_word' id='word_1_204' title='bbox 1088 3845 1158 3891; x_wconf 88' lang='lat' dir='ltr'><strong>nou</strong></span> <span class='ocrx_word' id='word_1_205' title='bbox 1178 3825 1393 3890; x_wconf 88' lang='lat' dir='ltr'><strong>denuntiavit</strong></span> <span class='ocrx_word' id='word_1_206' title='bbox 1412 3823 1552 3890; x_wconf 89' lang='lat' dir='ltr'><strong>molian-</strong></span> 
     </span>
     <span class='ocr_line' id='line_1_30' title="bbox 377 3931 1553 4018; baseline 0.001 -24"><span class='ocrx_word' id='word_1_207' title='bbox 377 3936 447 3995; x_wconf 90' lang='lat' dir='ltr'><strong>tem</strong></span> <span class='ocrx_word' id='word_1_208' title='bbox 462 3931 612 3998; x_wconf 85' lang='lat' dir='ltr'><strong>defuncti</strong></span> <span class='ocrx_word' id='word_1_209' title='bbox 626 3933 907 4011; x_wconf 87' lang='lat' dir='ltr'><strong>internecionem,</strong></span> <span class='ocrx_word' id='word_1_210' title='bbox 925 3935 1061 4018; x_wconf 88' lang='lat' dir='ltr'><strong>quando</strong></span> <span class='ocrx_word' id='word_1_211' title='bbox 1082 3940 1184 3999; x_wconf 87' lang='lat' dir='ltr'><strong>autea</strong></span> <span class='ocrx_word' id='word_1_212' title='bbox 1205 3937 1415 4016; x_wconf 85' lang='lat' dir='ltr'><strong>compertam</strong></span> <span class='ocrx_word' id='word_1_213' title='bbox 1434 3932 1553 3996; x_wconf 87' lang='lat' dir='ltr'><strong>habuit</strong></span> 
     </span>
     <span class='ocr_line' id='line_1_31' title="bbox 375 4038 1552 4122; baseline 0.002 -20"><span class='ocrx_word' id='word_1_214' title='bbox 375 4038 463 4103; x_wconf 89' lang='lat' dir='ltr'><strong>hauc</strong></span> <span class='ocrx_word' id='word_1_215' title='bbox 490 4059 688 4122; x_wconf 91' lang='lat' dir='ltr'><strong>perversam</strong></span> <span class='ocrx_word' id='word_1_216' title='bbox 715 4041 939 4106; x_wconf 88' lang='lat' dir='ltr'><strong>molitionem.</strong></span> <span class='ocrx_word' id='word_1_217' title='bbox 968 4041 1095 4106; x_wconf 87' lang='lat' dir='ltr'><strong>Tamen</strong></span> <span class='ocrx_word' id='word_1_218' title='bbox 1123 4042 1152 4105; x_wconf 90' lang='lat' dir='ltr'><strong>si</strong></span> <span class='ocrx_word' id='word_1_219' title='bbox 1179 4042 1300 4106; x_wconf 90' lang='lat' dir='ltr'><strong>fuisset</strong></span> <span class='ocrx_word' id='word_1_220' title='bbox 1327 4040 1552 4106; x_wconf 84' lang='lat' dir='ltr'><strong>interfectoris</strong></span> 
     </span>
     <span class='ocr_line' id='line_1_32' title="bbox 376 4146 1554 4228; baseline 0.001 -17"><span class='ocrx_word' id='word_1_221' title='bbox 376 4153 543 4228; x_wconf 82' lang='lat' dir='ltr'><strong>cognatus</strong></span> <span class='ocrx_word' id='word_1_222' title='bbox 564 4153 624 4213; x_wconf 91' lang='lat' dir='ltr'><strong>aut</strong></span> <span class='ocrx_word' id='word_1_223' title='bbox 638 4149 760 4228; x_wconf 87' lang='lat' dir='ltr'><strong>affinis,</strong></span> <span class='ocrx_word' id='word_1_224' title='bbox 777 4154 1007 4226; x_wconf 86' lang='lat' dir='ltr'><strong>excusaretur,</strong></span> <span class='ocrx_word' id='word_1_225' title='bbox 1025 4153 1064 4212; x_wconf 89' lang='lat' dir='ltr'><strong>ut</strong></span> <span class='ocrx_word' id='word_1_226' title='bbox 1081 4153 1215 4214; x_wconf 90' lang='lat' dir='ltr'><strong>constat</strong></span> <span class='ocrx_word' id='word_1_227' title='bbox 1234 4168 1276 4214; x_wconf 86' lang='lat' dir='ltr'><strong>ex</strong></span> <span class='ocrx_word' id='word_1_228' title='bbox 1297 4146 1427 4212; x_wconf 89' lang='lat' dir='ltr'><strong>eisdem</strong></span> <span class='ocrx_word' id='word_1_229' title='bbox 1441 4153 1504 4212; x_wconf 89' lang='lat' dir='ltr'><strong>art.</strong></span> <span class='ocrx_word' id='word_1_230' title='bbox 1519 4153 1554 4212; x_wconf 90' lang='lat' dir='ltr'><strong>et</strong></span> 
     </span>
     <span class='ocr_line' id='line_1_33' title="bbox 378 4256 1183 4338; baseline 0.001 -21"><span class='ocrx_word' id='word_1_231' title='bbox 378 4273 421 4318; x_wconf 82' lang='lat' dir='ltr'><strong>ex</strong></span> <span class='ocrx_word' id='word_1_232' title='bbox 433 4271 537 4338; x_wconf 92' lang='lat' dir='ltr'><strong>supra</strong></span> <span class='ocrx_word' id='word_1_233' title='bbox 552 4256 649 4321; x_wconf 90' lang='lat' dir='ltr'><strong>dictis</strong></span> <span class='ocrx_word' id='word_1_234' title='bbox 662 4257 703 4321; x_wconf 90' lang='lat' dir='ltr'><strong>de</strong></span> <span class='ocrx_word' id='word_1_235' title='bbox 716 4256 933 4322; x_wconf 90' lang='lat' dir='ltr'><strong>revocatione</strong></span> <span class='ocrx_word' id='word_1_236' title='bbox 949 4257 1183 4322; x_wconf 89' lang='lat' dir='ltr'><strong>donationum.</strong></span> 
     </span>
    </p>

    <p class='ocr_par' dir='ltr' id='par_1_10' title="bbox 377 4362 1553 4772">
     <span class='ocr_line' id='line_1_34' title="bbox 418 4362 1553 4450; baseline 0 -24"><span class='ocrx_word' id='word_1_237' title='bbox 418 4362 448 4446; x_wconf 84' lang='lat' dir='ltr'><strong>b)</strong></span> <span class='ocrx_word' id='word_1_238' title='bbox 463 4362 540 4447; x_wconf 87' lang='lat' dir='ltr'><strong>lpsa</strong></span> <span class='ocrx_word' id='word_1_239' title='bbox 553 4365 749 4448; x_wconf 88' lang='lat' dir='ltr'><strong>acceptatio,</strong></span> <span class='ocrx_word' id='word_1_240' title='bbox 769 4385 813 4430; x_wconf 86' lang='lat' dir='ltr'><strong>ex</strong></span> <span class='ocrx_word' id='word_1_241' title='bbox 824 4367 902 4448; x_wconf 87' lang='lat' dir='ltr'><strong>jure</strong></span> <span class='ocrx_word' id='word_1_242' title='bbox 918 4365 1053 4442; x_wconf 90' lang='lat' dir='ltr'><strong>Gallico,</strong></span> <span class='ocrx_word' id='word_1_243' title='bbox 1067 4369 1182 4448; x_wconf 90' lang='lat' dir='ltr'><strong>potest</strong></span> <span class='ocrx_word' id='word_1_244' title='bbox 1196 4365 1268 4430; x_wconf 87' lang='lat' dir='ltr'><strong>fleri</strong></span> <span class='ocrx_word' id='word_1_245' title='bbox 1284 4365 1478 4450; x_wconf 82' lang='lat' dir='ltr'><strong>simpliciter</strong></span> <span class='ocrx_word' id='word_1_246' title='bbox 1498 4363 1553 4430; x_wconf 86' lang='lat' dir='ltr'><strong>vel</strong></span> 
     </span>
     <span class='ocr_line' id='line_1_35' title="bbox 378 4472 1553 4556; baseline 0.003 -23"><span class='ocrx_word' id='word_1_247' title='bbox 378 4472 441 4534; x_wconf 91' lang='lat' dir='ltr'><strong>sub</strong></span> <span class='ocrx_word' id='word_1_248' title='bbox 466 4472 631 4538; x_wconf 84' lang='lat' dir='ltr'><strong>beneflcio</strong></span> <span class='ocrx_word' id='word_1_249' title='bbox 656 4475 862 4538; x_wconf 80' lang='lat' dir='ltr'><strong>inventarii:</strong></span> <span class='ocrx_word' id='word_1_250' title='bbox 876 4473 924 4539; x_wconf 86' lang='lat' dir='ltr'><strong>ita</strong></span> <span class='ocrx_word' id='word_1_251' title='bbox 937 4478 999 4538; x_wconf 88' lang='lat' dir='ltr'><strong>art.</strong></span> <span class='ocrx_word' id='word_1_252' title='bbox 1016 4473 1085 4538; x_wconf 76' lang='lat'><strong>774.</strong></span> <span class='ocrx_word' id='word_1_253' title='bbox 1105 4472 1144 4537; x_wconf 92' lang='lat' dir='ltr'><strong>lu</strong></span> <span class='ocrx_word' id='word_1_254' title='bbox 1154 4475 1233 4556; x_wconf 86' lang='lat' dir='ltr'><strong>jure</strong></span> <span class='ocrx_word' id='word_1_255' title='bbox 1247 4473 1358 4548; x_wconf 86' lang='lat' dir='ltr'><strong>Rom,</strong></span> <span class='ocrx_word' id='word_1_256' title='bbox 1374 4473 1494 4549; x_wconf 79' lang='lat' dir='ltr'><strong>haeres,</strong></span> <span class='ocrx_word' id='word_1_257' title='bbox 1510 4489 1553 4537; x_wconf 81' lang='lat' dir='ltr'><strong>ex</strong></span> 
     </span>
     <span class='ocr_line' id='line_1_36' title="bbox 377 4579 1552 4662; baseline 0 -19"><span class='ocrx_word' id='word_1_258' title='bbox 377 4579 608 4662; x_wconf 85' lang='lat' dir='ltr'><strong>acceptatione</strong></span> <span class='ocrx_word' id='word_1_259' title='bbox 618 4580 837 4658; x_wconf 76' lang='lat' dir='ltr'><strong>haereditatis,</strong></span> <span class='ocrx_word' id='word_1_260' title='bbox 851 4581 1030 4646; x_wconf 88' lang='lat' dir='ltr'><strong>tenebatur</strong></span> <span class='ocrx_word' id='word_1_261' title='bbox 1041 4579 1174 4646; x_wconf 88' lang='lat' dir='ltr'><strong>solvere</strong></span> <span class='ocrx_word' id='word_1_262' title='bbox 1186 4581 1302 4645; x_wconf 92' lang='lat' dir='ltr'><strong>omnia</strong></span> <span class='ocrx_word' id='word_1_263' title='bbox 1316 4579 1440 4656; x_wconf 87' lang='lat' dir='ltr'><strong>debita,</strong></span> <span class='ocrx_word' id='word_1_264' title='bbox 1449 4580 1552 4644; x_wconf 90' lang='lat' dir='ltr'><strong>etiam</strong></span> 
     </span>
     <span class='ocr_line' id='line_1_37' title="bbox 377 4685 1551 4772; baseline 0.002 -24"><span class='ocrx_word' id='word_1_265' title='bbox 377 4685 466 4752; x_wconf 91' lang='lat' dir='ltr'><strong>ultra</strong></span> <span class='ocrx_word' id='word_1_266' title='bbox 479 4687 570 4752; x_wconf 89' lang='lat' dir='ltr'><strong>vires</strong></span> <span class='ocrx_word' id='word_1_267' title='bbox 583 4688 809 4766; x_wconf 66' lang='lat' dir='ltr'><strong>haereditatis;</strong></span> <span class='ocrx_word' id='word_1_268' title='bbox 825 4689 967 4772; x_wconf 88' lang='lat' dir='ltr'><strong>proinde</strong></span> <span class='ocrx_word' id='word_1_269' title='bbox 982 4706 1051 4753; x_wconf 90' lang='lat' dir='ltr'><strong>non</strong></span> <span class='ocrx_word' id='word_1_270' title='bbox 1066 4687 1205 4769; x_wconf 85' lang='lat' dir='ltr'><strong>vigebat</strong></span> <span class='ocrx_word' id='word_1_271' title='bbox 1217 4687 1273 4754; x_wconf 89' lang='lat' dir='ltr'><strong>ille</strong></span> <span class='ocrx_word' id='word_1_272' title='bbox 1289 4687 1414 4771; x_wconf 85' lang='lat' dir='ltr'><strong>duplex</strong></span> <span class='ocrx_word' id='word_1_273' title='bbox 1428 4687 1551 4754; x_wconf 91' lang='lat' dir='ltr'><strong>modus</strong></span> 
     </span>
    </p>
   </div>
   <div class='ocr_carea' id='block_1_6' title="bbox 0 0 1760 5572">
    <p class='ocr_par' dir='ltr' id='par_1_11' title="bbox 0 0 1760 5572">
     <span class='ocr_line' id='line_1_38' title="bbox 0 0 1760 5572; baseline 0 0"><span class='ocrx_word' id='word_1_274' title='bbox 0 0 1760 5572; x_wconf 95' lang='lat' dir='ltr'><strong> </strong></span> 
     </span>
    </p>
   </div>
  </div>
 </body>
</html>
