3510 5574
364 551 424 620 106
824 578 875 626 rus
897 577 1080 664 essemque.

364 689 431 753 Sed
445 689 534 756 ultra
547 690 623 755 illos
638 691 735 768 duos,
755 693 932 778 episcopus
955 697 990 760 in
1004 698 1142 762 servitio
1167 717 1230 765 suo
1244 715 1409 784 occupare
1424 703 1542 785 nequit

361 797 556 875 canonicos,
573 799 621 864 ite
636 805 675 864 ut
687 799 980 884 dispensationem
994 802 1184 887 legitimam
1198 805 1245 872 illi
1260 808 1408 874 habeant
1422 827 1443 876 a
1457 812 1539 873 resi-

371 903 486 970 ‹lentie
500 907 605 988 (eone.
622 905 724 985 Trid„
741 926 769 973 e.
784 909 835 986 st,
852 928 882 974 c.
899 911 948 987 te,
966 911 1008 976 de
1019 911 1194 1000 Resona).

400 1014 598 1099 dl'laudem
614 1022 736 1102 qurerta
747 1037 851 1085 ceusu
865 1007 918 1085 es't
932 1021 1074 1088 evidens
1092 1025 1225 1090 utititas
1238 1023 1395 1093 Eretriae
1410 1027 1466 1092 uel
1476 1029 1540 1092 rei-

358 1123 511 1210 publice.
524 1123 677 1200 Quetnor
690 1133 771 1190 sunt
783 1128 945 1212 praecipui
959 1148 1058 1196 cesus
1072 1151 1079 1194 :
1091 1133 1123 1196 l⁰
1133 1133 1162 1196 si
1172 1133 1262 1198 absit
1272 1133 1414 1200 clericus
1425 1135 1470 1200 ad
1483 1135 1541 1200 de-

360 1231 532 1298 fendenda
544 1251 615 1298 sure
629 1235 781 1300 ecelesiae
791 1238 881 1319 jura,
894 1236 950 1302 vel
963 1237 1059 1304 litem
1074 1257 1177 1324 super
1189 1241 1230 1305 iis
1247 1243 1539 1326 prosequendem3

360 1339 392 1403 2⁰
408 1341 437 1404 si
461 1347 603 1407 vocatus
624 1347 717 1408 esset
735 1343 780 1408 ad
804 1345 974 1427 synodum
994 1348 1203 1428 generalem,
1219 1348 1464 1434 provincialem
1486 1351 1540 1414 val

360 1445 606 1526 dioecesenam;
629 1451 662 1513 3·
681 1451 710 1514 si
731 1451 891 1534 exigente
920 1453 1069 1518 evidenti
1096 1455 1290 1540 reipublicae
1315 1459 1536 1534 necessitate,

359 1555 469 1620 obiret
482 1574 609 1621 munus
623 1559 769 1622 oratoris
783 1563 843 1624 aut
855 1558 970 1642 legati,
988 1560 1044 1625 vel
1056 1563 1091 1626 in
1105 1581 1242 1628 camera
1261 1571 1461 1630 senatorum
1481 1572 1541 1630 eut

358 1664 395 1728 in
408 1664 486 1730 aule
500 1664 742 1749 deputatorum
757 1667 894 1732 sederet
907 1669 960 1751 (l);
970 1669 1004 1733 4⁰
1015 1671 1185 1754 praecipue
1201 1672 1229 1736 si
1245 1673 1333 1738 ebsit
1347 1673 1539 1740 studiorum

358 1789 476 1851 eeusa3
488 1791 570 1838 nam
582 1775 656 1840 haec
668 1793 774 1842 werrares
787 1777 969 1842 utilitatem
983 1778 1138 1846 Ecclesiae
1152 1783 1338 1860 concernit,
1349 1799 1388 1848 ec
1397 1782 1539 1866 proinde

359 1887 412 1946 est
426 1883 599 1948 suittciens
608 1884 651 1948 ed
663 1885 913 1969 impetrandum
925 1887 1127 1954 beneticieto
1136 1887 1310 1955 licentiam
1321 1892 1406 1954 utin
1416 1889 1540 1955 scholis

358 1989 501 2074 publicis
522 1990 703 2074 theologie
725 1997 760 2058 et
771 1993 841 2076 juri
855 1990 1020 2060 canonico
1036 2013 1158 2062 vacere
1176 1998 1295 2080 possit.
1312 1997 1381 2062 lioo
1404 1997 1540 2082 privile·
1581 1983 1584 1992 '

358 2099 455 2180 glum
468 2101 741 2166 communicatur
754 2105 825 2166 tem
840 2103 1040 2168 docentibus
1053 2121 1157 2188 quam
1169 2105 1388 2182 discentibus,
1400 2105 1454 2170 hie
1466 2106 1540 2189 qui·

359 2207 438 2272 dem
456 2221 518 2291 per
538 2209 688 2292 quinque
702 2227 823 2286 anuos,
840 2208 906 2276 illis
920 2216 1037 2277 autem
1051 2213 1125 2277 sine
1140 2211 1344 2279 limitatione
1359 2213 1534 2296 temporis.

358 2313 424 2379 Sed
450 2315 516 2382 hoc
540 2315 757 2400 privilegium
782 2335 803 2380 a
828 2317 915 2382 iliu.
937 2319 1137 2402 ademptum
1165 2326 1219 2385 est
1239 2319 1371 2386 clericis
1397 2321 1535 2386 curetis.

357 2422 507 2500 Quaestio
520 2421 604 2500 haec,
616 2423 699 2490 olim
709 2425 811 2490 dubie
818 2430 958 2509 propter
966 2429 1151 2494 verborum
1158 2429 1403 2494 obscuritatem
1410 2429 1535 2513 quibus

357 2549 460 2595 usum
483 2537 558 2597 erat
573 2530 767 2610 concilium,
790 2550 882 2597 nunc
906 2533 1045 2601 delinita
1070 2541 1124 2600 est
1147 2535 1303 2618 eCongr.
1320 2535 1420 2602 Cone.
1443 2535 1535 2619 (Vide

356 2639 546 2716 Reiffenst„
561 2639 595 2704 h.
613 2643 637 2704 t.
654 2657 687 2704 n.
703 2641 744 2704 te
758 2643 877 2725 seqq).

397 2749 425 2831 e)
449 2749 619 2830 Queritur
645 2765 722 2832 que
745 2749 814 2814 sint
838 2751 1045 2816 conditiones
1066 2754 1236 2836 requisitae
1260 2762 1300 2816 ut
1324 2753 1525 2835 beneficiate

356 2857 488 2922 ratione
509 2857 700 2922 studiorum
723 2865 901 2922 excusetur
919 2879 944 2923 a
965 2861 1174 2927 residentia?
1193 2861 1294 2946 Resp.
1319 2863 1351 2924 1·
1373 2860 1431 2925 llle
1456 2860 1537 2925 dare

356 2963 458 3028 debet
471 2983 611 3049 operam
622 2965 804 3048 theologice
819 2966 875 3031 vel
885 2969 955 3050 juri
969 2969 1145 3046 canonico,
1158 2987 1229 3036 non
1244 2968 1319 3034 aliis
1333 2966 1536 3052 disciplinis;

356 3072 388 3134 π
399 3071 474 3136 istis
488 3073 610 3138 studiis
625 3091 662 3138 se
677 3074 874 3158 impendere
891 3075 928 3138 in
949 3075 1063 3160 aliqua
1082 3076 1303 3142 universitate
1324 3076 1381 3141 vel
1402 3074 1538 3159 publica

356 3179 486 3258 schola;
501 3183 535 3246 3⁰
550 3201 622 3248 non
644 3183 829 3266 requiritur
853 3183 991 3250 licentia
1013 3185 1163 3268 episcopi
1187 3189 1225 3250 ut
1249 3185 1441 3249 beneficiati
1466 3203 1537 3249 non

355 3291 463 3355 curati
476 3291 668 3356 studiorum
680 3309 785 3358 cause
797 3311 859 3376 per
873 3293 1146 3377 quinquennium
1160 3295 1281 3359 abesse
1295 3293 1437 3376 possint,
1453 3309 1536 3358 nam

354 3397 428 3468 haec
441 3400 722 3488 facultasoPepe
732 3407 810 3488 jure
826 3405 1002 3470 communi
1015 3423 1180 3470 concessa
1192 3410 1257 3469 est.
1519 3469 1522 3474 .

396 3510 432 3574 Si
444 3530 513 3596 qua
535 3531 578 3598 en
593 3513 647 3578 liis
668 3518 816 3598 quatuor
834 3515 946 3586 censis
964 3521 1129 3591 occurret,
1145 3513 1289 3579 clericus
1310 3511 1401 3578 licite
1423 3517 1537 3596 potest

356 3617 489 3698 abesse,
514 3620 578 3684 etsi
602 3621 708 3686 luerit
730 3623 967 3704 juramentum
990 3621 1032 3686 de
1059 3621 1241 3686 residendo
1258 3620 1297 3704 (c.
1314 3621 1354 3684 ti
1367 3619 1441 3704 huj.
1456 3619 1532 3702 tit).

355 3727 463 3802 Ratio,
485 3729 565 3812 quia
580 3727 647 3794 tels
659 3731 908 3812 juramentum,
924 3731 960 3794 in
974 3731 1119 3795 materia
1129 3723 1219 3814 ῥιπὶς
1238 3731 1385 3804 iactum,
1415 3727 1535 3809 recipit

354 3834 672 3918 interpretationem
697 3856 719 3902 e
744 3841 823 3920 jure
853 3839 1038 3914 communi,
1073 3855 1113 3902 ec
1141 3835 1283 3921 proinde
1314 3836 1405 3902 hane
1433 3835 1536 3900 habet

354 3942 553 4026 implicitam
573 3943 816 4021 conditionem,
842 3945 907 4010 nisi
926 3948 1021 4028 justa
1034 3963 1138 4010 cauea
1152 3943 1366 4010 eresidendo
1380 3946 1532 4008 excuset.

395 4049 615 4134 anilegtum
629 4071 701 4118 non
721 4053 893 4118 residendi
913 4051 1026 4117 delicit
1052 4053 1134 4117 dum
1156 4051 1298 4117 ecclesie
1316 4069 1360 4114 ex
1380 4048 1535 4116 absentia

354 4159 649 4242 privilegiatorum
663 4160 812 4226 notabile
827 4159 992 4226 damnum
1004 4167 1041 4224 et
1057 4161 1304 4226 detrimentum
1320 4157 1434 4222 cultus
1448 4157 1534 4239 pati-

354 4274 411 4334 tur
423 4269 464 4350 (c.
479 4270 518 4333 16
536 4287 586 4352 pr.
602 4269 652 4333 tit.
668 4269 746 4338 Non
760 4271 870 4352 euml.
888 4268 1044 4334 Pontifex
1058 4287 1129 4334 non
1148 4265 1223 4332 vult
1240 4273 1280 4331 nt
1298 4266 1441 4332 ecclesie
1458 4263 1530 4328 tuli·

353 4377 418 4441 bus
440 4375 628 4460 privilegiis
649 4375 844 4442 notabiliter
866 4383 1110 4460 praegravetur.
1133 4377 1196 4441 Sic.
1218 4393 1252 4439 v.
1267 4393 1302 4456 g.
1315 4374 1470 4438 canonici
1491 4391 1533 4438 eo

353 4491 507 4569 ternpore
522 4504 590 4570 quo
604 4483 694 4550 licite
713 4486 832 4550 abesse
850 4489 1007 4568 possunt,
1023 4502 1093 4548 non
1109 4499 1231 4548 omnes
1253 4481 1366 4558 sinaut,
1383 4481 1444 4545 sed
1459 4497 1532 4544 suo

385 4641 419 4706 (l)
433 4641 473 4691 tn
487 4641 604 4706 episcopi
617 4642 664 4707 qui
678 4641 735 4694 istis
748 4641 862 4708 puhlicis
876 4641 990 4693 comitiis
1003 4641 1144 4702 intersunt,
1160 4637 1412 4703 indigeantlirentia
1428 4635 1531 4686 Summi

353 4722 487 4776 Pontitieis
501 4721 577 4788 (vide
591 4721 682 4774 lucidi
696 4735 740 4788 op.
756 4737 836 4788 supra
849 4723 969 4784 ei‘tatum,
982 4719 1035 4773 vol.
1051 4721 1070 4771 l.
1086 4733 1114 4771 n.
1130 4719 1185 4782 tto,
1201 4718 1275 4782 till?
