3504 5566
360 603 418 667 lie
819 623 869 668 sus
890 619 1068 668 cavomonte.
1121 591 1126 600 '

359 737 502 812 proxime
517 741 734 797 removeantur.
751 736 850 796 Altera
862 735 953 796 linem
973 735 1085 796 habent
1098 729 1257 792 revocandi
1277 728 1486 804 delinquentes
1501 733 1534 788 ut

264 831 271 838 '
360 829 479 902 sepiant
488 833 686 904 reperentque
699 827 824 888 admissi
835 827 972 888 criminis
985 822 1230 898 consequentias.

395 920 440 977 lll.
457 917 654 977 conscientie
669 921 697 976 et
710 917 877 993 prudentie
894 917 1036 976 ordinarii
1050 915 1158 974 borum
1173 911 1375 972 remediorum
1388 907 1536 970 incumbit

359 1007 529 1082 applicatio,
541 1008 629 1082 juxte
642 1022 793 1068 canonum
808 1007 1063 1082 prescriptiones,
1077 1011 1107 1066 et
1124 1017 1250 1066 cenum
1264 1001 1535 1076 adjunctorumque

360 1097 545 1173 gravitatem.

395 1188 441 1246 ltl.
453 1187 630 1263 mediisque
638 1193 822 1262 presentent
833 1187 984 1263 precipue
997 1189 1196 1248 accensentur
1206 1179 1375 1257 spiritualia
1383 1177 1535 1248 exercitia,

361 1277 542 1338 monitiones
555 1283 584 1338 et
596 1285 752 1354 precepta.

396 1369 429 1426 V.
446 1370 505 1426 lias
528 1368 717 1442 provisiones
742 1370 909 1442 precedere
923 1369 1011 1430 debet
1035 1365 1200 1430 summaria
1220 1363 1290 1424 lecti
1315 1359 1537 1438 cognitioque

360 1456 397 1515 ab
425 1457 575 1516 ordinario
597 1459 730 1518 notanda
749 1465 805 1531 est,
828 1459 914 1520 ntocl
935 1459 1084 1519 ulteriora
1103 1455 1273 1531 procedere,
1295 1458 1446 1528 quatenus
1460 1461 1537 1523 opus

360 1547 410 1618 sit,
425 1551 455 1605 et
468 1548 624 1606 certiorem
639 1549 762 1609 reddere
776 1555 866 1626 queat
886 1550 1071 1624 superiorem
1086 1547 1304 1616 auctoritatem,
1318 1543 1350 1602 in
1371 1555 1445 1602 casu
1464 1538 1537 1614 legi·

361 1637 426 1696 timi
441 1651 594 1697 recursus.

397 1727 443 1784 vl.
461 1728 617 1788 canonice
641 1729 822 1790 monitiones
837 1731 915 1790 liunt
930 1730 1038 1791 sivein
1058 1730 1154 1788 forme
1168 1729 1292 1801 patema
1306 1728 1336 1782 et
1352 1723 1468 1782 secreta
1487 1731 1539 1792 per

362 1816 520 1890 epistolam
539 1823 592 1876 aut
603 1833 657 1892 per
670 1819 876 1894 interpositam
893 1835 1064 1896 personam,
1079 1819 1143 1880 sive
1162 1817 1193 1876 in
1209 1816 1307 1876 forma
1320 1810 1420 1888 legali,
1441 1809 1483 1868 ita
1494 1812 1539 1868 te·

364 1921 431 1964 men
445 1911 479 1964 ut
488 1907 524 1965 de
538 1909 710 1968 earumdem
723 1912 918 1970 exsecutione
932 1914 1048 1970 constet
1062 1923 1100 1968 ex
1114 1908 1216 1981 aliquo
1228 1909 1307 1964 ectu.

399 2003 457 2058 Vll.
474 2003 627 2070 Quatenus
642 2002 839 2062 infructuose
861 2003 1043 2062 monitiones
1062 2000 1200 2070 evadant,
1221 1993 1392 2056 ordinarius
1405 1989 1541 2065 precipit

364 2090 455 2149 curiae
478 2095 512 2150 ut
531 2090 716 2166 delinquenti
744 2094 906 2168 analogum
927 2093 1104 2167 injungetur
1123 2093 1326 2171 preceptum,
1346 2085 1378 2142 in
1404 2097 1465 2156 quo
1493 2079 1541 2138 de·

364 2182 492 2242 claretur
514 2183 587 2256 quid
611 2183 707 2241 eidem
730 2183 881 2258 agendum
906 2187 958 2242 aut
977 2181 1175 2240 omittendum
1198 2178 1249 2248 sit,
1277 2169 1540 2246 correspondentis

364 2287 460 2346 pene
475 2272 686 2332 ecclesiastice
700 2273 943 2344 comminatione,
958 2287 1049 2347 quarn
1070 2271 1203 2330 incurret
1218 2267 1251 2328 in
1277 2279 1350 2326 casu
1370 2269 1541 2336 transgres-

366 2377 473 2422 sionis.
762 2410 766 2418 .

401 2454 472 2510 vill.
489 2455 674 2526 preceptum
695 2452 852 2511 intimatur
877 2455 1028 2524 prevento
1054 2465 1073 2510 a
1099 2449 1278 2510 cancellario
1306 2459 1407 2507 coram
1430 2440 1541 2502 vicario

367 2541 510 2618 generali,
533 2542 596 2600 sive
617 2555 715 2600 coram
730 2541 850 2600 duobus
865 2541 995 2600 testibus
1010 2539 1224 2600 ecelesiasticis
1242 2541 1295 2597 aut
1311 2535 1397 2595 lalcis
1411 2532 1542 2608 probate

368 2631 561 2706 integritatis.

402 2725 417 2792 p
435 2727 458 2778 t.
474 2724 566 2780 lictus
578 2719 776 2797 subsignatur
788 2735 805 2779 a
818 2721 956 2795 pertibus
971 2723 1235 2796 praesentibusete
1249 2723 1399 2794 prevento
1410 2729 1542 2792 quoque,

368 2813 396 2873 si
410 2811 491 2876 velit.

403 2902 420 2977 ξ
440 2907 467 2960 2.
487 2901 624 2961 vicarius
646 2903 795 2976 generalis
813 2903 940 2977 adjicere
959 2904 1037 2962 valet
1054 2903 1258 2978 juramentum
1282 2901 1420 2962 servandi
1446 2913 1541 2960 secre-

370 2999 445 3064 tum,
460 2997 610 3066 quatenus
623 2993 653 3052 id
669 2995 829 3065 prudenter
844 2999 962 3068 expetat
976 2996 1055 3055 tituli
1068 2995 1185 3056 indoles
1198 2996 1235 3054 de
1249 3009 1309 3068 quo
1324 2994 1432 3069 agitur.

406 3086 451 3141 lli.
472 3083 574 3152 Quoad
594 3082 724 3154 poenalia
744 3085 851 3154 media,
876 3085 1113 3144 animadvertent
1135 3083 1378 3144 reverendissimi
1400 3081 1543 3141 ordinarii

371 3173 509 3246 presenti
522 3171 721 3232 instructione
736 3175 816 3234 baud
830 3176 1005 3251 derogatum
1022 3192 1090 3236 esse
1099 3177 1281 3250 judiciorum
1291 3171 1543 3240 solemnitatibus,

370 3278 422 3337 per
437 3277 540 3322 sacros
555 3277 697 3334 canones,
714 3279 767 3337 per
781 3267 964 3338 apostolicas
991 3267 1223 3328 constitutiones
1237 3271 1267 3324 el
1294 3265 1368 3324 alies
1386 3263 1544 3323 ecelesias·

371 3353 445 3412 tices
468 3353 683 3426 dispositiones
705 3354 870 3427 imperatis,
895 3361 1044 3430 quatenus
1073 3357 1184 3416 eedem
1212 3356 1304 3414 libere
1328 3354 1545 3426 efficaciterque

370 3441 514 3515 applicari
528 3447 655 3515 queant;
672 3443 724 3502 sed
740 3445 931 3504 oeconomice
952 3446 1054 3504 lorme
1077 3445 1233 3505 consulere
1251 3445 1411 3503 intendunt
1424 3442 1484 3500 illis
1499 3455 1546 3499 ca·

371 3529 457 3591 sibus
479 3531 578 3605 iisque
598 3532 629 3590 in
653 3533 764 3606 quibus
786 3535 936 3594 solemnes
963 3549 1126 3608 processus
1155 3540 1207 3593 aut
1229 3534 1361 3592 adhiberi
1385 3535 1544 3604 nequeant,

370 3625 423 3679 eut
438 3635 497 3678 non
513 3623 652 3694 expedire
665 3623 833 3684 videantur.
853 3625 973 3684 Plenam
985 3641 1107 3699 quoque
1119 3626 1179 3683 vim
1194 3629 1292 3684 servat
1314 3639 1400 3682 suam
1417 3621 1545 3694 extrale-

370 3711 477 3770 diciele
499 3711 665 3770 remedium
688 3728 725 3771 ee
747 3714 914 3786 iesottneto
928 3717 1111 3775 couscientia
1135 3731 1189 3788 pro
1208 3713 1386 3773 criminibus
1407 3711 1544 3781 occultis,

371 3800 452 3873 quod
466 3801 596 3859 decrevit
619 3804 648 3860 S.
663 3803 835 3862 Tridentino
859 3805 993 3878 synodus
1013 3805 1044 3864 in
1066 3820 1144 3864 sess.
1164 3809 1206 3875 ll,
1222 3819 1287 3876 cap.
1312 3809 1322 3860 l
1347 3803 1382 3861 dc
1405 3801 1544 3873 belotae,

372 3889 584 3961 adhibendum,
600 3892 744 3951 cumillis
760 3894 873 3968 regulis
887 3899 916 3952 et
929 3894 1183 3954 reservationibus
1202 3909 1277 3968 ques
1295 3897 1468 3952 constanter
1488 3905 1548 3949 ser-

371 3982 452 4040 vavit
467 3983 603 4054 predicti
617 3985 724 4056 cepitis
744 3985 987 4058 interpretatione
1007 3989 1036 4044 C.
1053 3986 1251 4061 congregatio
1265 3986 1295 4042 in
1312 3985 1449 4058 pluribus
1464 3998 1545 4043 reso·

373 4072 550 4144 lotionibus,
565 4078 594 4131 et
607 4075 755 4148 precipue
770 4077 802 4134 z'e
816 4076 953 4135 Bosaiea.
969 4082 997 4134 et
1010 4077 1162 4146 Sirmieu,
1183 4081 1217 4133 20
1231 4075 1398 4134 decembris
1413 4079 1492 4132 1873.

408 4165 442 4222 Χ.
458 4165 555 4232 Quum
584 4165 703 4237 procedi
728 4171 863 4238 oporteat
888 4167 1092 4235 criminaliter,
1109 4167 1173 4225 sive
1188 4165 1376 4224 infractionis
1396 4166 1546 4237 precepti,

374 4257 426 4312 aut
453 4254 613 4313 eriminum
638 4257 859 4326 communium,
882 4257 931 4330 vel
955 4258 1055 4331 legum
1080 4257 1220 4316 Ecclesie
1243 4255 1415 4314 violationis
1444 4269 1547 4325 eausa,

374 4358 536 4416 processus
551 4345 657 4404 confici
682 4351 780 4418 potest
793 4347 898 4405 iormis
924 4347 1097 4406 summariis
1121 4352 1150 4404 et
1159 4347 1274 4418 absque
1286 4345 1392 4419 judicii
1409 4345 1547 4417 strepitu,

375 4434 501 4491 servetis
516 4447 635 4507 semper
649 4436 762 4512 regulis
773 4437 899 4511 justitie
915 4437 1174 4496 substantialibus.

410 4525 456 4582 ill.
470 4525 633 4585 Processus
642 4525 803 4586 instruitur
816 4542 853 4586 ex
868 4527 965 4601 officio
979 4532 1031 4586 aut
1044 4528 1073 4585 in
1088 4527 1240 4600 sequelam
1255 4525 1401 4599 supplicis
1414 4523 1507 4583 libelli
1522 4527 1551 4582 et

376 4613 514 4686 querele,
530 4621 583 4674 aut
597 4617 721 4688 notitiae,
736 4618 795 4676 alio
810 4620 909 4688 modo,
929 4635 947 4678 a
966 4619 1050 4678 ouria
1065 4618 1183 4689 habitae,
1202 4623 1231 4676 et
1250 4618 1288 4676 ed
1304 4617 1392 4675 linem
1412 4615 1549 4690 perduci·

378 4709 426 4762 tur
440 4719 476 4762 eo
489 4705 627 4776 consilio,
644 4712 677 4765 ut
692 4708 774 4766 omni
795 4709 896 4768 studio
920 4713 1009 4781 atque
1024 4707 1182 4780 prudentia
1202 4706 1311 4766 veritas
1333 4705 1499 4781 detegetur,
1521 4710 1551 4762 et

378 4793 509 4868 cognitio
524 4799 588 4854 tum
603 4797 750 4866 oriminis,
764 4813 834 4857 cum
849 4798 963 4858 reitetis
979 4803 1030 4858 aut
1044 4797 1222 4857 innocentiae
1237 4797 1383 4868 accusati,
1396 4801 1547 4870 exsurget.
