3510 5574
508 731 513 742 ὁ
566 661 653 705 arasa
676 661 803 708 rannus
826 659 1046 708 nncnaranruu.
1340 645 1396 709 aar

215 784 314 863 pecta
339 779 382 844 ad
406 783 515 866 totum
538 779 736 862 capitulum,
752 799 824 846 non
846 782 980 844 tantum
994 778 1038 843 ad
1061 778 1145 843 alias
1168 784 1282 862 partes
1298 781 1333 845 in
1348 781 1398 846 di·
1462 777 1463 780 ’

215 907 316 953 versa
336 888 513 952 abeuntes.
531 887 652 952 Sanior
671 906 749 971 pars
766 891 929 954 censetur
943 885 1002 950 illa
1016 903 1092 970 quae
1113 885 1290 968 dignitate,
1313 889 1400 954 iute-

216 997 338 1084 gritate
354 1000 389 1060 et
401 995 474 1061 zelo
497 995 638 1061 honoris
653 995 758 1060 divini
783 1014 822 1060 ac
844 995 927 1060 boni
948 993 1074 1078 publici
1093 994 1266 1080 praevalet.
1284 996 1350 1062 Sed
1364 999 1400 1062 in

217 1101 319 1168 dubio
344 1121 423 1186 pars
447 1105 559 1186 major
583 1107 745 1168 censetur
770 1103 874 1168 etiam
902 1103 1034 1178 sanior,
1058 1103 1250 1184 praesertim
1274 1104 1302 1167 si
1324 1101 1399 1168 duee

216 1217 329 1294 partes
357 1211 493 1294 capituli
508 1211 735 1276 consentiant.
752 1209 881 1275 Tamen
894 1209 1078 1294 aliquando
1094 1229 1164 1274 non
1180 1209 1306 1276 suflicit
1320 1230 1401 1276 con-

217 1336 339 1383 sensus
358 1319 499 1402 majoris
525 1323 560 1383 et
581 1319 725 1384 sanioris
748 1318 874 1402 partis3
890 1335 973 1382 nam
993 1318 1029 1382 in
1049 1316 1215 1383 electione
1234 1319 1267 1383 S.
1291 1320 1401 1384 Ponti-

217 1427 305 1502 ficis,
328 1427 364 1491 in
390 1425 621 1510 postulatione
650 1428 875 1490 concurrente
904 1442 984 1490 cum
1011 1423 1210 1502 electione„
1223 1427 1261 1490 in
1288 1427 1401 1494 dando

217 1535 415 1618 coadjutore
440 1534 598 1619 episcopo
622 1533 766 1610 amenti,
791 1537 826 1596 et
847 1533 884 1597 in
908 1532 1115 1616 quibusdam
1138 1533 1213 1598 aliis
1235 1536 1399 1617 negotiis,

217 1661 418 1708 concurrere
434 1643 560 1708 debent
574 1645 649 1708 duae
664 1648 780 1726 partes
802 1661 845 1707 ex
859 1643 979 1708 tribus.
999 1641 1038 1706 ln
1053 1642 1265 1709 admittendo
1280 1645 1402 1710 clerico

218 1757 381 1819 extraneo
413 1753 457 1818 ad
485 1752 766 1834 suffragandum,
790 1751 977 1836 requiritur
1011 1768 1203 1818 consensus
1228 1755 1415 1831 omnium;·

219 1863 279 1928 sed
298 1861 547 1928 consuetudine
569 1861 625 1926 vel
646 1865 775 1925 statuto
799 1858 937 1942 speciali
959 1859 1137 1939 introduci¹
1152 1862 1273 1946 nequit
1288 1867 1327 1927 ut
1340 1881 1402 1948 pro

218 1971 458 2038 communibus
493 1970 640 2052 negotiis
677 1969 871 2052 requiratur
899 1987 1092 2034 consensus
1120 1971 1292 2048 omnium;
1322 1991 1404 2038 nam

219 2081 295 2146 talis
310 2079 523 2146 consuetudo
541 2079 597 2144 vel
614 2082 782 2143 statutum
802 2095 873 2142 non
895 2083 988 2142 esset
1005 2078 1218 2155 rationabile,
1234 2080 1404 2165 siquidem
1432 2075 1437 2086 ’

219 2192 407 2272 exponeret
419 2186 603 2252 Ecclesiam
620 2183 772 2270 periculo
787 2185 939 2252 maximo
963 2203 1007 2250 ne
1029 2191 1152 2252 cuncta
1173 2193 1337 2254 maneant
1354 2190 1403 2252 in-

220 2297 342 2362 decisa.

257 2406 291 2468 3⁰
316 2405 361 2470 Ut
384 2403 497 2470 valida
523 2405 591 2468 sint
618 2407 694 2469 acta
717 2403 873 2487 capituli,
906 2404 1093 2488 requiritur
1118 2409 1158 2470 ut
1186 2405 1262 2470 duae
1288 2410 1404 2489 partes

219 2533 339 2580 eorum
354 2515 412 2599 qui
426 2513 548 2579 adesse
564 2513 690 2578 debent
712 2518 747 2578 et
760 2517 918 2596 possunt,
934 2513 1064 2578 luerint
1075 2519 1304 2596 congregatae.
1322 2514 1405 2580 Gon-

219 2622 401 2688 suetudine
415 2627 533 2688 tamen
545 2622 717 2688 introduci
731 2625 857 2705 potest,
874 2626 912 2686 ut
925 2639 1067 2688 necesse
1083 2622 1206 2687 nonsit
1219 2625 1404 2690 convenire

219 2733 303 2798 duas
316 2736 441 2816 partes,
457 2731 518 2796 sed
533 2730 680 2795 suissciat
692 2731 877 2798 convenire
892 2733 1071 2814 majorem.
1146 2750 1148 2754 ·

256 2842 289 2906 l·
302 2843 411 2925 Supra
423 2845 499 2906 acta
516 2839 654 2923 capituli
675 2840 798 2905 confici
816 2839 904 2904 solet
925 2841 1207 2918 instrumentum,
1225 2843 1317 2926 quod
1329 2859 1404 2908 mu-

207 2951 311 3016 'nitur
323 2949 434 3032 sigillo
449 2949 626 3014 communi
640 2952 675 3012 et
689 2948 938 3032 subscriptione
954 2949 1193 3033 quorumdam,
1208 2951 1308 3032 juxta
1324 2969 1404 3016 con-

219 3059 437 3124 suetudinem
449 3059 486 3122 in
502 3056 560 3122 tali
574 3056 722 3140 capitulo
736 3062 910 3141 receptam
922 3057 978 3122 vel
993 3063 1122 3125 statuta
1133 3059 1360 3142 particularia.

258 3169 287 3252 d)
302 3167 497 3233 Notandum
510 3171 583 3231 est:
602 3167 633 3230 1ο
648 3165 739 3250 quod
755 3166 936 3250 episcopus
951 3169 1011 3231 aut
1024 3166 1186 3249 praelatus
1199 3167 1405 3248 regulariter

218 3295 288 3342 non
303 3276 361 3341 dat
373 3279 495 3340 votum
509 3275 546 3338 in
560 3274 692 3340 actibus
706 3272 965 3357 capitularibus3
982 3273 1052 3338 imo
1068 3273 1097 3336 si
1112 3277 1194 3338 ‚vota
1211 3275 1281 3338 sint
1296 3275 1402 3358 paria,

218 3386 337 3469 nequit
358 3401 497 3450 accessu
521 3401 584 3447 suo
608 3399 714 3447 unam
738 3387 873 3464 partem
896 3381 1079 3466 complere.
1104 3381 1142 3445 ld
1165 3382 1336 3465 colligitur
1361 3404 1403 3448 ex
1470 3389 1478 3404 ·

218 3513 312 3559 conc.
331 3492 432 3568 trid,
449 3510 533 3557 sess.
549 3492 599 3568 25,
613 3510 642 3556 c.
659 3492 689 3567 6,
704 3491 745 3556 de
757 3491 847 3574 lies„
871 3492 930 3556 ubi
955 3490 1146 3557 declaratur
1164 3491 1312 3577 episcopi
1327 3512 1403 3558 esse

218 3601 405 3685 capitulum
425 3619 625 3676 convocare,
643 3605 724 3665 vota
745 3599 936 3683 exquirere,
953 3605 987 3664 et
1006 3602 1106 3684 juxta
1123 3618 1165 3665 ea
1184 3585 1401 3670 concludere.

219 3710 345 3775 Tamen
360 3727 404 3774 ex
418 3708 666 3773 consuetudine
679 3711 797 3791 posset
808 3711 930 3772 votum
944 3707 1036 3772 dam.

259 3819 292 3882 Ψ
304 3816 496 3902 Capitulum
515 3833 636 3880 vocem
657 3833 755 3880 suam
776 3815 914 3879 nonnisi
933 3815 1165 3898 capitulariter
1180 3815 1248 3892 dat,
1267 3834 1328 3881 seu
1343 3835 1405 3899 per

219 3925 485 3992 coadunationes
501 3929 535 3988 et
549 3924 687 3990 comitia
699 3944 706 3986 :
717 3924 797 3987 hinc
812 3922 927 3988 nullus
940 3927 1033 3988 esset
1048 3941 1238 3990 consensus
1252 3923 1401 4008 capituli,

220 4035 278 4116 qui
300 4033 439 4098 deretur
457 4033 499 4098 ab
521 4033 681 4097 omnibus
703 4031 808 4097 etiam
828 4032 1081 4115 capitularibus,
1100 4033 1128 4096 si
1149 4032 1272 4097 fuisset
1290 4032 1404 4112 singu·
1443 4101 1444 4107 η

219 4141 334 4206 lariter
346 4145 576 4223 percontatus.
635 4210 638 4216 ,

220 4351 262 4404 lv.
277 4349 319 4402 an
332 4348 428 4402 minor
440 4359 505 4412 pars
519 4347 702 4401 introducere
717 4347 807 4412 possit
819 4346 1029 4413 oppositlenem
1043 4346 1157 4401 decreto
1172 4346 1291 4412 maioris
1305 4348 1405 4413 partis,

497 4439 500 4444 ·
650 4427 697 4480 vel
711 4426 747 4482 ab
761 4439 795 4482 eo
809 4427 971 4494 appellarer

261 4579 291 4641 1ο
312 4579 364 4643 Ad
388 4579 492 4662 hujus
518 4577 716 4662 questionis
744 4577 952 4644 solutionem
977 4577 1168 4662 praesertim
1195 4580 1404 4662 spectat'ru-

220 4687 312 4752 blica
338 4688 443 4770 hujus
466 4685 571 4761 tituli,
599 4704 678 4751 cum
705 4691 828 4769 agatur
849 4685 891 4752 de
913 4686 967 4752 his
995 4703 1070 4770 quae
1094 4687 1184 4751 flunt
1205 4705 1227 4752 a
1248 4688 1403 4770 «majori

221 4799 315 4878 parte
339 4820 354 4854 »
379 4793 532 4880 capituli,
559 4795 662 4861 etiam
688 4795 875 4863 dissidente
903 4793 959 4860 vel
985 4795 1126 4862 absente
1153 4795 1277 4861 minori
1306 4801 1401 4877 parte
