3504 5566
829 599 879 646 JUS
899 597 1078 646 senonicum

650 822 667 894 ς
685 823 706 878 l.
728 821 768 880 lle
786 824 900 880 nutura
917 824 947 880 et
964 817 1111 896 qualitate
1130 819 1263 879 testium.

690 1007 710 1056 1.
728 1007 767 1058 Da
784 1005 889 1058 nature
902 1005 931 1058 et
944 1005 1082 1058 verteme
1096 1003 1222 1058 testium.

408 1153 440 1234 a)
455 1152 563 1216 Testis
578 1154 613 1217 in
627 1172 754 1234 genere
772 1159 824 1217 est
835 1173 984 1237 persone
997 1153 1122 1226 idonea
1136 1171 1211 1237 quae
1227 1151 1270 1216 ad
1283 1151 1388 1216 fidem
1401 1151 1544 1233 alicujus

369 1261 417 1324 rei
438 1261 628 1326 faciendam
641 1261 835 1337 adhibetur;
852 1267 887 1326 et
899 1262 995 1326 testis
1008 1260 1240 1346 depositiones
1261 1278 1322 1324 seu
1338 1260 1544 1325 assertiones

370 1387 473 1451 super
488 1368 601 1451 aliquo
614 1371 703 1434 laeto
717 1375 882 1434 vocantur
893 1371 1135 1434 attestationes.

410 1477 496 1540 Sunt
517 1481 633 1541 autem
658 1481 773 1552 testes,
791 1478 853 1541 alii
860 1478 1054 1558 judiciales,
1073 1477 1131 1561 qui
1150 1477 1186 1540 in
1197 1475 1337 1558 judicio,
1354 1475 1410 1540 alii
1426 1477 1545 1538 instrat»

369 1586 537 1661 meritorii,
564 1586 622 1668 qui
644 1585 680 1648 in
700 1586 939 1660 instrumento,
956 1584 1013 1650 alii
1027 1584 1285 1662 testamentarii,
1309 1583 1422 1667 quiin
1445 1587 1546 1647 testa-

369 1697 486 1756 mento
499 1693 712 1758 adhibentur.
725 1693 833 1758 Testis
842 1692 1022 1776 judicialis,
1036 1691 1077 1756 de
1092 1710 1160 1776 quo
1174 1691 1343 1775 praecipue
1356 1691 1412 1756 hio
1421 1691 1543 1771 agitur,

370 1803 418 1866 sio
433 1803 576 1866 deserihi
587 1807 701 1887 potest
717 1823 724 1865 :
740 1802 798 1866 Est
810 1821 959 1885 persona
972 1801 1097 1867 idonee
1111 1807 1146 1867 et
1158 1801 1225 1867 ssde
1242 1802 1354 1882 digna,
1372 1817 1448 1884 quae
1463 1799 1546 1881 legi-

370 1910 451 1974 time
462 1915 583 1976 vocata
595 1910 822 1993 adjudicium,
834 1912 901 1975 tert
910 1910 1145 1975 testimonium
1154 1910 1190 1974 in
1202 1913 1542 1976 oeusaoontroverss.

411 2016 517 2101 Caput
531 2019 547 2081 l
563 2020 597 2082 h.
615 2023 638 2082 t.
654 2019 691 2082 in
706 2020 850 2083 testibus
864 2023 933 2082 tres
946 2019 1089 2102 requirit
1110 2017 1324 2084 eonditiones
1341 2038 1348 2080 :
1372 2018 1404 2080 1⁰
1428 2021 1466 2080 ut
1480 2016 1547 2080 sint

371 2126 493 2204 idonei,
509 2145 572 2190 seu
590 2131 714 2192 natura
731 2127 787 2192 vel
798 2131 876 2210 jure
889 2145 960 2191 non
973 2125 1196 2210 repellentem
1211 2127 1244 2190 2⁰
1257 2126 1383 2208 fideles,
1401 2144 1463 2189 seu
1479 2123 1545 2188 ssde

371 2234 480 2316 dignu
496 2235 529 2298 3ο
544 2233 670 2316 jejuni,
693 2235 814 2300 saltem
841 2253 884 2299 ex
897 2235 1077 2300 honestate
1097 2237 1132 2298 et
1146 2235 1190 2299 oh
1210 2234 1439 2298 reverentiam
1455 2235 1547 2315 jura·

369 2342 495 2416 menti;
519 2341 579 2406 sed
600 2341 701 2406 hodie
724 2343 797 2406 haeo
811 2341 931 2408 ultima
953 2342 1103 2407 aonditio
1116 2341 1359 2422 nonexigitur.
1376 2339 1546 2404 idoneitas

300 2433 303 2440 ’
369 2449 584 2514 latitudinem
606 2449 765 2526 admittit,
788 2467 849 2515 seu
865 2455 1004 2514 nonest
1023 2450 1125 2515 unius
1147 2450 1309 2531 generis:
1330 2453 1435 2512 testes
1455 2447 1547 2511 enim

369 2558 426 2622 alii
441 2562 522 2622 sunt
534 2558 728 2641 simpliciter
741 2557 865 2636 idonei,
880 2559 938 2642 qui
952 2557 1046 2623 nulla
1060 2557 1260 2641 exceptione
1274 2555 1390 2640 repelli
1403 2558 1548 2638 possunt

369 2685 390 2731 a
403 2665 608 2742 testimonio,
621 2665 677 2731 alii
687 2667 782 2730 omni
792 2667 982 2750 eaeepttone
991 2666 1150 2748 majores,
1163 2665 1221 2749 qui
1233 2665 1356 2748 majori
1367 2664 1546 2729 honestate

370 2779 405 2839 et
418 2773 485 2838 ssde
499 2778 673 2858 praestsnt.
689 2775 847 2839 Defectus
860 2773 1055 2840 idoneitatis
1068 2778 1182 2857 potest
1197 2773 1300 2836 etiam
1315 2790 1391 2836 esse
1406 2771 1493 2846 talis,
1509 2774 1549 2833 ut

369 2885 474 2946 testes
498 2881 566 2944 sint
586 2882 781 2964 simpliciter
802 2881 964 2956 inidonei,
988 2900 1051 2946 seu
1072 2881 1108 2944 in
1127 2879 1221 2944 nulla
1243 2897 1347 2944 oense
1374 2877 1547 2944 testilloari

369 2991 516 3065 valeant,
537 2989 592 3054 vel
607 2989 748 3054 relative
771 2994 917 3065 tanturn,
943 2990 990 3053 ita
1003 2993 1043 3053 ut
1062 2990 1098 3052 in
1114 2987 1318 3073 quibusdam
1337 2987 1459 3060 oensis,
1477 3003 1547 3049 non

369 3117 451 3162 vero
466 3097 502 3160 in
512 3097 683 3172 omnibus,
696 3097 868 3162 testifleari
882 3097 1015 3180 possint
1025 3096 1074 3160 illi
1087 3101 1192 3161 testes
1207 3095 1358 3160 im'donet
1364 3093 1547 3158 secuudum

373 3205 466 3288 quid.

410 3312 439 3394 b)
455 3313 571 3377 Testes
591 3313 790 3378 dividuntur
810 3315 846 3378 in
862 3318 967 3380 testes
982 3312 1173 3396 singulares
1189 3316 1223 3378 et
1235 3317 1340 3378 testes
1351 3314 1545 3376 contestes:

371 3421 401 3482 l⁰
415 3428 513 3484 testes
527 3431 688 3488 contestes
709 3423 757 3487 illi
785 3431 870 3488 sunt
891 3425 949 3509 qui
970 3425 1007 3488 in
1030 3421 1228 3489 testimonio
1250 3419 1468 3494 concordant,
1485 3437 1546 3482 seu

274 3615 282 3631 ·
369 3528 581 3594 oonoorditer
602 3530 779 3614 deponunt
801 3552 904 3616 super
925 3533 1049 3598 eodem
1066 3533 1174 3608 faoto;
1196 3532 1229 3595 Ψ
1248 3537 1346 3594 testes
1357 3527 1546 3612 stupratores

369 3641 450 3698 sunt
471 3638 529 3720 qui
552 3655 623 3703 non
643 3641 851 3705 oouoordant
864 3640 899 3704 in
921 3639 1118 3704 testimonio
1136 3659 1143 3702 :
1161 3640 1190 3702 si
1209 3636 1404 3703 testimonia
1420 3633 1547 3698 luerint

369 3745 534 3828 opposite,
557 3747 774 3829 singularitas
798 3749 863 3814 erit
883 3747 1100 3813 adversativa
1130 3767 1190 3812 seu
1212 3745 1399 3822 obstutivu,·
1424 3743 1453 3805 ei
1475 3759 1546 3805 non

370 3853 535 3935 opposita,
550 3855 611 3919 sed
625 3860 758 3920 tanturn
770 3856 914 3932 diversa,
933 3875 995 3921 seu
1011 3857 1052 3922 de
1066 3856 1164 3922 laetis
1177 3853 1321 3919 diversis
1335 3853 1413 3928 sint,
1428 3851 1544 3930 singu-

368 3958 483 4024 laritas
498 3961 562 4026 erit
577 3962 856 4046 diversificatum
869 3965 1008 4030 tandem
1023 3965 1051 4029 si
1075 3964 1163 4029 diota
1175 3962 1314 4027 testium
1329 3961 1547 4044 proferantur

370 4067 507 4149 quidem
516 4069 558 4134 de
569 4071 666 4136 factis
679 4072 735 4136 vel
747 4071 1169 4148 circumstantiisdiversis‚
1182 4070 1415 4134 sedsemutuo
1423 4068 1547 4150 juvent

370 4174 498 4239 adrem
512 4177 732 4262 prinoipalern
750 4179 973 4263 probandam,
990 4179 1208 4262 singularitas
1223 4177 1287 4242 dioi
1302 4176 1390 4241 solet
1403 4173 1546 4238 admini-

371 4281 520 4347 culetiva
533 4303 595 4350 seu
609 4288 828 4352 cumulatius.

410 4389 518 4455 lestis
534 4393 626 4458 idem
651 4397 687 4460 in
712 4395 914 4480 deponendo
928 4401 1043 4481 potest
1057 4414 1133 4461 esse
1144 4394 1201 4460 vel
1213 4392 1389 4467 vasilleos,
1406 4391 1435 4454 si
1448 4387 1546 4454 haesi-

371 4497 474 4562 tando
488 4501 617 4582 profert
630 4505 875 4580 testimonium,
890 4505 1086 4583 volpertus,
1101 4503 1176 4568 siin
1186 4501 1329 4566 diversis
1340 4497 1476 4582 judiciis
1490 4493 1546 4559 vel

371 4604 542 4672 instantiis
563 4609 698 4676 diversa
715 4614 865 4695 proferat
875 4601 965 4678 inter
979 4629 1094 4677 senon
1108 4611 1275 4695 opposita,
1289 4607 1345 4674 vel
1360 4603 1547 4672 contrarius

372 4713 442 4788 sibi,
465 4713 492 4777 si
505 4715 594 4782 inter
607 4737 643 4783 se
658 4721 846 4802 pugnantia
859 4722 998 4805 prolert.
