3510 5574
369 545 428 622 238
829 565 881 617 tus
902 563 1080 620 cerastem.

409 694 441 758 10
458 691 645 774 Canonicus
659 707 752 771 aeger
765 688 821 754 vel
838 690 995 755 inhabilis
1013 691 1123 756 factus
1138 708 1208 758 non
1227 695 1363 756 tonatur
1378 690 1440 756 sihi
1455 708 1547 756 assu-

369 819 464 866 mere
478 800 642 865 vicarium
654 819 661 862 :
673 797 708 862 id
721 797 814 863 enim
827 798 921 864 nullo
935 801 1012 884 Jure
1024 800 1227 884 praecipitur.
1244 800 1279 864 Si
1293 799 1349 866 illa
1365 801 1547 866 canonicus

371 913 449 974 ante
463 909 697 972 infirmitatem
710 907 833 972 solitus
849 908 914 972 ruit
925 908 1068 973 chorum
1082 910 1312 993 frequentare,
1330 913 1412 972 tunc
1425 912 1549 990 praeter

369 996 499 1082 fructus
523 1034 663 1097 grossos
676 1015 819 1098 percipit
839 1017 941 1080 stiam
957 1015 1213 1081 distributiones
1234 1015 1450 1100 quotidianas
1462 1015 1545 1096 (cap.

371 1126 461 1190 unic.
477 1125 518 1189 de
534 1123 660 1189 Clerico
676 1141 745 1186 noa
758 1116 936 1202 residente,
953 1123 1058 1202 11160).

410 1233 442 1297 30
462 1231 662 1317 capellanus
682 1231 740 1316 qui
763 1231 807 1296 ad
830 1235 939 1296 certas
964 1232 1087 1296 missas
1112 1231 1255 1314 singulis
1278 1229 1548 1298 hebdomadibus

370 1335 540 1423 obligatus
564 1346 627 1416 est,
654 1340 682 1404 si
707 1353 770 1423 per
794 1339 880 1405 duas
906 1339 1150 1415 hebdomadas,
1170 1338 1238 1416 vel,
1255 1341 1356 1422 juxta
1373 1339 1421 1406 De
1442 1341 1546 1420 Lugo,

370 1450 473 1516 etiam
485 1468 546 1533 per
558 1455 714 1532 quatuor,
735 1449 938 1525 infirmetur,
955 1467 1025 1514 non
1040 1454 1178 1514 tenetur
1191 1449 1314 1513 missas
1327 1449 1473 1514 omissas
1489 1466 1551 1532 per

370 1559 479 1626 adun
489 1557 672 1635 celebrare,
690 1576 751 1622 seu
767 1575 1039 1640 recompensare,
1052 1557 1118 1622 nisi
1134 1558 1170 1622 in
1183 1557 1415 1622 instrumento
1429 1555 1549 1620 tunda-

370 1667 472 1732 tionis
488 1671 652 1732 caveatur
664 1671 702 1729 ut
714 1685 779 1748 por
789 1665 898 1732 nuel
906 1685 968 1751 per
976 1665 1199 1730 substitutum
1208 1664 1366 1729 celebrat.
1376 1664 1409 1728 S.
1424 1663 1546 1745 Gongr.

372 1773 471 1840 (lonc.
492 1774 667 1840 decretum
687 1775 792 1839 edidit
816 1793 883 1860 quo
908 1775 1084 1844 sentent'n
1101 1774 1261 1856 Lugonis,
1278 1779 1317 1838 ut
1338 1771 1441 1837 nimis
1459 1771 1548 1850 laxa,

371 1882 684 1966 reprobatur.Unde
699 1885 920 1948 beneficiatus
935 1903 996 1949 seu
1010 1882 1276 1967 capellannsaui
1287 1880 1454 1948 incumbit
1463 1897 1552 1946 onus

371 1991 494 2056 missas
506 1991 700 2056 celebrandi
710 1993 861 2083 quotidie
876 2009 938 2075 per
948 1994 1072 2076 ipsum,
1086 1993 1115 2056 si
1126 2011 1169 2056 ex
1182 1991 1343 2055 diuturna
1354 1989 1550 2056 infirmitate

372 2098 565 2182 quindecim
589 2099 662 2163 dies
688 2100 885 2176 excedente,
908 2100 1115 2182 impediatur
1136 2117 1194 2164 aas
1217 2097 1400 2172 celebrare,
1421 2096 1551 2164 sati&-

371 2223 447 2272 cera
463 2211 599 2273 tenetur
609 2227 672 2292 par
684 2208 791 2274 alium
807 2209 838 2292 (1
850 2211 926 2292 jun.
942 2209 1032 2286 1681,
1049 2226 1168 2274 renos.
1186 2209 1224 2271 17
1237 2223 1317 2270 nov.
1337 2205 1438 2287 1695).

413 2315 442 2397 b)
459 2315 580 2410 Causa
597 2317 640 2380 ob
656 2335 740 2400 quas
755 2317 827 2382 dari
841 2323 959 2401 posset
972 2317 1161 2400 mediator,
1181 2315 1225 2382 ad
1237 2319 1421 2399 sequentes
1435 2311 1552 2378 reduci

373 2429 504 2507 queunt
519 2443 526 2486 :
543 2425 575 2488 10
590 2423 624 2486 Si
637 2423 727 2488 adsit
742 2425 857 2506 gravis
876 2425 1057 2490 infirmitas
1071 2429 1236 2507 perpetua
1248 2429 1284 2488 et
1296 2419 1501 2486 incurabilis·
1517 2419 1551 2484 Si

373 2531 465 2594 enirn
480 2531 620 2596 morbus
640 2532 838 2614 temporalis
857 2531 1073 2598 solummodo
1087 2533 1131 2596 sit
1143 2537 1178 2598 et
1188 2529 1357 2606 curabilis,
1373 2527 1552 2610 coadjutor

373 2637 510 2703 infirmo
533 2656 603 2704 non
624 2643 677 2702 est
694 2639 935 2723 imponendus,
957 2639 1036 2704 licet
1048 2639 1210 2704 constitui
1224 2638 1333 2721 possit
1353 2634 1551 2720 temporalis

373 2763 435 2828 pro
462 2751 616 2829 tempore
639 2746 857 2812 infirmitatis.
884 2748 918 2811 10
942 2747 1100 2812 Deiectus
1130 2745 1302 2830 requisita
1325 2744 1487 2810 doctrinae
1516 2744 1551 2806 in

371 2853 535 2935 parocho,
554 2872 615 2918 seu
633 2855 825 2936 generatim
848 2856 884 2918 in
906 2861 1039 2930 curato,
1057 2858 1110 2918 est
1135 2853 1238 2918 etiam
1259 2870 1363 2917 eausa
1377 2851 1551 2916 sufficiens

373 2959 483 3042 (Gonc.
500 2960 601 3038 Tn'd,
618 2979 702 3026 sess.
719 2963 770 3038 31,
786 2982 814 3026 e.
829 2963 859 3038 6,
874 2962 916 3026 de
928 2962 1103 3045 Referam).
1121 2959 1159 3026 In
1173 2961 1239 3026 hoc
1253 2961 1346 3026 enim
1358 2977 1440 3024 casu
1452 2977 1552 3042 paro-

373 3067 426 3132 chi
442 3087 512 3134 non
528 3073 608 3133 sunt
621 3069 833 3146 removendi,
858 3070 886 3132 si
901 3069 984 3135 alias
998 3071 1152 3136 honestae
1172 3068 1251 3131 vitae
1267 3068 1345 3131 sint.
1361 3067 1394 3130 30
1408 3066 1551 3144 Quando

372 3176 594 3241 beneficiatus
609 3182 661 3241 est
673 3176 853 3259 negligens
867 3178 904 3242 in
919 3197 982 3244 suo
995 3180 1118 3256 cilicio,
1131 3185 1245 3264 potest
1258 3181 1360 3244 etiam
1376 3181 1407 3243 ei
1421 3175 1551 3260 imponi

372 3283 560 3365 coadjutor.
579 3284 613 3347 40
632 3286 739 3349 Aucta
755 3285 872 3368 populi
892 3287 1133 3364 numerositas,
1150 3289 1197 3352 ita
1211 3294 1250 3352 ut
1269 3293 1381 3352 rector
1395 3286 1426 3350 ei
1440 3283 1552 3367 provi-

373 3391 484 3456 dendo
511 3389 604 3455 solus
625 3409 695 3456 non
717 3391 872 3466 sufficiat,
897 3393 1073 3458 constituit
1097 3395 1200 3459 etiam
1223 3411 1362 3459 causam
1382 3391 1551 3456 sufficien-

374 3505 454 3564 tem.

414 3611 441 3692 c)
450 3609 599 3690 Quium
612 3610 746 3676 dandus
758 3611 803 3675 sit
814 3610 1017 3692 coadjutor?
1029 3609 1113 3674 Cum
1126 3610 1339 3694 coadjutoris
1353 3610 1398 3674 sit
1409 3609 1551 3674 facultas

374 3717 472 3784 aliem
490 3737 654 3784 concessa
676 3719 861 3802 adjuvandi
883 3719 1124 3784 beneficiatum
1144 3720 1179 3784 in
1201 3719 1356 3784 beneficii
1370 3718 1548 3800 regimine,

374 3829 501 3912 duplex
520 3831 710 3913 praesertim
732 3829 895 3911 distingui
918 3835 1031 3912 potest
1047 3850 1055 3893 :
1070 3831 1102 3894 10
1116 3829 1312 3914 temporalis
1335 3846 1397 3894 seu
1413 3845 1552 3892 revoca-

373 3933 461 4014 bilis,
476 3955 552 4020 quae
575 3937 676 4002 datur
698 3937 741 4002 ad
762 3943 909 4020 tempus,
927 3938 970 4001 oh
985 3937 1168 4002 utilitatem
1182 3937 1337 4002 Ecclesiae
1352 3922 1387 4000 et
1402 3936 1551 4000 maxime

374 4045 418 4110 ch
440 4061 560 4109 curam
582 4045 795 4122 animarum;
824 4051 859 4110 et
883 4046 966 4122 haec,
985 4051 1122 4112 mortuo
1148 4045 1319 4129 eoadjmo,
1335 4043 1391 4110 vel
1415 4043 1552 4108 sanitati

373 4153 531 4218 restituto
546 4159 606 4218 aut
619 4153 824 4220 beneficium
838 4154 1046 4236 resignante,
1063 4155 1234 4238 exspirat;
1251 4155 1283 4218 2⁰
1293 4161 1471 4238 perpetue,
1489 4171 1551 4216 seu
1655 4235 1657 4240 Δ
1743 4171 1744 4204 t

373 4276 453 4326 oum
464 4265 542 4346 jure
557 4264 772 4342 succedendi,
787 4264 887 4330 datur
904 4283 975 4330 non
997 4270 1131 4330 tantum
1145 4265 1189 4328 ad
1204 4269 1373 4329 rectorem
1387 4263 1552 4350 adjuvan-

375 4371 468 4448 dum,
486 4371 546 4436 sed
568 4376 604 4437 et
625 4371 669 4436 ad
688 4370 736 4434 illi
760 4372 1023 4438 succedendum.
1045 4371 1152 4454 Igitur
1169 4372 1348 4455 coadjutor
1365 4375 1552 4454 perpetuus

304 4487 307 4494 '
375 4479 525 4544 succedit
536 4480 572 4544 in
585 4479 699 4544 locum
714 4486 749 4546 et
763 4481 913 4545 cilicium
927 4481 1077 4563 coadjuti
1097 4483 1225 4566 absque
1246 4499 1338 4547 nova
1358 4478 1548 4554 collatione,

375 4586 561 4660 dummodo
590 4585 711 4652 litterae
735 4587 955 4671 coadjutoris
984 4595 1156 4673 perpetua
1183 4589 1350 4672 expedita
1377 4589 1445 4653 sint
1462 4593 1550 4652 ante

374 4699 521 4760 mortem
538 4695 594 4760 vel
608 4697 874 4778 resignationem
886 4696 1046 4779 coadjuti.
