3504 5572
382 523 442 590 336
844 543 895 594 scs
915 541 1099 594 exacutam.

424 665 454 746 bl
468 665 564 730 Actio
578 665 741 748 competit
758 664 919 730 creditori
933 672 1054 732 contra
1070 665 1310 750 fidejussorem
1329 669 1474 752 ejusque
1495 665 1565 732 ba-

383 773 494 838 redes.
512 772 599 838 Olim
619 774 871 839 concedebatur
891 775 1051 842 creditori
1071 780 1223 858 potestas
1241 775 1468 841 conveniendi
1483 775 1564 840 flde-

383 883 568 964 jussorem,
587 882 690 946 ctiam
701 887 780 947 ante
791 882 981 948 debitorem
988 883 1221 967 principalem.
1233 881 1564 966 Sedebimperatore

382 987 399 1052 J
402 989 573 1053 catiniano
588 989 821 1056 introductum
836 997 889 1056 cst
902 992 1108 1056 beneficium
1122 991 1252 1056 ordinis
1263 1009 1326 1055 seu
1336 991 1560 1066 excussionis,

383 1096 475 1180 quod
496 1103 652 1162 remanet
679 1099 716 1164 in
742 1105 861 1166 nostro
885 1102 964 1184 jure
983 1100 1160 1166 hodierno.
1197 1099 1283 1164 Sunt
1306 1103 1422 1164 mmcn
1447 1098 1562 1184 plures

383 1207 601 1289 exceptiones
620 1226 705 1292 quas
725 1214 930 1275 enumerant
945 1208 1111 1274 civilistae.

709 1399 753 1452 lv.
772 1401 812 1452 lie
826 1398 1013 1452 exstinctione
1028 1397 1227 1462 fideiussionis.

423 1529 644 1612 Regulariter,
657 1533 887 1614 exstinguitur
899 1533 1076 1616 iidejussio
1088 1532 1258 1598 solutione
1268 1533 1435 1598 iactasive
1444 1532 1548 1615 aprio

381 1639 481 1721 cipali
495 1639 567 1704 sivc
584 1641 627 1706 ab
641 1641 715 1724 ipso
729 1641 944 1724 ildejussore,
954 1647 1057 1726 atque
1072 1641 1265 1723 generatim
1277 1659 1320 1705 ex
1332 1641 1436 1706 variis
1450 1640 1561 1704 causis

382 1747 1562 1832 quesexstinguuntobligationem(artitltildittlGod.civ.).Sedenu·

381 1859 559 1919 merantur
572 1856 608 1920 in
630 1858 742 1940 specie
764 1856 868 1942 aliqui
891 1875 991 1923 casus
1013 1859 1049 1924 in
1072 1859 1196 1944 quibus
1215 1857 1391 1941 fidejussio
1412 1855 1562 1939 exspirat

382 1966 417 2024 ct
429 1960 613 2046 fidejussor
623 1963 788 2030 liberetur
800 1971 879 2030 ante
895 1965 1103 2031 solutionem
1116 1967 1260 2033 iactam:

422 2071 454 2134 1⁰
472 2069 506 2134 Si
527 2070 675 2137 creditor
697 2091 774 2138 eam
797 2075 959 2150 remittet,
985 2075 1089 2140 etiam
1111 2093 1172 2158 per
1195 2073 1363 2157 legatum,
1388 2073 1467 2157 quia
1482 2072 1561 2137 ilde·

380 2177 492 2260 iussio
507 2183 559 2242 est
572 2179 608 2242 in
622 2179 776 2246 levorem
790 2181 978 2246 creditoris.

421 2285 453 2348 9⁸
468 2284 502 2349 si
517 2285 700 2370 fidejussor
715 2293 854 2372 pactum
877 2289 995 2354 iecerit
1016 2307 1096 2354 cum
1108 2289 1272 2364 debitore,
1290 2294 1328 2352 ut
1339 2293 1417 2373 post
1430 2293 1561 2353 certum

382 2395 530 2475 tempus,
547 2393 718 2460 solutione
737 2413 806 2461 non
826 2397 926 2472 iacta,
941 2397 1045 2461 etiam
1060 2415 1140 2462 eum
1153 2415 1174 2462 a
1187 2397 1409 2480 fidejussione
1423 2395 1559 2470 liberet;

382 2516 462 2564 nam
474 2505 669 2568 contractus
684 2521 705 2567 a
718 2503 947 2569 conventione
959 2505 1074 2586 legem
1086 2505 1267 2589 accipiunt.

420 2607 454 2673 3ο
468 2608 502 2672 si
516 2627 639 2692 graves
653 2611 838 2676 inimicitiae
851 2612 1012 2677 ortaesint
1025 2613 1116 2677 inter
1129 2613 1319 2678 debitorem
1336 2617 1370 2676 et
1380 2612 1561 2696 fidejusso-

382 2734 472 2796 rem,
492 2717 656 2785 dcbitoris
679 2719 794 2804 cnlpa;
811 2737 881 2785 non
897 2720 945 2784 ita
957 2721 986 2784 si
1000 2720 1101 2804 culpa
1123 2719 1351 2804 fidejussoria,
1369 2721 1448 2804 quin
1463 2738 1561 2785 secus

382 2831 474 2890 essct
487 2845 624 2911 semper
637 2828 672 2892 in
685 2833 854 2912 potestate
869 2828 1082 2912 fidejussoris
1095 2847 1132 2894 se
1143 2847 1163 2894 a
1174 2828 1397 2911 fidejussione
1411 2827 1558 2892 liberari.

421 2935 455 2998 4⁰
470 2933 503 2998 Si
515 2935 606 3000 inter
619 2936 824 3001 creditorem
839 2941 874 3002 ct
892 2937 1083 3002 debitorem
1102 2935 1324 3020 principalem
1344 2937 1405 3002 ilat
1422 2937 1560 3001 novatio

382 3041 600 3124 obligationis
614 3043 821 3127 principalis,
840 3045 876 3109 in
891 3063 994 3128 quam
1009 3044 1194 3128 ssdcjussor
1210 3061 1280 3108 non
1297 3043 1481 3120 consensit,
1498 3061 1561 3107 nec

382 3149 424 3216 dc
438 3168 528 3216 novo
543 3149 723 3234 fidejussit.

421 3259 453 3322 5⁰
469 3257 503 3322 Si
517 3258 700 3342 fidejussor
718 3259 879 3326 succedat
897 3259 1043 3326 debitori
1056 3261 1092 3326 in
1107 3261 1218 3338 bonis,
1235 3266 1273 3325 ut
1287 3263 1362 3344 ejus
1376 3261 1486 3326 haeres
1501 3279 1509 3322 ε
1525 3261 1559 3324 in

382 3372 500 3432 nostro
512 3369 602 3450 jure,
614 3386 657 3432 ex
671 3371 734 3432 art.
746 3369 827 3433 3035
842 3367 921 3434 God.
936 3368 1015 3445 civ,
1030 3385 1100 3433 non
1111 3369 1481 3451 exstinguereturactio
1491 3385 1562 3434 cre·

382 3475 501 3540 ditoris
516 3479 636 3540 contra
653 3475 893 3558 fidejussorem
915 3475 1139 3559 fidejussoris.
1155 3475 1203 3540 Ex
1213 3479 1291 3560 jure
1308 3477 1419 3554 nom,
1436 3477 1465 3542 si
1480 3475 1561 3542 obli·

381 3583 474 3665 gatio
489 3581 706 3666 fidejussoria
720 3587 773 3647 est
787 3581 903 3648 utilior
916 3581 1075 3650 creditori
1090 3603 1192 3669 quam
1208 3585 1369 3667 obligatio
1385 3584 1558 3660 debitoris,

383 3696 463 3756 tunc
478 3689 641 3774 obligatio
655 3692 767 3777 quoad
781 3691 879 3757 illum
900 3711 1081 3760 excessum
1101 3698 1292 3776 permanet,
1309 3693 1398 3758 sicut
1410 3692 1561 3758 vicissim

381 3803 562 3882 permanet
576 3799 737 3882 obligatio
752 3799 927 3876 debitoris,
941 3799 970 3864 si
985 3800 1118 3866 debitor
1132 3800 1292 3866 succedat
1304 3799 1510 3885 ildcjussori,
1527 3803 1563 3866 et

382 3906 544 3990 obligatio
560 3907 722 3973 debitoris
737 3907 782 3972 sit
795 3909 906 3992 magis
918 3907 1012 3974 utilis
1025 3909 1194 3974 creditori.

422 4015 455 4080 6ο
474 4015 507 4081 Si
522 4016 669 4082 creditor
682 4022 801 4082 contm
813 4019 1080 4084 conventionem
1093 4023 1257 4102 proroget
1272 4017 1457 4084 terminum
1472 4015 1562 4083 debi-

384 4123 467 4200 tori;
484 4128 599 4190 nmen
611 4125 640 4189 si
653 4123 837 4208 fidejussor
850 4125 973 4191 fuisset
985 4123 1185 4209 simpliciter
1200 4125 1299 4190 datus
1316 4131 1351 4190 ct
1368 4125 1404 4190 in
1422 4143 1563 4190 omnem

383 4247 513 4309 casum,
542 4237 577 4296 ci
602 4232 836 4316 prorogationi
864 4251 933 4300 non
953 4233 1226 4310 contradixisset,
1253 4251 1296 4299 ex
1320 4232 1562 4317 prorogatione

384 4336 676 4405 nonlibcraretur.

425 4447 458 4508 i·
477 4445 510 4510 Si
530 4445 663 4514 debitor
676 4447 816 4532 incipiat
832 4447 1054 4533 prodigaliter
1065 4448 1182 4515 vivere
1199 4447 1256 4514 vel
1268 4467 1411 4532 peregre
1430 4448 1475 4514 sit
1487 4465 1562 4532 pro-

384 4552 547 4630 lecturus,
563 4559 597 4618 et
612 4555 669 4619 diu
685 4573 755 4620 non
769 4555 951 4632 rediturus,
967 4555 1152 4640 fidejussor
1166 4573 1236 4621 non
1249 4561 1367 4639 posset
1378 4561 1458 4622 anic
1473 4555 1561 4621 solu·

385 4660 514 4724 tionem
526 4665 642 4742 petere
658 4661 906 4730 liberationem.
