3504 5566
390 583 448 646 118
848 599 898 646 aus
919 600 1099 647 11111111.

390 716 527 781 tandem
546 715 770 782 declaratorr'a
789 717 936 782 criminis
954 715 1012 782 illa
1035 721 1087 780 est
1110 731 1185 799 quac
1205 733 1302 781 reum
1321 733 1392 780 uon
1409 715 1557 792 damnat,

389 825 449 888 sed
470 823 617 890 declarat
639 825 768 890 crimen
788 824 1010 891 commissum
1034 823 1151 902 luisse,
1171 823 1226 889 cui
1249 821 1307 888 lex
1328 824 1403 907 ipsa
1422 843 1560 906 pinnam

388 931 519 1012 infligit.

427 1039 459 1102 3ο
477 1037 734 1104 interlocutoria
762 1039 888 1123 duplex
911 1043 964 1103 est
985 1059 992 1101 :
1015 1039 1158 1124 simplos
1181 1057 1242 1104 seu
1265 1055 1359 1104 mere
1380 1038 1560 1102 interlocu-

388 1148 482 1224 toria,
496 1166 572 1231 quae
586 1165 656 1213 non
670 1148 775 1214 olflcit
788 1166 900 1214 causac
914 1147 1101 1231 principali,
1116 1152 1150 1212 et
1162 1149 1282 1225 micro,
1294 1165 1381 1232 quae,
1394 1147 1472 1212 lieet
1486 1166 1562 1212 cau-

388 1273 461 1320 sam
475 1255 695 1339 principalem
714 1274 875 1340 expresse
896 1274 966 1321 uon
988 1255 1131 1331 decidat,
1150 1261 1266 1322 tamen
1286 1257 1357 1321 vim
1378 1256 1559 1320 dessnitivae

388 1365 500 1440 habet,
516 1365 595 1448 quia
608 1369 687 1447 post
700 1382 777 1431 eam
790 1365 856 1430 alia
870 1366 1039 1430 sententie
1053 1384 1122 1431 non
1136 1371 1302 1449 speratur.

428 1471 466 1534 11.
482 1471 655 1556 aequisita
670 1481 703 1537 et
717 1473 945 1538 solemnitates
959 1473 1083 1566 aalide
1096 1455 1280 1539 sententia.

425 1583 456 1664 α)
471 1581 521 1645 Ad
534 1581 682 1648 validam
702 1584 918 1659 sententiam,
935 1583 1119 1666 requiritur
1133 1585 1168 1647 in
1183 1584 1302 1666 primis
1319 1603 1326 1646 :
1352 1611 1353 1614 ¹

426 1693 455 1754 1υ
467 1691 515 1756 Ex
526 1697 621 1776 parte
632 1693 769 1774 judicis,
781 1697 819 1756 ut
833 1694 876 1757 sit
886 1697 1085 1776 competens
1095 1694 1135 1775 (c.
1147 1693 1168 1757 1
1182 1691 1370 1773 deludio),
1385 1695 1419 1754 11
1433 1709 1503 1754 non
1517 1692 1561 1754 sit

384 1801 516 1865 notorie
532 1801 861 1877 excommunicatum
877 1819 958 1865 nam
973 1800 1081 1883 judex
1100 1801 1335 1882 incompetens
1354 1804 1446 1862 caret
1463 1798 1562 1880 juris-

384 1907 529 1972 dictione
551 1908 587 1972 in
608 1913 722 1990 partes
740 1907 923 1990 litigantes,
944 1912 982 1977 et!
995 1907 1309 1972 excommunicatus
1326 1905 1560 1990 jurisdictione

383 2015 659 2096 1111111111ο
675 2015 892 2080 Siseutentia
911 2016 1041 2079 leretur
1059 2035 1080 2080 a
1101 2015 1253 2098 pluribus
1271 2013 1454 2096 judicibus,
1471 2011 1562 2076 valet

383 2121 409 2185 si
430 2121 568 2186 illorum
584 2123 739 2206 judicum
759 2125 871 2205 maJ'or
887 2141 966 2206 pars
989 2123 1186 2198 concordem
1204 2123 1232 2185 si
1255 2141 1337 2186 vero
1356 2119 1480 2204 aequali
1500 2139 1561 2182 nu-

383 2248 478 2294 mero
500 2231 702 2306 discordent,
721 2237 755 2294 et
774 2231 843 2294 siut
861 2231 994 2312 judices
1018 2229 1189 2306 ordinarii,
1206 2228 1371 2313 praevalet
1392 2226 1562 2292 sententia

385 2357 444 2422 pro
465 2356 534 2415 reo,
552 2341 617 2403 nisi
636 2346 730 2405 actor
748 2357 886 2404 cansam
903 2339 1125 2404 favorabilem
1147 2339 1270 2403 haheat
1283 2341 1321 2421 (c.
1338 2339 1396 2400 iln.
1414 2338 1447 2400 h.
1466 2339 1514 2419 t.);
1533 2337 1560 2400 si

384 2465 465 2510 vero
486 2448 553 2510 sint
564 2447 696 2529 judices
717 2445 873 2526 delegati,
892 2451 1014 2510 neutra
1036 2446 1127 2510 velet
1141 2447 1321 2523 sententia,
1338 2445 1446 2509 donec
1461 2444 1561 2509 alter·

386 2559 461 2618 utra
474 2573 494 2618 a
508 2553 686 2634 delegante
705 2554 926 2617 coullrmetur
940 2555 978 2636 (c.
997 2556 1034 2617 17
1050 2553 1240 2629 11111111,
1257 2554 1292 2616 in
1307 2555 1362 2636 6⁰).

423 2664 455 2728 2⁰
464 2661 512 2726 Ex
524 2667 618 2745 parte
634 2663 740 2744 ipsius
755 2664 928 2726 sententiae
943 2662 1126 2746 requiritur
1141 2683 1147 2724 :
1163 2663 1193 2726 1⁰
1206 2667 1243 2725 11
1258 2663 1302 2725 sit
1315 2670 1417 2741 certo,
1430 2663 1493 2725 nisi
1506 2683 1560 2726 res

384 2772 419 2834 in
436 2769 603 2854 judicium
619 2769 764 2835 deducta
782 2775 876 2853 petat
897 2771 1102 2834 sententiam
1126 2770 1290 2834 incertam
1310 2769 1366 2833 vel
1388 2768 1561 2834 alternati-

384 2895 484 2942 vam:
500 2897 532 2941 v.
546 2895 579 2958 g.
593 2878 758 2959 praedium
773 2897 852 2942 cum
865 2877 1029 2941 fructibus
1044 2877 1301 2952 11111111111;1ο
1316 2883 1353 2940 ut
1368 2877 1411 2940 sit
1419 2895 1512 2961 poro
1527 2883 1561 2941 et

384 3003 454 3048 non
468 2984 709 3062 conditionata,
723 2986 802 3068 quia
815 2986 985 3049 sententia
999 2986 1063 3048 sub
1079 2985 1273 3050 conditione
1288 2985 1356 3050 lata
1368 3003 1439 3049 non
1453 2985 1560 3067 impo-

385 3098 483 3158 neret
500 3093 605 3158 linem
628 3095 879 3171 controversiae,
896 3111 959 3158 nec
977 3093 1151 3156 videretur
1164 3092 1306 3157 lundata
1323 3093 1359 3156 in
1379 3091 1560 3175 sufficienti

383 3219 494 3266 causae
508 3201 716 3282 cognitione3
734 3201 766 3263 3⁰
781 3205 820 3264 11
833 3201 877 3264 sit
893 3201 1075 3282 consoranis
1090 3199 1210 3280 libello,
1226 3201 1263 3263 in
1276 3219 1313 3264 re
1329 3219 1405 3284 quaa
1420 3200 1557 3283 petitur,

383 3308 419 3372 iu
441 3325 544 3372 causa
564 3326 693 3391 exque
714 3309 851 3390 petitur,
877 3313 912 3371 11
933 3309 968 3371 11
993 3309 1126 3372 actions
1149 3325 1224 3390 quas
1249 3307 1437 3372 intenditur
1463 3309 1502 3390 (c.
1521 3308 1560 3371 nt

383 3415 548 3479 dedecus.
562 3414 664 3480 olem.
674 3415 708 3492 1;
722 3415 763 3480 de
776 3411 857 3480 Ve'rb
881 3413 1036 3498 119111ο
1049 3421 1087 3477 11
1099 3415 1142 3478 sit
1152 3415 1333 3496 consoranis
1340 3415 1423 3496 jori,
1436 3415 1558 3480 saltem

386 3522 414 3584 si
425 3515 483 3605 jus
493 3522 622 3588 clarum
636 3523 758 3586 estiis
772 3522 978 3588 obscuritate
991 3541 1065 3605 quas
1075 3520 1163 3586 tollit
1172 3521 1227 3586 vel
1237 3521 1397 3605 relinquit
1408 3523 1559 3588 valorem

387 3631 576 3706 sententian,
592 3629 662 3710 agit
677 3628 880 3710 Schmulzgr.
897 3629 941 3710 (h.
959 3635 981 3693 t.
999 3647 1033 3692 n.
1047 3629 1087 3692 38
1103 3631 1196 3711 seq).

424 3737 454 3818 b)
473 3736 712 3802 Solemoitoter
740 3738 932 3800 extrinsecae
960 3735 996 3798 in
1021 3735 1211 3817 prolatione
1240 3739 1418 3802 sententiaa
1446 3739 1560 3804 obser-

382 3844 513 3921 vandae,
531 3851 611 3910 eunt
625 3848 808 3927 sequentes
826 3865 833 3906 ι
850 3846 882 3906 1ο
895 3843 936 3907 111
956 3844 1126 3908 sententia
1145 3843 1274 3909 feratur
1297 3850 1440 3929 utraque
1464 3854 1558 3930 parte

286 3999 288 4006 ,
381 3951 532 4032 legitime
551 3951 653 4016 citata
674 3957 708 4014 11
727 3956 912 4033 praesente;
928 3957 963 4017 at
992 3952 1116 4016 absens
1144 3953 1390 4020 contumaciter
1415 3955 1560 4020 habetur

381 4077 441 4140 pro
455 4063 622 4142 praesente
634 4058 707 4140 (1.1
722 4059 756 4122 h.
768 4060 815 4141 1.).

418 4169 451 4232 9⁰
463 4167 685 4232 Utsenteutia
698 4169 826 4232 feratur
846 4168 900 4232 die
918 4185 987 4234 nou
1007 4169 1138 4246 leuato,
1155 4175 1193 4232 ut
1217 4187 1319 4254 supra
1344 4171 1472 4237 dictum
1493 4177 1554 4248 est,

379 4275 414 4337 in
429 4273 503 4339 loco
524 4274 659 4358 publico
680 4293 741 4339 seu
761 4274 931 4352 tribunali,
957 4276 1022 4340 nisi
1044 4281 1166 4358 agetur
1185 4277 1226 4340 de
1250 4279 1426 4362 episeopo,
1443 4281 1501 4362 qui
1523 4283 1557 4344 in

380 4383 531 4466 quolibet
545 4383 620 4448 loco
634 4403 703 4448 non
719 4390 878 4466 exempto
894 4405 964 4450 suso
979 4385 1136 4450 dioecesis
1147 4388 1205 4468 jus
1222 4387 1332 4452 dicere
1353 4393 1467 4471 potest
1482 4391 1520 4472 (o.
1539 4391 1556 4452 7

380 4492 421 4554 o'e
437 4491 501 4573 Off.
519 4493 604 4570 ord,
621 4493 656 4555 in
678 4493 733 4574 6⁰).

420 4600 452 4661 3⁰
472 4599 514 4661 Ut
534 4599 703 4664 sententia
722 4601 860 4676 leretur,
876 4601 989 4684 judice
1011 4604 1150 4670 sedente
1174 4621 1236 4687 pro
1259 4604 1474 4688 1111111111.
1497 4607 1553 4670 llo.

381 4706 413 4768 h.
433 4711 453 4768 1.
472 4707 506 4768 11
520 4707 574 4787 6⁰),
592 4713 682 4770 etex
701 4707 850 4788 periculo
869 4727 929 4772 seu
946 4729 988 4772 ex
1003 4713 1170 4793 scriptura
1182 4710 1323 4776 nomine
1335 4711 1461 4792 judicis
1476 4733 1556 4778 oon-
