3504 5566
551 595 638 640 arasa
660 595 809 642 sacuuous
830 595 1047 642 numeramur.
1331 579 1387 641 153

214 714 257 778 ad
269 713 547 796 comparendum,
562 713 618 778 vel
631 719 709 798 post
719 714 815 778 litem
829 719 1053 780 contestatam
1068 716 1110 779 ab
1126 713 1239 798 aliqua
1253 716 1388 778 senten-

215 821 260 884 tia
273 820 537 898 interlocutoria,
553 821 609 885 vel
621 827 700 905 post
713 825 918 888 sententiam
929 822 1149 900 definitivam,
1163 822 1244 885 dum
1268 822 1310 885 ab
1324 822 1389 884 ista

215 928 268 992 vel
294 929 369 1012 eju‘s
391 930 609 995 exsecutione
632 929 838 1014 appellatur;
870 931 1149 1012 eatrujudiciulis,
1176 949 1252 1014 quaa
1280 931 1319 992 sst
1346 930 1387 993 ab

214 1038 343 1102 actibus
364 1037 673 1121 extrajudieialibus
699 1040 821 1124 quibus
842 1039 917 1123 quis
932 1043 1109 1121 gravatum
1127 1045 1198 1103 uta
1220 1037 1388 1103 delatione

216 1145 338 1220 tutelae,
356 1144 412 1210 vel
425 1145 564 1210 alterins
578 1147 702 1223 oneris,
719 1149 768 1210 uti
788 1148 892 1212 etiam
910 1167 931 1212 a
949 1149 1147 1230 gravamine
1169 1148 1259 1231 quod
1279 1166 1299 1228 a
1322 1147 1388 1230 pri-

215 1253 302 1317 vatis
323 1253 465 1317 insertur
482 1253 537 1318 vel
558 1255 774 1319 inserendum
795 1255 934 1320 timetur
953 1255 988 1318 in
1008 1257 1281 1338 praesentatione,
1305 1254 1388 1320 eleo-

216 1360 317 1438 tione,
335 1365 398 1425 etc.
415 1359 561 1444 Utraque
572 1361 628 1426 vel
642 1368 694 1426 est
702 1363 810 1445 justa,
824 1363 879 1427 vel
890 1363 1101 1428 rationabilis
1113 1381 1156 1427 ex
1167 1365 1261 1446 justa
1272 1382 1385 1438 causa,

215 1486 290 1550 quae
305 1467 515 1533 admittenda
530 1474 592 1544 est,
607 1469 662 1534 vel
675 1471 802 1552 srz'volu
817 1491 859 1536 ex
873 1471 941 1536 levi
961 1489 1074 1546 causa,
1094 1476 1153 1558 aut
1165 1471 1388 1554 smutrotorr'a

214 1579 347 1640 tantum
360 1574 429 1639 litis
441 1577 678 1660 protrahenda
693 1597 805 1654 causa,
828 1598 904 1663 quaa
920 1584 1083 1664 tanquam
1104 1579 1291 1644 temerariae
1310 1580 1389 1662 reji-

214 1683 342 1748 ciendae
366 1688 455 1747 sunt.
482 1684 556 1748 lam
582 1687 754 1767 agendum
780 1687 844 1751 erit
873 1688 913 1752 de
942 1687 1234 1772 appellationibus,
1260 1687 1385 1769 judice,

213 1793 334 1868 causis,
352 1792 454 1856 modo
475 1797 509 1856 et
534 1793 658 1857 affectu
681 1794 966 1878 appellationum;
987 1800 1021 1860 et
1040 1796 1178 1860 tandem
1200 1795 1241 1860 de
1256 1813 1388 1859 recusa-

217 1899 362 1965 tionibus
376 1905 411 1964 et
423 1900 656 1966 relationibus.

501 2110 532 2160 ll.
551 2111 590 2161 De
603 2109 732 2173 personis
746 2121 809 2174 qua
824 2109 964 2174 appellare
978 2110 1105 2174 possunt

254 2243 286 2324 a)
307 2243 374 2323 (lui
393 2243 564 2328 appellere
580 2245 738 2328 possint?
756 2245 968 2326 Regulariter
993 2263 1124 2320 omnes,
1147 2243 1270 2327 quibua
1299 2245 1388 2307 intra

215 2351 270 2415 vel
282 2356 379 2416 extra
389 2353 557 2434 judicium
566 2371 752 2434 gravamen
764 2353 895 2417 illatum
913 2357 975 2426 est,
993 2351 1048 2416 vel
1064 2352 1279 2416 inferendum
1293 2353 1388 2414 time-

216 2463 279 2534 tur,
296 2459 464 2543 appellare
477 2465 621 2543 possunt
634 2479 707 2524 can.
723 2462 761 2524 ld
780 2461 858 2524 Ideo
873 2461 904 2536 b,
921 2482 952 2544 q.
976 2461 1006 2538 6,
1021 2479 1049 2524 c.
1067 2460 1148 2524 6111.
1167 2465 1189 2523 t.
1202 2459 1386 2544 thuidem

216 2584 284 2631 non
298 2567 410 2631 solum
429 2568 686 2644 condemnatus
709 2569 768 2632 sed
789 2573 823 2632 et
843 2569 866 2630 ii
887 2586 1033 2652 quornm
1049 2569 1202 2644 interest,
1219 2567 1386 2650 appellare

214 2680 377 2756 possunt:
399 2676 556 2739 uthaeres
570 2695 631 2758 pro
653 2676 840 2752 coherede,
858 2677 1000 2739 maritus
1018 2693 1079 2758 pro
1095 2693 1213 2750 uxore,
1230 2675 1387 2739 venditor

213 2801 274 2864 pro
289 2788 452 2865 emptore,
469 2783 650 2866 fidejussor
663 2801 724 2865 pro
745 2784 896 2848 debitore
915 2783 1100 2866 principali,
1117 2787 1213 2865 pater
1227 2801 1288 2864 pro
1304 2782 1384 2858 illio,

214 2895 248 2955 et
262 2897 410 2967 econtra,
422 2891 579 2956 dominus
588 2911 650 2974 pro
667 2891 813 2968 subdito,
831 2892 1009 2975 episcopus
1024 2909 1085 2975 pro
1099 2890 1230 2966 clerico,
1248 2890 1389 2973 quilibet

214 3018 275 3081 pro
300 3001 526 3064 condemnato
548 2999 591 3064 ad
618 2999 830 3084 supplicium,
856 3019 934 3064 eum
962 3001 1181 3064 innocentem
1205 2998 1387 3063 defendere

214 3107 520 3172 omniumintersit.
532 3107 706 3173 interdum
721 3109 823 3172 etiam
834 3113 977 3191 utraque
987 3126 1064 3190 pars
1079 3106 1248 3191 appellare
1262 3109 1395 3192 potest,

215 3214 295 3278 dum
324 3215 494 3280 sententia
521 3199 622 3299 super
650 3215 804 3299 pluribus
832 3216 981 3280 articulis
1000 3215 1080 3292 lata,
1104 3215 1140 3279 in
1166 3233 1235 3279 uno
1257 3214 1328 3290 uni,
1353 3213 1388 3278 in

215 3319 321 3386 altero
336 3321 433 3386 alteri
446 3328 548 3388 nocet
561 3325 600 3404 (c.
617 3325 635 3386 7
650 3325 683 3387 h.
702 3325 749 3404 t).
762 3323 1061 3388 Excommunicato
1076 3321 1266 3387 admittitur
1276 3321 1389 3405 appel-

215 3427 295 3493 latio
308 3428 487 3512 judicialis‚
505 3434 668 3514 tanquam
689 3431 841 3496 defensio
856 3431 895 3512 (c.
912 3433 942 3507 b,
959 3431 989 3506 8,
1015 3431 1049 3494 ll
1071 3430 1113 3494 de
1131 3429 1295 3514 Except),
1319 3448 1389 3494 non

218 3540 331 3602 tamen
345 3537 547 3618 regulariter
561 3539 834 3622 extrajudicialis,
850 3557 925 3624 quae
940 3539 1010 3603 vim
1024 3539 1260 3603 conventionis
1274 3539 1386 3603 babet.

256 3644 285 3726 ὸ)
300 3643 476 3728 Appellare
491 3663 561 3710 uon
575 3651 720 3728 possunt
735 3667 742 3708 :
760 3649 791 3710 1ο
806 3648 869 3724 Qui
884 3665 1043 3732 expresse
1057 3651 1116 3712 aut
1135 3647 1234 3710 tacite
1254 3651 1390 3710 senten-

217 3752 298 3816 tiam
326 3753 535 3836 approbavit,
559 3753 615 3818 vel
642 3754 793 3836 legitime
819 3755 941 3820 citatus
970 3755 1216 3820 contumaciter
1244 3753 1328 3817 dixit
1352 3771 1388 3818 se

216 3859 305 3924 nolle
318 3861 446 3924 venire.
463 3861 495 3924 2⁰
511 3861 573 3937 Qui
587 3861 622 3924 in
638 3861 759 3926 eadem
773 3881 875 3927 causa
889 3881 959 3928 non
974 3862 1094 3927 detulit
1106 3862 1267 3944 legitimae
1277 3861 1390 3945 appel-

215 3967 333 4031 lationi
360 3967 412 4032 sui
437 3967 620 4033 adversarii
644 3968 683 4050 (c.
700 3969 785 4032 tlh.
808 3972 861 4053 t.);
888 3987 967 4034 nam
984 3971 1074 4054 quod
1094 3971 1236 4054 quisque
1248 3969 1336 4052 juris
1354 3969 1389 4032 in

217 4073 362 4139 alterum
376 4077 503 4152 statuit,
518 4077 720 4160 eodemipse
733 4078 783 4140 uti
798 4078 909 4142 debet.
918 4078 951 4140 3⁰
966 4078 1028 4154 Qui
1040 4079 1146 4141 tribus
1159 4077 1390 4141 conformibus

218 4183 396 4248 sententiis
414 4184 662 4248 condemnatus
680 4189 741 4260 est,
764 4187 806 4248 ab
831 4185 950 4248 ultima
972 4185 1141 4268 appellare
1157 4184 1286 4268 nequit,
1312 4184 1391 4267 quia

218 4291 438 4374 presumptio
450 4291 537 4372 juris
567 4291 656 4356 etde
669 4295 746 4376 jure
769 4297 821 4356 est
835 4311 896 4375 pro
911 4293 1069 4376 aequitate
1084 4291 1341 4367 sententiarum,
1357 4295 1391 4355 et

218 4403 336 4462 eontra
354 4417 462 4474 reum,
485 4399 575 4482 quod
594 4419 732 4464 causam
763 4400 914 4483 iniquam
935 4401 1052 4464 foveat
1073 4399 1154 4482 (cap.
1180 4399 1220 4463 65
1238 4399 1309 4480 huj.
1339 4399 1386 4480 t).

217 4503 248 4567 4·
262 4504 300 4568 ln
318 4507 451 4571 notorio
466 4508 617 4583 crimine,
635 4507 691 4572 vel
705 4507 733 4571 si
747 4508 937 4591 copulative
961 4507 1049 4572 adsit
1062 4507 1198 4590 propria
1221 4506 1389 4571 confessio

218 4611 342 4694 injure
369 4617 403 4678 et
428 4615 595 4681 convictio
614 4617 764 4680 oriminis
781 4617 819 4698 (c.
838 4617 886 4691 13,
904 4615 943 4680 ll
958 4617 990 4678 h.
1010 4619 1046 4692 t,
1063 4633 1136 4680 can.
1153 4615 1208 4693 l,§
1222 4613 1344 4680 Nullus
1358 4615 1388 4690 9,

219 4739 251 4801 q.
269 4721 309 4798 bl.
327 4721 479 4805 Denique
494 4724 526 4786 5⁰
547 4724 604 4806 qui
621 4724 749 4806 juravit
769 4741 805 4790 se
829 4742 898 4788 non
917 4722 1177 4807 appellaturum,
1192 4721 1393 4804 regulariter
