3488 5564
351 476 391 538 56
812 493 862 540 rus
882 489 1061 539 canonicus.
1179 509 1182 516 ι

391 612 421 688 ll)
439 612 541 678 Feriae
555 611 769 677 dividuntur:
783 614 813 678 1ο
823 613 859 677 in
871 613 1033 678 solemnes
1047 631 1108 677 seu
1123 610 1321 687 ordinarias,
1334 615 1369 676 et
1380 619 1526 676 entraor-

352 719 699 786 omnesomnes
711 726 875 806 suntquae
888 721 995 802 alege
1007 719 1527 804 definitaesunt,acprcindesin-

351 827 440 910 gulis
454 829 553 893 annis
567 835 761 905 recurrunt;
778 830 868 894 unde
890 830 994 894 etiam
1015 829 1255 894 anniversariae
1275 832 1523 911 nuncupantur.

296 1007 300 1020 1
351 935 644 1002 Eortrnordc'nerisr
659 955 720 1001 seu
736 938 932 1020 repentinae,
950 957 1025 1022 quse
1047 935 1140 1002 nulla
1158 940 1251 1001 certa
1263 940 1297 1000 et
1311 935 1421 1000 stabili
1438 935 1524 1015 lege,

353 1043 413 1110 sed
426 1045 469 1110 ob
484 1045 699 1128 repentinam
713 1064 851 1110 cansam
867 1066 887 1110 a
901 1045 1050 1129 principe
1065 1045 1283 1110 inducuntur.

393 1153 425 1216 2⁰
441 1151 629 1216 ordinarie
645 1171 763 1216 rursus
778 1152 977 1218 dividuntur
991 1154 1027 1216 in
1047 1171 1159 1217 sacras
1182 1157 1216 1216 et
1231 1152 1410 1237 profanas,
1427 1155 1528 1234 prout

354 1259 397 1326 ad
411 1259 540 1325 cultum
555 1260 614 1324 Dei
629 1261 684 1324 vel
695 1261 874 1324 hominurn
889 1261 1071 1326 utilitatem
1085 1260 1232 1329 inductae
1247 1264 1338 1324 sunt.

374 1419 377 1426 .
395 1367 566 1432 Prioribus
585 1373 697 1452 partes
715 1370 911 1434 renuntiare
934 1388 1003 1434 non
1027 1373 1181 1452 possunt,
1200 1369 1279 1452 quia
1297 1366 1530 1432 solemnitates

357 1493 460 1542 sacrae
480 1475 609 1540 suntin
628 1477 795 1542 honorem
808 1477 868 1541 Dei
884 1481 919 1541 ct
931 1478 1061 1542 bonum
1074 1475 1247 1560 publicum
1261 1476 1441 1550 institutae;
1455 1492 1532 1558 pos·

358 1585 548 1662 tenoribus,
560 1603 635 1668 quac
647 1589 727 1650 sunt
735 1585 964 1670 principaliter
973 1585 1008 1648 in
1019 1586 1173 1650 favorem
1182 1583 1399 1666 litigantium,
1409 1601 1532 1647 renun-

359 1693 433 1760 tiari
447 1697 570 1778 potest.

378 1799 423 1885 ,ci
446 1801 594 1881 Quinam
618 1801 685 1866 sint
708 1803 868 1887 inspecte
892 1801 962 1865 dies
978 1801 1100 1883 feriati
1121 1802 1155 1864 in
1178 1799 1297 1884 qulbus
1313 1797 1446 1879 jndicio
1465 1815 1532 1860 non

354 1917 497 1994 possunt
511 1910 695 1976 celebrari?

399 2018 483 2082 Sunt
498 2017 569 2082 dies
582 2017 660 2080 festi
675 2035 760 2100 qnos
774 2016 921 2084 Ecclesia
934 2017 1075 2082 festivos
1090 2015 1247 2093 celebrat,
1266 2021 1300 2080 et
1315 2014 1372 2099 qui
1393 2017 1473 2078 suut
1491 2011 1533 2076 de

360 2130 544 2208 praecept03
561 2129 594 2189 et
607 2129 731 2208 praeter
744 2126 807 2190 hcs
823 2131 954 2208 septem
969 2125 1016 2189 illi
1032 2126 1103 2190 dies
1119 2126 1176 2210 qui
1192 2122 1398 2190 antecedunt
1408 2121 1534 2186 testum

361 2233 507 2310 Paschae,
526 2238 560 2296 et
574 2238 705 2316 septem
719 2234 775 2317 qui
793 2235 1058 2317 subsequuntur.

401 2341 541 2417 Quando
561 2341 654 2404 ferire
675 2341 710 2403 in
732 2341 910 2406 domiciliis
930 2342 1053 2406 actoris
1078 2349 1111 2406 et
1134 2343 1184 2406 rei
1209 2341 1410 2423 discrepant,
1427 2340 1535 2402 atten-

363 2449 482 2514 dendae
498 2455 578 2514 sunt
590 2449 683 2514 ieriae
696 2448 760 2513 loci
775 2449 832 2512 ubi
847 2451 885 2512 fit
898 2455 1004 2513 actus.
1222 2442 1224 2447 ’

677 2642 708 2692 11.
727 2643 766 2692 be
783 2640 922 2704 potestate
938 2640 1107 2694 instituendi
1125 2639 1217 2693 terias.

404 2781 435 2858 o)
459 2776 576 2854 Quoad
597 2775 704 2858 ferles
723 2777 903 2862 proferres,
926 2783 1057 2848 certum
1080 2781 1133 2842 est
1156 2795 1213 2842 eas
1239 2795 1339 2860 posse
1365 2775 1494 2840 institui
1517 2793 1539 2838 a

364 2885 595 2970 principe,ch
614 2883 680 2948 alic
702 2885 903 2966 magistratu
924 2885 1135 2968 superiorem
1157 2904 1226 2950 non
1245 2887 1464 2966 agnoscente,
1482 2880 1538 2965 qui

364 2993 506 3078 proinde
528 2994 710 3077 praecipere
731 2993 873 3057 subditis
892 2993 962 3056 suis
988 2998 1102 3076 potest
1120 2998 1158 3058 ut
1177 3011 1217 3058 eo
1241 2993 1294 3058 die
1314 2992 1506 3056 abstineant
1520 3009 1541 3052 a

364 3101 537 3166 laboribus
557 3107 591 3166 et
609 3101 767 3185 operibus
782 3099 952 3186 civilibus.
976 3099 1072 3166 Ratio
1093 3107 1145 3164 est
1167 3103 1246 3184 quia
1266 3101 1339 3164 istae
1358 3098 1451 3164 ieriae
1468 3103 1540 3164 ten-

367 3209 452 3274 dunt
463 3209 505 3272 ad
518 3210 622 3274 ssnem
632 3227 725 3274 mere
737 3208 923 3292 politicum,
936 3208 1082 3292 ideoque
1092 3229 1112 3274 a
1121 3209 1271 3292 principe
1283 3207 1419 3293 politico
1431 3225 1540 3290 eoque

368 3317 439 3384 solo
456 3317 587 3380 institui
604 3322 757 3400 possunt.

409 3427 438 3510 li)
450 3426 566 3502 Quoad
579 3426 815 3506 sertcssocrcs,
826 3425 856 3487 1⁰
872 3423 1036 3502 catholici,
1048 3429 1166 3490 contra
1172 3429 1410 3508 protestantes,
1426 3423 1543 3488 dicunt

368 3533 479 3598 solum
501 3533 687 3616 principem
713 3531 978 3596 ecclesiasticum
999 3551 1101 3615 posse
1128 3532 1296 3616 ejusmodi
1320 3533 1422 3598 terias
1447 3531 1542 3596 insti-

367 3649 473 3706 tuere.
488 3641 584 3704 Ratio
598 3644 651 3704 est
666 3640 744 3722 quia
757 3639 833 3704 laici
848 3641 883 3703 in
898 3640 1126 3725 spiritualibus
1141 3639 1271 3704 nullam
1284 3641 1412 3705 habent
1430 3645 1543 3706 aucto-

367 3751 517 3823 ritatem;
542 3747 631 3830 apud
653 3747 746 3829 ipsos
769 3752 886 3812 manet
909 3751 1093 3814 necessitas
1118 3749 1345 3833 obsequendi,
1367 3768 1436 3813 non
1459 3765 1541 3812 vero

366 3856 549 3920 auctoritas
570 3855 769 3937 imperandi.
788 3855 882 3920 Unde
898 3855 1115 3921 Innocentius
1130 3857 1169 3932 X,
1185 3857 1341 3922 inconst.
1360 3855 1447 3922 Cum
1460 3875 1543 3920 sern-

360 3981 437 4047 per,
453 3964 588 4027 irritum
601 3963 785 4027 declaravit
799 3964 946 4028 edictum
961 3966 1199 4046 gubernatoris
1215 3969 1249 4030 et
1263 3971 1402 4030 senatus
1419 3963 1543 4030 Medio·

366 4071 527 4148 lanensis
545 4091 612 4156 quc
624 4073 751 4138 testum
773 4071 804 4136 S.
821 4073 986 4138 bominici
1007 4075 1128 4139 festive
1148 4073 1311 4139 celebrari
1329 4074 1543 4157 praecipieba-

369 4185 433 4242 tur.
450 4161 488 4224 -’
503 4179 630 4243 Deinde
654 4181 863 4256 consecratio
884 4179 949 4246 loci
969 4181 1024 4248 vel
1043 4182 1109 4246 diei
1123 4183 1164 4246 ad
1180 4182 1271 4276 idem
1289 4181 1477 4258 reducitur;
1494 4187 1543 4246 at-

370 4287 426 4369 qui
439 4289 648 4353 consecratio
663 4288 738 4364 loci,
755 4292 846 4371 puta,
865 4288 1025 4366 ecclesiae,
1041 4295 1094 4354 est
1109 4289 1189 4375 quid
1205 4289 1395 4373 spirituale3
1412 4295 1543 4373 ergoet

369 4395 576 4458 consecratio
591 4395 655 4459 diei
671 4396 707 4458 in
721 4395 888 4462 honorem
899 4397 959 4462 Dei
974 4396 1030 4463 vel
1044 4403 1249 4464 sanctorum.

409 4501 590 4566 Diximus:
621 4511 737 4566 contre
757 4513 1000 4588 protestantes·
1028 4523 1108 4571 nam
1136 4507 1183 4570 illi
1204 4507 1354 4572 haeretici
1378 4507 1545 4573 docebant

367 4613 423 4694 jus
438 4610 538 4677 terias
556 4629 667 4682 sacras
682 4613 912 4684 constituendi
931 4614 972 4683 ad
990 4617 1206 4702 majestatem
1223 4620 1257 4685 et
1272 4616 1543 4702 jurisdictionem
