3498 5572
366 546 428 612 llo
828 564 880 612 rus
902 563 1084 612 csuorucur.

367 677 431 746 bus
447 681 572 745 sanetis
586 679 782 744 hominibus
795 679 975 764 inspiravit
991 682 1082 746 Deus
1097 683 1135 745 ut
1149 697 1241 744 nova
1253 678 1410 744 instituta
1423 677 1549 743 conde-

367 795 445 854 rent
457 789 633 870 religiosa;
650 789 753 865 unde,
767 806 838 854 non
852 790 1066 854 obstantibus
1081 787 1147 852 illis
1158 787 1314 864 decretis,
1329 791 1455 851 exorte
1469 788 1549 848 sunt

368 895 483 960 multae
498 896 627 980 species
642 897 876 962 institutorum
888 897 1098 979 regularium
1115 915 1122 960 :
1137 895 1285 979 capitula
1305 893 1547 960 canonicorum

366 1002 585 1085 regularium,
611 1004 749 1070 ordines
769 1004 944 1082 militares,
967 1005 1104 1072 ordines
1127 1003 1375 1086 redemptionis
1395 1001 1544 1085 captivo·

367 1129 455 1187 rum,
478 1116 512 1176 et
525 1112 665 1177 tandem
680 1113 817 1178 ordines
829 1113 1109 1190 mendicantium,
1130 1112 1266 1188 scilicet,
1285 1111 1429 1176 fratrum
1442 1109 1547 1174 Mino·

369 1237 456 1296 rum,
486 1217 760 1296 Praedicatorum,
787 1219 1044 1286 Carmelitarum
1073 1226 1108 1285 et
1130 1219 1467 1302 augustinianorum,
1489 1216 1546 1299 qui

325 1338 328 1352 '
365 1327 524 1393 latiorem
551 1329 774 1393 obtinuerunt
797 1331 1035 1396 extensionem
1059 1333 1094 1394 et
1122 1329 1309 1413 majoribus
1333 1327 1439 1394 dotati
1467 1333 1547 1390 sunt

365 1435 573 1517 privilegiis:
591 1437 815 1520 quamobrem
838 1438 975 1520 epochas
998 1437 1045 1500 illi
1075 1455 1203 1502 nomen
1217 1436 1397 1502 dederunt.
1427 1434 1465 1498 ln
1483 1434 1546 1498 hac

364 1539 524 1625 periodo,
550 1543 620 1609 vita
646 1545 756 1609 activa
782 1545 847 1610 luit
867 1546 971 1610 etiam
985 1545 1153 1611 associata
1166 1545 1245 1610 vitae
1260 1541 1544 1626 contemplativae,

364 1651 411 1715 ita
426 1657 464 1714 ut
477 1669 574 1716 novae
599 1651 795 1733 religiones,
822 1653 932 1735 magis
957 1671 1060 1738 quam
1081 1653 1300 1737 antiquiores,
1326 1653 1404 1716 vitae
1427 1651 1545 1716 activae

365 1758 546 1824 videantur
561 1758 714 1824 addicta.

403 1866 436 1929 4⁰
455 1866 482 1929 Α
498 1865 622 1931 saeculo
639 1887 690 1930 rvr
706 1867 872 1952 usquead
893 1885 967 1943 nos,
986 1874 1218 1952 apparuerunt
1239 1849 1395 1932 instituta
1410 1866 1545 1932 clerico

365 1991 443 2036 rum
466 1972 676 2054 regularium
691 1973 956 2056 (Theatinorum,
978 1975 1248 2050 Barnabitarum,
1268 1974 1542 2050 Somaschorum,

365 2081 542 2145 Societatis
556 2080 647 2158 lesu,
672 2081 873 2147 clericorum
890 2083 1081 2162 Minorum).
1102 2083 1265 2164 Religiosi
1282 2083 1387 2166 hujus
1408 2083 1544 2165 epochae

366 2193 532 2253 vocantur
545 2187 657 2254 clerici
673 2189 860 2272 regulares,
878 2191 958 2275 quia
972 2197 1052 2256 sunt
1068 2192 1183 2276 potius
1197 2190 1309 2256 clerici
1325 2209 1428 2275 quam
1443 2209 1542 2272 regu-

365 2294 464 2370 lares,
484 2294 620 2373 scilicet,
633 2297 754 2378 regula
765 2299 879 2381 potius
894 2300 1037 2364 accessit
1049 2299 1232 2375 clericatui,
1251 2317 1353 2383 quam
1367 2298 1545 2363 clericatus

366 2403 504 2484 regular.
532 2403 600 2468 lllae
624 2403 807 2487 religiones
829 2425 899 2471 non
921 2412 1003 2471 sunt
1029 2407 1133 2472 choro
1160 2407 1321 2484 addiotae3
1341 2409 1546 2491 profitentur

366 2512 471 2576 vitam
482 2512 787 2578 deambulatoriam
801 2513 844 2579 ad
858 2516 966 2580 instar
980 2515 1260 2591 mendicantium,
1273 2532 1343 2580 non
1357 2514 1495 2598 quidem
1508 2518 1545 2582 ut

369 2637 412 2682 ex
437 2620 630 2686 mendicata
654 2621 741 2704 stipe
770 2621 923 2699 alantur,
952 2621 1012 2686 sed
1038 2629 1076 2687 ut
1099 2623 1203 2687 variis
1229 2622 1348 2688 officiis
1372 2621 1549 2686 charitatis·

367 2727 576 2793 incumbant.
593 2727 640 2792 De
664 2728 845 2792 recentiori
871 2728 1086 2794 distinctione
1107 2729 1144 2792 in
1157 2729 1442 2811 congregationes
1455 2747 1545 2792 reco-

366 2837 479 2918 gnitus
498 2854 519 2900 a
533 2835 629 2900 Statu
645 2836 782 2900 velcon
804 2838 994 2922 recognitas
1008 2837 1093 2900 nihil
1108 2838 1271 2913 dicemus,
1289 2855 1368 2902 cum
1381 2837 1455 2900 hec
1478 2837 1545 2899 dis-

367 2943 483 3009 tinctio
496 2945 611 3008 veniat
628 2963 672 3010 ex
685 2943 836 3012 violenta
846 2947 1067 3029 usurpatione
1080 2947 1212 3030 jurium
1226 2945 1381 3011 Ecclesiae
1392 2964 1413 3012 a
1424 2946 1545 3027 guber-

368 3049 433 3113 niis
451 3050 616 3115 civilibus.

581 3243 624 3293 111.
642 3243 681 3294 be
698 3239 808 3295 ratlone
823 3240 952 3306 erigendi
965 3241 1030 3296 illos
1044 3241 1158 3297 ordlnes
1172 3243 1325 3310 religiosos.

406 3373 484 3440 llaeo
498 3375 650 3441 notanda
662 3379 758 3440 sunt:

406 3485 439 3566 a)
453 3483 495 3547 Ut
512 3483 759 3568 supradictum
776 3490 839 3560 est,
866 3484 1098 3552 substantialis
1119 3485 1233 3569 aliqua
1251 3485 1400 3551 conditio
1416 3487 1545 3551 sancita

365 3591 429 3653 luit
443 3592 485 3656 ab
500 3589 572 3654 lnn.
588 3589 631 3654 lll
646 3591 682 3654 in
693 3591 836 3657 concilio
850 3591 1004 3658 Lateran.
1030 3593 1071 3656 lV
1093 3597 1161 3658 eta
1180 3592 1321 3674 Gregll
1343 3594 1379 3658 in
1401 3593 1544 3658 concillo

365 3697 517 3780 Lugdun.
547 3697 585 3775 ll,
617 3699 708 3782 quod
734 3717 837 3766 nemo
861 3719 988 3764 novam
1017 3699 1218 3782 religionem
1240 3701 1403 3766 inveniat.
1427 3700 1544 3786 Itaque

366 3806 398 3868 l⁰
412 3807 610 3890 approbatio
635 3826 734 3873 novae
755 3807 931 3891 religionis
953 3813 1006 3874 est
1020 3826 1123 3872 causa
1141 3809 1255 3890 major
1272 3808 1415 3875 Summo
1433 3809 1546 3874 Ponti-

365 3914 420 3978 ssci
442 3919 633 3992 reservata;
660 3922 762 3982 antea
787 3922 861 3983 erat
882 3935 986 3982 causa
1011 3917 1222 4001 episcopalis.
1245 3919 1314 3982 Lex
1332 3917 1390 3984 illa
1413 3917 1545 3982 concilii

367 4023 602 4086 lateranensis
617 4041 687 4088 non
711 4029 764 4088 est
777 4029 912 4089 tantum
925 4025 1122 4109 prohibens,
1139 4027 1200 4091 sed
1214 4027 1318 4092 etiam
1332 4027 1482 4102 irritans,
1499 4025 1546 4088 ita

368 4134 406 4192 ut
428 4147 498 4194 non
521 4129 658 4196 valeant
678 4137 760 4198 vota
774 4134 901 4198 emissa
916 4134 952 4197 in
974 4153 1066 4200 nova
1080 4135 1245 4217 religione
1264 4153 1336 4200 non
1359 4134 1547 4218 approbata

369 4238 544 4304 aSummo
559 4240 731 4306 Pontillce.
748 4241 973 4324 Disputabant
983 4242 1151 4322 doctores,
1162 4261 1207 4308 an
1219 4244 1283 4308 sub
1297 4241 1355 4307 illo
1365 4241 1545 4307 interdicto

369 4347 509 4412 venient
522 4348 625 4412 etiarn
640 4347 809 4432 simplices
824 4351 1108 4432 congregationes
1123 4351 1302 4432 religiosae.
1331 4350 1430 4415 Ratio
1450 4348 1546 4414 dubi-

370 4455 463 4518 tandi
486 4455 729 4520 desumebatur
755 4477 798 4522 ex
815 4477 857 4523 eo
880 4459 983 4544 quod,
1006 4477 1026 4524 a
1053 4460 1265 4543 temporibus
1289 4458 1478 4524 Innocentii
1501 4455 1545 4520 lll

369 4581 477 4646 usque
489 4564 533 4628 ad
552 4565 733 4629 concilium
745 4565 832 4631 Trid.
855 4567 960 4632 Sedes
974 4567 1168 4651 Apostolica
1180 4586 1250 4633 non
1266 4567 1466 4651 approbavit
1479 4565 1544 4629 nisi

369 4689 468 4736 veras
479 4670 673 4752 religiones,
689 4673 723 4738 id
739 4681 792 4738 est
805 4693 884 4740 cum
897 4675 986 4740 votis
1001 4675 1220 4754 solemnibus,
1239 4683 1273 4740 et
1287 4675 1364 4740 ideo
1375 4673 1545 4757 simplices
