3510 5574
567 646 656 691 ernau
678 645 807 690 rannus
828 634 1048 692 redarmatur.
1339 629 1397 692 ill

217 763 452 849 praejudicium
472 761 623 838 alterius,
644 767 810 847 perpetuo
830 763 971 858 uniendi
996 761 1155 828 ecclesias
1178 768 1213 828 et
1234 763 1400 829 beneficia

218 873 334 938 omnia
348 889 419 936 suae
434 870 591 935 dioeeesis
606 889 676 936 nou
691 877 852 955 exempta
865 873 907 936 ab
923 872 999 954 ejus
1010 871 1257 956 Jurisdietione.

257 981 289 1044 3⁰
301 979 379 1044 llaec
389 981 541 1063 potestas
555 979 720 1061 competit
732 978 891 1061 capitulo,
910 979 991 1043 sede
1007 983 1160 1044 vacante.
1174 979 1272 1056 Quod
1286 979 1321 1042 in
1335 981 1399 1045 bac

218 1107 255 1153 re
269 1091 475 1172 potestatem
490 1085 638 1170 episcopi
649 1085 784 1162 babeat,
794 1089 929 1152 constat
941 1086 1021 1170 quia
1033 1087 1115 1151 unio
1129 1087 1195 1151 ista
1206 1087 1399 1156 introducta
1483 1147 1491 1162 ,

217 1197 281 1260 luit
292 1196 336 1260 ob
350 1194 571 1260 necessitates
586 1192 747 1270 eeclesia,
757 1213 796 1259 ae
805 1195 949 1278 proinde
963 1199 1015 1260 est
1026 1195 1272 1278 jurisdictionis
1284 1215 1399 1261 neces·

218 1303 325 1381 scrin,
334 1322 409 1387 quae
422 1301 615 1368 devolvitur
626 1302 668 1367 ad
680 1301 877 1386 capitulum,
890 1301 971 1368 sede
989 1307 1144 1368 vacante.
1155 1305 1400 1371 Verumtamen

218 1410 404 1496 capitulum
423 1428 485 1496 per
510 1409 585 1476 illas
608 1411 754 1475 uniones
774 1409 859 1475 nibil
882 1411 1046 1493 derogare
1067 1411 1168 1475 debet
1185 1412 1254 1495 juri
1274 1413 1400 1497 opisco-

219 1518 296 1605 pali.
1119 1516 1124 1526 ’

260 1627 325 1694 Sed
339 1629 371 1693 4⁰
387 1629 533 1694 vicarius
553 1628 723 1710 generalis
743 1627 799 1693 vel
818 1627 979 1711 praelatus
1000 1627 1152 1705 inferior,
1171 1629 1245 1695 sine
1264 1629 1401 1714 speciali

219 1737 382 1803 mandato
402 1737 561 1822 episcopi,
581 1736 702 1820 nequit
720 1736 817 1800 unire
840 1735 1017 1812 eeclesiam
1038 1753 1119 1802 nam
1140 1738 1305 1804 beneficia
1323 1757 1401 1804 con·

218 1848 306 1912 terre
321 1846 451 1930 nequit,
468 1850 502 1910 et
517 1843 626 1909 multo
641 1845 756 1910 minus
772 1861 813 1908 ea
827 1844 935 1908 unire.

257 1955 283 2036 c)
308 1953 490 2020 Ceutrones
502 1954 593 2036 juris
613 1953 702 2017 circa
722 1953 874 2016 uniones.
891 1954 923 2016 l⁰
938 1952 1037 2018 Cone.
1055 1953 1143 2018 Trid.
1161 1955 1256 2036 (sess.
1274 1957 1303 2030 l,
1318 1973 1346 2020 c.
1364 1955 1399 2032 4;

220 2082 303 2129 sess.
321 2063 370 2140 il,
392 2081 420 2128 c.
444 2065 494 2145 ll)
509 2063 667 2146 probibet
681 2061 828 2126 uniones
848 2061 1054 2146 temporales
1075 2062 1119 2127 ad
1142 2062 1248 2127 vitam
1272 2064 1400 2128 beneti-

219 2174 306 2250 ciati‚
327 2174 407 2257 quia
429 2173 563 2256 proprie
589 2189 660 2236 non
682 2175 764 2234 sunt
787 2171 933 2236 uniones
955 2169 1186 2250 ecelesiarum,
1207 2171 1269 2236 sed
1291 2173 1403 2256 reipsa

219 2283 457 2349 eoncessiones
479 2281 629 2366 plurium
652 2280 912 2356 beneficiorum
938 2299 1050 2364 neque
1072 2281 1138 2346 hoc
1160 2282 1265 2347 modo
1290 2281 1403 2366 provi-

221 2389 319 2456 detur
333 2391 494 2469 ecelesiis,
512 2390 572 2456 sed
586 2389 755 2475 personis.

258 2503 290 2566 2⁰
306 2501 500 2566 Generatim
523 2499 673 2584 episcopi
697 2517 767 2564 non
788 2505 934 2584 possunt
954 2499 1053 2565 unire
1077 2501 1143 2566 nisi
1172 2501 1337 2566 beneficia
1360 2501 1402 2566 ad

220 2611 398 2686 benellcia3
416 2610 497 2675 unio
512 2609 606 2674 enim
620 2627 691 2674 non
711 2609 751 2674 iit
765 2609 807 2674 de
828 2609 995 2676 beneflcio
1018 2611 1061 2674 ad
1086 2629 1156 2674 non
1180 2611 1396 2676 beneficium.

219 2721 345 2785 Temen
359 2719 434 2784 lieri
448 2721 593 2803 possunt
607 2719 753 2784 uniones
767 2719 1023 2796 beneficiorum,
1041 2717 1164 2784 saltem
1183 2717 1398 2802 simplicium,
1467 2759 1469 2767 ι

219 2828 301 2894 locis
323 2828 388 2912 piis
411 2845 450 2892 ac
473 2825 658 2909 religiosis,
685 2831 768 2910 puta
794 2826 1001 2903 seminariis,
1024 2826 1260 2911 hospitalibus.
1285 2827 1403 2904 Quoad

222 2937 415 3013 seminaria,
436 2935 524 3000 Trid.
541 2937 638 3018 (sess.
657 2935 707 3012 23,
725 2953 754 2999 o.
773 2935 823 3016 l8)
837 2933 1099 3019 permissionem
1110 2933 1203 3000 dedit
1211 2933 1401 2999 ordinariis.

220 3045 297 3109 Haec
313 3049 429 3111 tamen
443 3045 525 3110 unio
547 3061 617 3110 non
638 3045 678 3107 lit
691 3043 765 3108 'nisi
786 3043 978 3108 seminariis
998 3045 1073 3127 jam
1094 3043 1227 3119 erectis,
1245 3061 1315 3108 nou
1337 3043 1401 3106 eri-

221 3154 352 3236 gendis,
378 3159 416 3217 ut
439 3154 612 3219 alllrmant
635 3154 790 3237 plurimas
816 3153 1061 3218 declarationes
1077 3152 1200 3234 Congr.
1218 3151 1317 3218 Cone.
1337 3151 1402 3218 Sed

221 3265 368 3348 episcopi
382 3264 477 3330 nullo
493 3265 597 3330 modo
612 3271 758 3348 possunt
773 3263 965 3330 seminariis
980 3264 1077 3328 unire
1094 3263 1260 3328 benellcia
1273 3267 1400 3330 curata.

260 3375 292 3438 3⁰
306 3373 344 3437 ln
364 3373 575 3440 clementina
594 3373 688 3438 finali
709 3374 759 3438 tit.
785 3375 827 3439 de
846 3374 954 3440 Rabies
976 3373 1091 3438 Eccles
1107 3391 1177 3436 non
1198 3371 1401 3450 alienandis,

222 3483 420 3565 prohibetur
445 3503 488 3548 ne
512 3484 691 3568 episcopus
713 3485 976 3568 (consequenter
993 3488 1029 3547 et
1053 3482 1248 3567 capitulum)
1274 3499 1403 3546 mensae

223 3609 293 3656 suae
307 3591 445 3676 aliquod
460 3593 668 3658 beneficium
688 3595 795 3669 uniat,
805 3607 856 3657 ¹ne
876 3595 912 3657 in
936 3593 989 3658 sui
1003 3593 1157 3658 levorem
1173 3595 1313 3676 praestet
1326 3609 1404 3660 con·

222 3717 373 3778 sensum,
390 3707 425 3765 et
435 3703 493 3785 Jus
509 3701 598 3767 dicat
610 3703 646 3766 in
659 3703 796 3786 propria
809 3719 923 3768 eausa.

265 3809 330 3874 Sed
344 3810 377 3874 4⁰
392 3827 435 3874 ex
452 3809 586 3876 constit.
604 3811 730 3876 Bened.
749 3811 819 3875 Xlll
836 3812 1034 3890 Pastoralis‚
1051 3811 1198 3894 episcopi
1208 3813 1353 3894 possunt
1365 3819 1404 3874 ab

224 3917 349 3983 debent
363 3919 461 3984 unire
473 3919 679 3985 benellcium
695 3919 841 4004 simplex
854 3920 965 4004 primo
988 3923 1190 3984 vacaturum
1211 3917 1404 4004 praebenda

224 4028 294 4089 tam
312 4025 496 4110 theologali
514 4046 618 4112 quam
636 4027 862 4113 poenitentiali
878 4031 951 4111 jam
971 4032 1093 4093 erectae
1109 4027 1165 4092 vel
1183 4026 1354 4110 erigendas
1368 4027 1404 4090 in

221 4133 471 4200 cathedralibus
491 4135 595 4200 ltaliae
619 4139 654 4200 et
673 4135 864 4201 insularum
889 4136 1131 4220 adjacentium,
1157 4136 1199 4201 ad
1223 4135 1405 4206 confician-

224 4241 302 4309 dam
316 4259 488 4308 summam
509 4247 776 4326 congruentem
797 4249 833 4310 et
852 4243 936 4310 illud
952 4247 1010 4328 jus
1032 4263 1124 4309 nunc
1138 4243 1275 4309 videtur
1289 4246 1405 4308 exten-

223 4367 301 4414 sum
314 4349 357 4415 ad
372 4351 570 4416 universam
583 4351 784 4430 Ecclesiam
802 4354 892 4418 unde
907 4371 979 4418 non
991 4351 1084 4416 idem
1099 4352 1281 4417 dicendum
1297 4355 1349 4415 est
1363 4349 1404 4414 de

223 4458 415 4540 prebendis
429 4459 657 4544 capitulorum
671 4478 711 4527 ac
727 4461 768 4527 de
781 4461 858 4546 ipsa
870 4479 992 4527 mensa
1004 4459 1191 4545 capitulari.

263 4565 387 4648 d)Qaa
401 4568 517 4652 senna
532 4571 698 4635 uniantur
710 4569 893 4654 beneficio?
903 4569 1073 4654 Respond.
1089 4569 1140 4634 Ad
1151 4569 1298 4635 lormam
1311 4567 1406 4633 unio-

224 4673 277 4736 nis
307 4676 554 4742 benellciorum
580 4677 771 4760 legitimam
799 4677 1006 4764 requiritur:
1028 4679 1060 4742 l⁰
1081 4677 1181 4760 justa
1204 4695 1308 4742 caasa
1335 4675 1407 4739 sive

225 4783 448 4863 necessitatis,
462 4789 501 4850 ut
515 4786 543 4850 si
559 4787 701 4854 eeclesia
723 4786 872 4854 unienda
896 4787 940 4851 sit
960 4805 1091 4870 pauper
1111 4785 1166 4852 vel
1190 4783 1342 4852 desolata
1363 4784 1406 4849 ab
