3510 5574
842 567 893 615 lus
914 569 1095 617 cauonltlm.

681 803 750 876 §ll
772 803 811 860 lle
830 803 1021 862 institutione
1039 803 1257 864 auctorisabili.

604 1004 622 1054 l.
641 1001 680 1054 Ad
696 1013 782 1066 quem
794 1002 937 1066 pertineat
953 1003 1094 1056 institutio
1111 1003 1335 1058 auctorisabilis?

419 1153 589 1220 institutio
610 1155 857 1221 auctorisabilis
880 1161 932 1221 est
955 1158 1166 1242 participatio
1187 1157 1434 1240 jurisdictionis
1461 1175 1559 1241 paro·

376 1263 493 1330 chialis
516 1261 560 1330 ad
581 1267 795 1330 sacramenta
822 1265 949 1349 populo
975 1265 1245 1331 administranda
1272 1266 1416 1350 ejusque
1442 1283 1560 1330 curam

377 1374 546 1456 agendam
564 1373 782 1458 pastoralem,
800 1376 971 1459 precipue
989 1375 1025 1439 in
1047 1377 1123 1441 foro
1142 1376 1289 1440 interno.
1306 1373 1424 1460 ltaque
1444 1373 1559 1440 locum

377 1483 564 1549 nonhabet
578 1483 644 1548 nisi
657 1483 694 1547 in
710 1483 885 1548 beneficiis
897 1485 1033 1549 curatis.

416 1593 448 1657 l⁰
457 1593 664 1678 Approhatio
673 1594 716 1658 ad
724 1611 842 1659 curam
852 1595 1057 1673 animarum,
1068 1595 1109 1660 de
1119 1599 1197 1680 jure
1206 1594 1395 1671 communi,
1404 1595 1560 1660 iacienda

377 1709 430 1770 est
441 1704 484 1772 ab
500 1701 671 1786 episcopo,
687 1703 865 1786 praemisse
880 1703 921 1769 de
936 1703 1143 1770 ideoneilale
1159 1703 1330 1780 examine,
1342 1703 1406 1768 nisi
1420 1701 1558 1768 aliunde

377 1814 419 1880 de
439 1813 496 1879 illa
512 1817 696 1892 constaret,
715 1817 755 1878 ut
769 1814 799 1878 si
821 1813 1062 1898 approbandus
1077 1818 1343 1898 praesentaretur
1365 1832 1428 1878 scu
1450 1813 1560 1878 nomi-

377 1925 517 1987 naretur
538 1922 580 1987 ab
602 1923 837 1998 universitate,
854 1939 917 1986 seu
943 1920 1088 2004 collegio
1113 1921 1327 2004 generalium
1353 1923 1556 1987 studiorum.

375 2031 409 2094 θ’
422 2029 629 2116 approbatio
644 2031 702 2097 illa
714 2035 908 2116 competere
922 2035 1037 2115 potest
1049 2033 1125 2095 tum
1136 2029 1295 2115 capitulo,
1309 2031 1390 2096 sede
1402 2036 1555 2107 vacante,

378 2141 458 2222 qula
471 2143 525 2204 est
538 2144 634 2205 actus
645 2139 892 2222 jurisdictionis
906 2140 1121 2218 necessariae,
1134 2159 1210 2225 qum
1223 2140 1345 2206 totuin
1359 2139 1556 2225 capitulum,

377 2249 458 2314 eade
469 2253 624 2326 vaccule,
635 2249 774 2326 transit;
788 2255 863 2314 tum
874 2249 1002 2314 vicario
1015 2247 1167 2332 generali
1180 2249 1338 2334 episcopi,
1347 2251 1391 2316 ob
1401 2249 1558 2314 eamdem

375 2357 556 2424 rationem.
576 2358 608 2421 3θ
624 2357 805 2424 Postcone.
822 2357 923 2434 Trid„
942 2377 986 2422 ex
999 2376 1073 2442 cap.
1090 2359 1140 2436 la,
1158 2376 1242 2423 sess.
1259 2360 1290 2434 7,
1306 2357 1400 2424 nulla
1414 2375 1558 2423 consue·

377 2463 470 2544 tudo,
487 2465 592 2531 etiam
605 2463 876 2542 immemorialis,
892 2466 1111 2549 praescribere
1131 2469 1247 2550 potest
1262 2469 1382 2532 contra
1392 2469 1450 2549 jus
1469 2465 1557 2531 ordi-

374 2572 560 2648 nariorum,
577 2577 617 2638 ut
629 2573 718 2640 inira
733 2571 873 2639 dicetur.
890 2573 986 2639 Unde
1003 2573 1181 2658 speciatim
1196 2575 1383 2658 quaeritur:

608 2797 639 2848 ll.
657 2796 756 2850 Utrum
772 2795 915 2861 presenti
927 2796 1017 2861 possit
1030 2797 1131 2851 contra
1144 2797 1326 2862 episcopum‘l

416 2950 586 3018 Institutio
610 2949 858 3018 auctorisabilis
880 2969 951 3017 non
970 2951 1199 3037 praecribitur
1212 2955 1332 3018 contra
1346 2949 1555 3034 episcopum,

376 3062 480 3128 etiarn
492 3061 741 3128 consuetudine
756 3061 810 3127 vel
826 3063 1080 3152 praescriptione
1101 3060 1352 3136 immemoriali,
1370 3059 1491 3125 saltem
1515 3076 1558 3122 ex

372 3172 451 3253 J'urc
471 3188 562 3235 novo
577 3171 683 3252 (conc.
700 3170 802 3247 liin,
820 3189 904 3236 sess.
930 3172 960 3248 l,
982 3189 1011 3235 c.
1033 3171 1082 3247 l3,
1104 3171 1147 3235 de
1163 3171 1265 3254 defi),
1282 3185 1364 3234 nam
1383 3165 1460 3232 talis
1478 3183 1557 3232 con-

375 3278 522 3344 suetudo
547 3283 639 3344 esset
664 3279 905 3345 irrationabilis
922 3299 929 3342 :
945 3283 1021 3344 tum
1045 3279 1124 3364 quia
1148 3283 1250 3350 nocet
1269 3276 1437 3352 Ecclesiae,
1462 3293 1554 3350 uam,

375 3385 509 3453 sublato
533 3387 703 3463 examine,
729 3386 829 3452 multi
851 3387 1000 3471 imperiti
1018 3385 1219 3472 irrepserint
1236 3385 1279 3451 ad
1293 3401 1411 3450 curam
1430 3383 1557 3448 anima-

374 3513 471 3572 rum;
490 3497 564 3559 tum
584 3495 663 3580 quia
684 3495 867 3579 opponitur
887 3494 956 3578 juri
976 3493 1104 3572 divino,
1128 3511 1195 3579 quo
1219 3493 1399 3576 episcopus
1421 3493 1557 3556 tenetur

374 3621 512 3687 pascere
528 3622 567 3670 ac
581 3603 725 3688 proinde
738 3621 946 3686 cognoscere
961 3622 1063 3669 suum
1078 3621 1233 3688 gregem.

415 3712 542 3778 Tamen
556 3713 631 3798 ipsa
642 3713 808 3778 benessoia
822 3731 843 3777 a
860 3712 1097 3797 jurisdictione
1111 3711 1261 3796 episcopi
1276 3707 1381 3776 eximi
1394 3710 1554 3792 pessunt;

376 3839 467 3899 nam,
481 3839 553 3887 non
567 3821 724 3886 obstante
739 3839 834 3886 conc.
846 3821 934 3886 Trid.
946 3821 1095 3897 decreto,
1112 3819 1223 3887 adhuc
1240 3818 1368 3903 acquiri
1381 3815 1556 3900 praesorip

376 3931 467 3995 tione
488 3907 603 4014 potest
613 3932 672 4014 jus
686 3929 910 3995 institutionis
925 3927 1172 3994 auctorisabilis
1187 3927 1381 4000 indirectae3
1399 3923 1491 4009 quod
1504 3923 1553 3996 ilt,

377 4038 513 4122 quando
531 4039 736 4104 beneficium
754 4043 912 4103 curatum
925 4057 988 4124 per
1000 4035 1291 4122 praescriptioncm
1304 4036 1344 4098 lll
1357 4037 1556 4116 exemptum

374 4135 641 4229 ajurisdictione
657 4147 806 4231 episcopi
821 4151 856 4211 et
870 4147 1064 4231 subjectum
1078 4145 1135 4211 alii
1151 4145 1322 4230 episcopo.

596 4407 678 4480 §ill
698 4406 740 4464 lle
758 4405 940 4466 inuetitum
961 4421 1014 4466 ecc
1032 4405 1223 4466 institutione
1240 4403 1328 4464 coeli.

416 4606 620 4672 investitura
640 4604 699 4670 illa
719 4609 772 4670 est
792 4605 910 4670 missio
931 4605 967 4669 in
986 4603 1252 4690 possessionem.
1275 4603 1335 4667 lus
1356 4603 1450 4668 enim
1470 4617 1556 4684 prae·

379 4714 494 4780 scribit
507 4717 546 4776 ut
558 4711 685 4796 provisi
702 4711 744 4812 de
757 4713 923 4777 beneficio
944 4711 999 4777 vel
1015 4711 1158 4779 ecclesia
1181 4710 1222 4778 od
1247 4709 1402 4776 benelloii
1421 4725 1556 4792 posses-
