3510 5574
372 563 432 634 188
831 584 884 634 rus
903 583 1086 634 canonicor.

373 691 463 770 cedit
473 705 657 772 conventio
672 704 714 771 da
730 705 911 790 scripturo;
923 722 1005 770 nam
1018 703 1060 769 de
1071 705 1148 786 jnre
1163 700 1328 784 scriptura
1342 717 1412 768 non
1426 706 1479 768 est
1492 719 1561 768 ne-¹

372 813 530 890 11111111,
546 813 612 878 nisi
625 813 671 902 ad,
682 812 869 880 luciliorem
880 813 1127 898 probationem.

413 919 451 985 ln
462 923 540 1004 jure
556 919 637 986 Gall.
650 922 802 987 venditio
817 922 891 987 iteri
905 927 1019 1007 potest
1031 938 1092 1004 per
1115 924 1230 985 actum
1245 918 1480 984 authenticum
1494 919 1551 986 val

373 1047 417 1093 ex
427 1031 505 1112 jure
518 1029 794 1113 chirographario
809 1029 899 1113 (God.
925 1030 1003 1106 civ,
1026 1027 1209 1111 11111181).
1232 1025 1347 1091 Potest
1369 1026 1461 1091 enim
1474 1027 1550 1091 fleri

373 1137 446 1200 sine
457 1136 633 1220 scriptura,
646 1136 708 1201 sed
721 1139 779 1220 jus
794 1154 864 1202 non
880 1136 1028 1201 admittit
1038 1135 1276 1219 probationem
1288 1133 1365 1204 talis
1379 1134 1546 1199 venditio·
1621 1119 1625 1130 '

373 1244 436 1322 nis,
454 1244 519 1308 nisi
540 1244 690 1326 pretium
703 1248 881 1311 remaneat
894 1245 982 1310 inira
996 1244 1056 1309 ito
1069 1245 1111 1309 ir.

846 1465 1005 1528 sterio
1034 1467 1077 1528 ll.

372 1610 420 1664 De
434 1611 588 1677 personis
601 1623 678 1675 quse
692 1621 803 1663 amere
819 1612 854 1662 st
866 1611 1013 1665 vendere
1027 1613 1180 1677 possunt,
1194 1615 1230 1665 et
1243 1625 1361 1666 suum
1374 1623 1548 1664 consensu.

607 1778 626 1830 1.
646 1779 776 1830 Persona
789 1775 962 1830 venditionis
977 1777 1007 1830 et
1019 1775 1172 1842 emptionis
1185 1783 1312 1842 1111111.

411 1907 444 1989 c)
458 1905 579 1970 Emere
592 1911 626 1970 et
640 1905 791 1972 vendero
805 1909 951 1990 possunt
964 1907 1169 1991 quicumque
1188 1907 1265 1989 lego
1284 1923 1355 1972 non
1369 1905 1548 1990 prohiben-

372 2019 444 2078 tur:
460 2014 507 2078 ita
517 2016 575 2097 jus
589 2012 670 2078 Gall.
684 2013 774 2096 (God.
786 2013 864 2091 civ.,
878 2017 941 2079 art.
954 2013 1062 2096 1591);
1078 2013 1165 2080 ratio
1178 2019 1241 2092 est,
1256 2014 1336 2098 quia
1345 2013 1550 2078 estmateria

372 2123 600 2188 communiter
613 2121 790 2205 permissa.
808 2121 981 2198 Quosdam
995 2121 1152 2206 prohibet
1168 2129 1306 2199 nutura,
1326 2127 1365 2186 ut
1389 2121 1547 2196 infantes,

371 2229 530 2306 furiosos,
547 2233 713 2306 amentes,
729 2229 841 2294 ebrios
856 2248 862 2305 ;
879 2227 965 2293 alios
987 2229 1052 2304 tec,
1070 2227 1277 2313 utpupillos,
1293 2230 1455 2304 minores,
1477 2245 1550 2311 pro·

373 2335 480 2418 digus.
497 2335 692 2402 Generatim
706 2337 764 2420 qui
777 2336 901 2422 pacisci
915 2336 1149 2420 prohibentur,
1168 2337 1272 2402 etiam
1287 2355 1401 2402 emere
1421 2341 1456 2400 11
1469 2353 1553 2400 ven·

371 2442 451 2508 dere
459 2443 618 2526 prohibiti
626 2443 872 2508 suntlandem
881 2441 1037 2508 nonnulli
1048 2442 1198 2509 vendere
1208 2448 1364 2509 etemere
1374 2446 1551 2527 nequeunt

375 2551 550 2616 r'nterdtcto
561 2551 653 2634 juris
673 2553 820 2638 speciali,
833 2557 868 2616 et
883 2551 968 2618 tales
983 2557 1081 2616 sunt:

411 2661 443 2722 1ο
458 2659 615 2736 Quicum
632 2661 776 2745 imperio
792 2661 976 2744 provinciis
997 2667 1168 2745 praesunt;
1195 2680 1239 2726 ex
1263 2661 1447 2744 antiquiori
1471 2662 1549 2743 jure

372 2765 481 2844 Rom,
499 2767 560 2832 sed
576 2768 757 2851 prohibitio
772 2768 831 2835 illa
840 2768 974 2852 jamdiu
988 2769 1145 2835 cessavit.
1162 2769 1301 2848 Tamen,
1325 2787 1369 2834 ex
1387 2772 1449 2833 art.
1471 2769 1550 2831 1596

372 2874 450 2939 God.
467 2874 545 2954 civ,
555 2877 869 2961 praepositiputlici
881 2895 996 2942 emere
1011 2895 1082 2942 non
1097 2880 1244 2960 possunt
1258 2877 1349 2942 bona
1363 2874 1551 2942 rationalia

372 3001 448 3066 quae
462 2983 615 3065 ipsorum
628 2983 818 3050 ministerio
834 2984 1042 3062 venduntur,
1059 2985 1103 3050 ob
1122 2985 1292 3050 rationem
1314 2985 1403 3049 infru
1423 2983 1548 3049 datam

372 3091 420 3154 Ex
447 3096 509 3156 111.
535 3091 595 3155 lio
614 3090 693 3157 God.
721 3111 826 3175 poen,
854 3093 939 3158 varii
963 3093 1184 3175 magistratus
1208 3093 1280 3158 sive
1313 3091 1449 3168 civiles,
1478 3092 1550 3154 sive

372 3198 548 3276 militares,
562 3199 795 3282 prohihentur,
820 3202 856 3265 in
873 3201 957 3266 locis
968 3219 1038 3266 suae
1057 3193 1249 3266 austeritati
1267 3199 1421 3279 subditis,
1440 3200 1550 3265 iacere

372 3307 616 3372 commercium
634 3326 822 3389 granorum
839 3312 899 3374 aut
916 3307 1088 3392 liquorum
1105 3329 1113 3372 ε
1133 3309 1193 3374 sed
1212 3314 1265 3374 est
1282 3309 1426 3392 simplex
1438 3307 1551 3392 prohi-

372 3414 465 3479 bitio.

318 3529 320 3534 '
411 3523 607 3609 &Pupillus
617 3542 629 3588 .·
640 3541 721 3589 uam
733 3524 825 3588 hunc
838 3524 928 3590 inter
936 3529 970 3589 11
980 3529 1131 3590 tutorem
1148 3524 1311 3591 celebrari
1328 3525 1550 3610 emptio-ven·

373 3629 455 3695 ditio
481 3632 615 3715 nequit;
636 3631 728 3696 idem
747 3631 789 3696 de
806 3635 974 3712 curatore,
990 3637 1227 3716 procuratore,
1247 3637 1282 3698 et
1303 3634 1494 3716 generatim
1508 3633 1549 3698 de

372 3739 414 3802 iis
431 3739 488 3822 qui
511 3739 623 3804 aliena
635 3741 775 3822 negotia
787 3743 913 3821 gerunt
934 3761 941 3802 :
964 3741 1080 3824 itejus
1096 3743 1193 3806 Rom.
1213 3747 1247 3806 et
1263 3741 1344 3807 Gall.
1360 3741 1450 3824 (God.
1470 3742 1547 3816 civ„

373 3851 435 3911 111.
457 3847 672 3929 1596);111ἰο
693 3853 755 3924 est,
773 3848 853 3932 quia
872 3851 1014 3927 tutores,
1036 3855 1223 3927 curatores,
1241 3855 1490 3934 procuratores,
1514 3853 1552 3912 ut

374 3955 681 4033 administratores,
708 3960 869 4021 tenentur
888 3957 931 4022 ad
954 3959 1103 4042 pretium
1124 3977 1290 4042 magnum
1310 3959 1549 4032 obtinendum;

374 4061 481 4126 altera
493 4067 599 4146 parte,
618 4067 656 4127 ut
672 4067 855 4147 emptores,
871 4071 1013 4148 possent
1026 4067 1136 4149 pretia
1150 4067 1364 4132 submittere,

415 4171 447 4234 3ο
460 4169 655 4234 Adsecutus
671 4189 751 4236 oum
765 4170 899 4248 cliente,
918 4173 997 4257 quia
1009 4175 1046 4238 in
1060 4174 1216 4240 fraudem
1227 4175 1315 4258 juris
1329 4175 1440 4258 pactio
1464 4173 1553 4237 inter

375 4265 470 4362 ipsos'
481 4279 555 4343 fleri
569 4283 687 4363 posset
700 4278 742 4344 de
758 4283 863 4362 quota
874 4278 954 4357 litis,
973 4287 1007 4346 et
1020 4281 1147 4367 aliquid
1162 4302 1182 4348 a
1195 4281 1317 4348 cliente
1333 4283 1526 4366 extorqueri
1544 4301 1550 4344 :

375 4389 423 4450 ita
433 4389 490 4469 jus
503 4385 599 4451 Rom.
612 4385 723 4470 Aliqui
737 4385 794 4450 CC.
811 4388 1002 4455 extendunt
1010 4390 1053 4456 ad
1066 4391 1237 4456 medicum
1250 4396 1406 4475 respectu
1420 4390 1551 4472 aegroti,

376 4494 520 4559 durante
532 4494 630 4558 istius
639 4493 853 4576 aegritudins,
864 4497 1021 4581 quiapar,
1032 4498 1102 4564 imo
1115 4501 1226 4583 major
1237 4497 1439 4584 prohibendi
1453 4499 1549 4574 ratio,

377 4619 484 4686 quum
496 4602 623 4668 sanitas
637 4605 672 4666 et
685 4602 756 4668 1111
766 4604 988 4686 praeiersndae
1002 4606 1071 4670 sint
1087 4607 1185 4671 bonis
1199 4607 1356 4672 fortunae.
1372 4605 1423 4671 lta
1436 4605 1550 4683 etiam,

378 4729 420 4773 ex
432 4712 509 4791 jure
525 4709 619 4786 Gall,
633 4709 807 4792 judiceset
822 4729 942 4777 omnes
955 4713 1239 4794 magistratusvel
1253 4713 1414 4780 olilciales
1424 4713 1552 4778 ordinis
