3488 5568
571 581 660 630 rrsaa
681 574 806 632 raarros
827 581 1046 637 caesaraeum.
1339 565 1398 632 543
1451 611 1458 626 .

221 699 404 778 mensium,
422 703 501 786 qrria
513 705 547 766 S.
564 701 686 788 Gongr.
705 702 853 768 districte
867 703 1024 787 prohibet
1043 721 1087 768 ne
1113 695 1189 788 qui's
1211 702 1300 768 ultra
1311 703 1397 768 duos

221 825 360 874 menses
384 808 519 875 differat
539 808 710 876 celebrare
733 811 857 878 missas
881 829 944 894 pro
969 811 1092 896 quibus
1119 813 1247 896 accepit
1274 811 1398 895 stipen-

223 915 328 982 dium.

261 1023 384 1102 Hodie,
410 1044 454 1091 ex
481 1027 576 1110 praxi
602 1029 830 1094 communiter
857 1032 1011 1112 recepta,
1038 1027 1232 1094 sacerdotes
1265 1027 1398 1111 possint

221 1133 371 1216 recipere
386 1135 422 1198 in
440 1141 657 1200 antecessum
676 1137 716 1202 60
738 1135 974 1219 eleemosynas
985 1136 1180 1200 missarum.
1191 1135 1268 1200 ilsac
1282 1137 1397 1219 praxis

221 1257 291 1306 non
304 1243 407 1309 modo
422 1242 586 1308 tundatur
597 1244 634 1309 in
646 1245 710 1310 bac
725 1243 963 1320 declaratione,
981 1243 1042 1307 sed
1057 1243 1161 1309 etiam
1175 1244 1210 1307 in
1225 1261 1396 1309 consensu

221 1349 440 1416 offerentium
463 1351 714 1434 eleemosynas,
736 1351 816 1434 quia
838 1349 898 1416 illa
917 1349 1033 1416 dilatio
1055 1351 1202 1416 duorum
1225 1353 1397 1416 mensium

220 1461 274 1522 est
285 1457 387 1523 bodie
402 1462 484 1524 nota
498 1460 658 1524 omnibus
671 1461 743 1524 lere
754 1461 962 1543 petentibus.
985 1513 986 1516 η

259 1565 293 1630 3⁰
310 1566 445 1632 Minime
467 1567 610 1632 dubium
634 1571 697 1646 est,
720 1567 802 1652 quiin
821 1569 934 1651 majus
949 1569 1112 1652 temporis
1126 1569 1275 1652 spatium
1289 1569 1398 1651 possit

220 1674 359 1740 concedi
375 1675 638 1758 apraebentibus
658 1674 828 1758 stipendia
843 1695 851 1738 :
869 1679 1085 1758 quapropter,
1111 1675 1139 1739 si
1161 1677 1203 1740 de
1227 1693 1397 1741 consensu

220 1801 396 1866 expresso,
414 1783 526 1859 tacito,
543 1782 600 1849 vel
614 1783 718 1848 etiam
738 1789 948 1867 praesnmpto
970 1783 1191 1849 offerentium
1212 1789 1396 1861 constaret,

219 1891 377 1956 sacerdos
387 1891 647 1974 differreposset
656 1891 746 1956 ultra
760 1891 1002 1956 duosmenses.
1014 1890 1151 1975 Siquis,
1164 1911 1196 1956 v.
1210 1911 1256 1974 g.,
1270 1893 1398 1976 stipen-

219 1997 273 2062 dia
288 1999 347 2062 loo
357 1998 541 2064 missarum
556 1998 653 2063 daret
666 1998 766 2064 aliem
776 1985 955 2076 sacerdoti,
964 1999 1082 2082 utipse
1094 1999 1399 2082 applicetlruotum

220 2109 372 2175 sacrificii
391 2111 435 2175 ad
458 2110 686 2177 intentionem
702 2111 826 2188 dantis,
850 2111 951 2177 tacito
973 2129 1145 2178 consensu
1168 2112 1278 2189 istius,
1295 2111 1397 2176 latius

219 2219 384 2300 temporis
399 2219 547 2302 spatium
564 2217 820 2284 concederetur.

259 2329 307 2394 Ex
329 2329 435 2396 altera
450 2336 557 2414 parte,
583 2330 741 2396 sacerdos
763 2330 945 2416 aliquando
968 2349 1039 2398 non
1059 2336 1177 2415 posset
1199 2331 1397 2416 protrahere

219 2437 482 2504 celebrationem
495 2438 538 2504 ad
551 2439 638 2506 duos
659 2458 809 2518 menses,
827 2441 906 2505 nisi
919 2459 982 2524 pro
1004 2459 1108 2506 causa
1126 2445 1283 2526 urgente,
1303 2457 1336 2504 v.
1361 2457 1394 2520 g.

219 2568 280 2632 pro
294 2551 505 2631 agonisante,
522 2569 584 2634 pro
598 2551 688 2616 felici
701 2549 823 2615 itinere
838 2569 921 2615 mox
934 2551 1139 2634 incipiendo,
1159 2555 1343 2634 peteretur.
1359 2549 1396 2612 ln

218 2657 283 2723 hoc
296 2677 377 2724 casu
392 2659 600 2743 stipendium
616 2677 687 2724 uon
702 2657 801 2724 datur
813 2659 877 2723 nisi
893 2657 1029 2723 subhac
1042 2657 1248 2735 conditione,
1260 2663 1299 2721 ut
1314 2664 1397 2721 tem-

218 2785 300 2850 pore
326 2773 518 2851 opportuno
547 2767 750 2832 sacrificium
774 2767 963 2832 offeratur:
985 2765 1130 2831 mortale
1150 2771 1241 2831 esset
1259 2765 1396 2829 dilierre

218 2880 293 2958 post
305 2880 452 2940 mortem
464 2875 520 2942 vel
542 2875 690 2941 reditum
712 2875 902 2953 abitinere,
920 2879 955 2940 et
968 2873 1176 2957 stipendium
1191 2879 1283 2938 esset
1295 2873 1394 2936 resti-

218 2983 395 3049 tuendum.

569 3096 572 3101 ’
692 3121 851 3185 suario
880 3121 923 3183 11.

573 3279 621 3332 De
636 3279 818 3334 missuum
833 3277 1039 3332 reductione.
1136 3253 1138 3258 ¹

257 3443 352 3513 Nora.
370 3443 661 3528 Potestdistingui
678 3445 834 3520 cessatio,
851 3443 1030 3509 diminutio
1042 3443 1215 3507 fructuum
1231 3443 1395 3523 tanquam

218 3571 330 3632 causa,
360 3559 394 3618 et
421 3553 573 3619 reductio
597 3553 711 3619 oneris
735 3553 919 3618 missarum
946 3555 1110 3634 tanquam
1135 3549 1277 3615 effectus
1304 3546 1394 3610 illius

217 3661 416 3726 cessationis
431 3665 491 3726 aut
506 3659 750 3726 diminutionis.

291 3851 312 3903 i.
329 3853 368 3905 De
382 3851 540 3906 cessatione
555 3851 584 3905 st
597 3849 788 3904 diminutione
805 3849 950 3903 tractuum
965 3847 1001 3901 ad
1015 3847 1118 3901 missas
1132 3843 1318 3902 celebrandos

690 3930 920 3984 constitutorum.

258 4069 290 4151 a)
314 4065 365 4130 Ad
386 4065 613 4130 cessationem
634 4061 725 4147 quod
748 4061 880 4138 attinet,
907 4059 1072 4143 quaeritur
1096 4077 1141 4124 an
1155 4058 1391 4124 deficientibus

216 4175 364 4241 totaliter
383 4173 548 4240 fructibus
567 4170 749 4254 assignetis
769 4187 830 4252 pro
845 4167 970 4246 missis,
986 4173 1099 4234 cesset
1111 4168 1215 4232 etiam
1229 4165 1391 4248 obligatio
1507 4193 1512 4205 ·

215 4283 432 4349 celebrandi?

253 4395 285 4457 1⁰
298 4392 332 4458 Si
347 4393 437 4457 bona
458 4408 520 4475 pro
543 4389 657 4455 missis
678 4387 796 4455 relicta
817 4403 860 4453 ex
887 4391 961 4452 toto
982 4383 1147 4470 perierint
1170 4384 1298 4467 absque
1323 4382 1392 4447 ulla

213 4499 313 4584 culpa
340 4498 501 4575 ecclesiae,
527 4497 727 4564 monasterii
749 4499 810 4560 aut
836 4493 977 4576 praelati,
1005 4497 1117 4558 cessat
1142 4489 1304 4572 obligatio
1332 4509 1390 4556 eas

214 4608 371 4692 legendi:
385 4609 433 4674 ita
446 4606 638 4673 communis
653 4604 833 4679 sententia,
850 4619 926 4686 quae
939 4601 1093 4685 pluribus
1107 4597 1390 4665 declarationibus

217 4716 454 4799 SacraeCongr.
468 4715 582 4791 donc,
600 4713 800 4797 speciatimi
809 4713 883 4793 jun.
903 4705 1389 4788 1687,8aag.1705,iuitoon-
