3498 5572
576 641 664 690 traua
684 643 810 688 runrrus
831 640 1053 688 orcnrramuu.
1346 619 1408 687 119

222 775 251 822 c.
269 759 309 822 iti
322 757 364 822 de
375 758 534 840 lienum„
551 759 678 826 scilicet
694 782 701 825 ε
717 760 926 826 couscientia
950 759 1102 824 criminis
1122 759 1214 842 quod
1227 757 1409 842 impediret

223 843 480 932 exsecutionem
507 869 621 948 officii,
648 869 803 936 debilitas
823 869 975 954 corporis
995 886 1071 952 quse
1100 869 1204 933 etiam
1227 866 1408 952 impediret

223 978 424 1045 exercitium
452 977 555 1044 officii
584 976 786 1062 pastoralis,
821 977 974 1043 defectus
1004 975 1155 1042 scientim
1183 973 1404 1052 necessarie,

222 1084 351 1150 malitie
373 1087 409 1150 in
434 1084 544 1168 plebe,
572 1104 678 1168 grave
702 1084 902 1152 scandalum
921 1082 1310 1168 popuii,·irregularitas
1328 1101 1406 1168 per·

223 1211 317 1258 sonae
333 1193 617 1278 indispensabiiis.
644 1193 746 1260 Extra
768 1195 832 1260 bos
855 1211 955 1260 casus
975 1211 1047 1258 non
1066 1191 1165 1270 solet,
1192 1209 1257 1257 neo
1275 1191 1315 1256 de
1327 1193 1406 1275 jure

223 1301 336 1380 debet,
353 1301 433 1387 quia
454 1319 524 1368 non
535 1301 720 1368 haberetur
734 1302 821 1368 ratio
834 1301 1007 1368 subiciens
1022 1299 1217 1366 resolvendi
1231 1298 1406 1364 vinculum

221 1414 312 1479 inter
326 1415 523 1499 episcopum
537 1419 572 1480 et
584 1433 683 1480 suam
702 1415 890 1480 ecclesiam.

261 1523 293 1586 9⁶
308 1521 372 1585 ltili
386 1523 494 1587 curati
509 1527 544 1586 et
557 1521 749 1587 beneficiati
764 1521 956 1599 saeculares,
976 1539 1074 1586 secus
1097 1537 1136 1585 ac
1154 1519 1314 1604 episcopi,
1335 1536 1406 1587 non

221 1635 381 1694 arcentur
394 1632 437 1696 eb
450 1631 608 1714 ingressu
624 1629 815 1713 religionis3
840 1631 900 1695 sed
918 1631 1024 1696 libere
1044 1629 1190 1695 transire
1203 1631 1349 1712 possunt
1363 1627 1406 1691 ad

221 1737 407 1818 regulares,
431 1738 534 1804 etism
549 1741 708 1823 episcopo
723 1757 787 1804 suo
800 1738 1081 1804 contradicente:
1098 1737 1146 1802 ita
1159 1735 1283 1800 Urban.
1298 1733 1352 1810 lll,
1370 1735 1404 1798 in

222 1845 370 1923 decreto,
385 1863 460 1911 con.
479 1847 509 1922 7,
524 1863 626 1912 causa
636 1847 687 1923 19,
704 1865 735 1930 q.
752 1845 904 1911 2.—-Sed
918 1865 963 1910 sn
977 1849 1162 1910 teneantur
1173 1847 1290 1927 petere
1302 1841 1406 1906 licen-

222 1953 303 2016 tiam
316 1953 359 2018 ab
374 1955 544 2037 episcopo,
566 1972 637 2018 non
656 1953 877 2018 consentiunt
890 1952 948 2017 cc.
970 1953 1072 2018 Juxta
1090 1952 1223 2036 aliquos
1250 1956 1405 2014 teneren-

222 2066 286 2136 tur,
311 2061 433 2126 saitem
448 2064 476 2126 si
488 2063 617 2128 hobeut
630 2081 749 2128 curam
762 2063 956 2128 animarum
967 2083 975 2140 ;
988 2064 1088 2146 juxto
1095 2059 1191 2136 aiios,
1202 2077 1273 2123 non
1290 2063 1405 2122 tenen·
1470 2079 1482 2096 ·

221 2175 287 2243 tur,
305 2169 438 2234 etiamsi
462 2171 570 2235 curati
591 2171 676 2248 sint;
699 2171 825 2235 suflicit
838 2175 877 2234 ut
899 2176 976 2254 post
990 2169 1186 2252 ingressum
1201 2166 1405 2230 denuntient

220 2275 358 2340 iactum.
457 2343 460 2352 ,
1451 2263 1453 2274 ”

260 2385 294 2446 3ο
311 2383 366 2448 An
388 2385 474 2450 sicut
495 2383 536 2450 od
551 2393 735 2470 parentum
758 2387 1010 2451 neccessitatem
1030 2383 1134 2468 fillius,
1162 2385 1211 2448 itu
1234 2385 1338 2447 etium
1365 2381 1405 2444 ob

221 2491 455 2556 necessitatem
475 2493 628 2576 fratrum
649 2501 682 2558 et
704 2511 857 2558 roronem
877 2496 990 2577 frater
1010 2491 1269 2576 impediaturob
1296 2493 1407 2582 lepre-4

222 2599 347 2664 diendo
361 2600 546 2685 relipione?
571 2637 610 2648 —
637 2601 736 2686 Resp.
752 2602 997 2685 distinguitur:
1022 2601 1051 2666 si
1075 2601 1198 2666 iratres
1215 2604 1250 2664 et
1269 2615 1405 2664 sorores

220 2709 394 2790 patiantur
407 2715 598 2776 extremam
612 2711 864 2790 necessitatem,
880 2711 986 2776 frater
1005 2711 1143 2775 differre
1159 2709 1261 2775 debet
1273 2709 1406 2790 ingres-

222 2833 299 2886 κω
319 2815 504 2899 religionis.
532 2817 631 2883 listio
654 2823 717 2897 est,
740 2823 814 2882 tum
834 2819 914 2902 quia
939 2817 1055 2884 dilatio
1083 2817 1140 2882 illa
1163 2821 1406 2900 compensatur

222 2924 380 2994 exercitio
395 2926 579 3002 charitatis,
596 2931 671 2991 tum
683 2927 763 3011 quis
776 2927 850 2991 haec
869 2926 985 2992 dilatio
1007 2926 1127 3012 nequit
1141 2926 1197 2990 diu
1219 2925 1352 2990 durare.
1370 2925 1404 2988 Sl

221 3031 396 3114 patiantur
409 3037 543 3098 tantum
561 3051 706 3116 gravem
727 3034 979 3110 necessitatem,
1005 3034 1109 3098 etiam
1128 3037 1303 3098 teneretur
1322 3049 1404 3095 casu
1531 3054 1534 3062 ’

221 3157 301 3222 quo,
319 3141 362 3206 ob
381 3141 532 3226 inopiam
553 3143 673 3225 patris,
698 3143 941 3208 necessitatem
962 3141 1057 3207 iilam
1071 3146 1289 3226 paterentur3
1305 3157 1404 3204 secus

200 3289 201 3292 =
221 3267 291 3314 non
311 3255 486 3317 teneretur
497 3253 602 3324 freter
618 3272 626 3316 ε
642 3253 690 3319 ita
701 3253 894 3322 communis
908 3252 1089 3318 sententia.

411 3444 444 3494 ll.
461 3442 622 3498 Novitiatus
632 3443 768 3510 promitti
784 3443 870 3497 debet
882 3441 1050 3508 professioni
1064 3441 1210 3509 religiose.

260 3579 292 3657 a)
309 3576 411 3640 Recta
428 3577 525 3656 ratio,
547 3595 617 3642 non
640 3579 756 3646 minus
777 3595 817 3644 sc
843 3573 1005 3644 constans
1028 3576 1184 3642 Ecclesiae
1214 3573 1400 3660 disciplina,

219 3684 327 3763 exigit
340 3689 379 3747 ut
392 3685 468 3768 quis
480 3688 609 3749 statum
623 3683 823 3766 religiosum
838 3703 909 3750 non
922 3689 1085 3760 assumat,
1097 3683 1164 3748 nisi
1176 3688 1254 3768 post
1263 3683 1403 3764 longam

220 3792 477 3873 probationem
499 3797 750 3882 verumtamen,
767 3798 846 3862 ante
861 3792 1043 3860 concilium
1058 3793 1219 3868 Trident,
1236 3792 1402 3876 professio

220 3897 377 3978 neglecto
391 3901 530 3983 penitus
544 3901 712 3967 novitiatu
728 3905 801 3966 crat
814 3901 936 3970 valida.
954 3899 1020 3965 Sed
1033 3899 1135 3966 hodie

260 4003 308 4068 Ex
321 4023 415 4072 conc.
432 4007 519 4072 Trid.
538 4009 634 4092 (sess.
650 4009 701 4086 td,
715 4027 744 4073 c.
761 4009 810 4084 15,
823 4009 864 4074 de
875 4007 1020 4098 depuli,
1033 4009 1136 4072 unius
1150 4009 1230 4073 suni
1247 4008 1402 4092 probatio

219 4113 380 4195 praemitti
403 4113 505 4180 debet
527 4115 730 4200 professioni
747 4115 937 4198 religiosae3
954 4135 1052 4182 secus
1077 4115 1135 4180 illa
1155 4116 1322 4200 professio
1350 4119 1404 4179 est

220 4217 346 4285 nullius
360 4221 486 4287 valoris
499 4243 507 4300 ;
521 4225 656 4290 stratio
670 4223 717 4289 sic
732 4224 904 4290 statuendi
920 4229 972 4290 est
985 4225 1188 4308 iustissima,
1213 4229 1251 4287 ut
1275 4222 1403 4288 scilicet

221 4329 368 4394 novitius
380 4331 593 4415 disciplinam
607 4333 686 4399 vitre
709 4333 877 4416 regularis
893 4333 1036 4417 experiri
1060 4333 1180 4418 possit,
1201 4337 1236 4396 et
1249 4332 1401 4398 vicissim

219 4441 467 4504 monasterium
504 4441 697 4526 perspicere
736 4443 849 4508 valcat
877 4461 991 4508 mores
1026 4448 1061 4508 et
1088 4441 1239 4508 indolem
1265 4441 1397 4506 novitii.

218 4545 448 4621 Quamobrem
463 4551 599 4633 tempus
618 4550 858 4616 mathematice
873 4555 1092 4634 computatur
1106 4551 1148 4615 de
1163 4553 1340 4615 momento
1363 4549 1399 4614 in

218 4658 445 4732 momentum,
462 4655 510 4721 ita
524 4655 615 4722 utin
638 4675 729 4724 anno
743 4659 910 4724 bissextili
933 4658 1163 4745 computanda
1187 4659 1230 4724 sit
1244 4657 1302 4723 ills
1323 4659 1396 4723 dies

220 4779 295 4845 quae
309 4768 476 4845 superest,
494 4781 537 4830 ex
551 4763 583 4830 S.
600 4765 767 4849 congreg.
783 4765 883 4834 (lonc.
900 4768 920 4832 a
929 4767 1006 4851 Juiii
1025 4767 1115 4845 1617,
1135 4771 1198 4833 etc.
1215 4766 1395 4843 Praeterea,
